<?xml version="1.0" encoding="UTF-8"?>
<!DOCTYPE html PUBLIC "-//W3C//DTD XHTML 1.0 Transitional//EN"
    "http://www.w3.org/TR/xhtml1/DTD/xhtml1-transitional.dtd">
<html xmlns="http://www.w3.org/1999/xhtml" xml:lang="en" lang="en">
 <head>
  <title>
</title>
<meta http-equiv="Content-Type" content="text/html;charset=utf-8" />
  <meta name='ocr-system' content='tesseract 3.04.00' />
  <meta name='ocr-capabilities' content='ocr_page ocr_carea ocr_par ocr_line ocrx_word'/>
</head>
<body>
  <div class='ocr_page' id='page_1' title='image "./operaomniaiussui01thom_0412.png"; bbox 0 0 2788 4204; ppageno 0'>
   <div class='ocr_carea' id='block_1_1' title="bbox 38 1795 255 1877">
    <p class='ocr_par' dir='ltr' id='par_1_1' title="bbox 38 1795 255 1877">
     <span class='ocr_line' id='line_1_1' title="bbox 42 1795 255 1823; baseline -0.005 -6"><span class='ocrx_word' id='word_1_1' title='bbox 42 1797 51 1805; x_wconf 81' lang='lat'>‘¹</span> <span class='ocrx_word' id='word_1_2' title='bbox 64 1795 137 1817; x_wconf 84' lang='lat' dir='ltr'>Codd.</span> <span class='ocrx_word' id='word_1_3' title='bbox 147 1807 156 1811; x_wconf 99' lang='lat'>-</span> <span class='ocrx_word' id='word_1_4' title='bbox 165 1801 255 1823; x_wconf 67' lang='lat' dir='ltr'>pzpro-</span> 
     </span>
     <span class='ocr_line' id='line_1_2' title="bbox 38 1822 254 1850; baseline -0.009 -6"><span class='ocrx_word' id='word_1_5' title='bbox 38 1823 145 1850; x_wconf 79' lang='lat' dir='ltr'>posita...</span> <span class='ocrx_word' id='word_1_6' title='bbox 155 1822 254 1849; x_wconf 81' lang='lat' dir='ltr'>tangit.-</span> 
     </span>
     <span class='ocr_line' id='line_1_3' title="bbox 40 1850 233 1877; baseline 0 -7"><span class='ocrx_word' id='word_1_7' title='bbox 40 1856 66 1870; x_wconf 74' lang='lat' dir='ltr'>A:</span> <span class='ocrx_word' id='word_1_8' title='bbox 77 1850 133 1877; x_wconf 80' lang='lat' dir='ltr'>agit</span> <span class='ocrx_word' id='word_1_9' title='bbox 141 1850 233 1870; x_wconf 82' lang='lat' dir='ltr'><strong><em>auctor.</em></strong></span> 
     </span>
    </p>
   </div>
   <div class='ocr_carea' id='block_1_2' title="bbox 44 1960 254 1987">
    <p class='ocr_par' dir='ltr' id='par_1_2' title="bbox 44 1960 254 1987">
     <span class='ocr_line' id='line_1_4' title="bbox 44 1960 254 1987; baseline -0.005 -5"><span class='ocrx_word' id='word_1_10' title='bbox 44 1962 52 1970; x_wconf 76' lang='lat'>⁸</span> <span class='ocrx_word' id='word_1_11' title='bbox 64 1960 126 1982; x_wconf 79' lang='lat' dir='ltr'>Lect.</span> <span class='ocrx_word' id='word_1_12' title='bbox 142 1966 184 1987; x_wconf 82' lang='lat' dir='ltr'>vu,</span> <span class='ocrx_word' id='word_1_13' title='bbox 202 1966 224 1981; x_wconf 92' lang='lat' dir='ltr'>n.</span> <span class='ocrx_word' id='word_1_14' title='bbox 234 1966 254 1981; x_wconf 90' lang='lat'>2.</span> 
     </span>
    </p>
   </div>
   <div class='ocr_carea' id='block_1_3' title="bbox 44 2166 194 2187">
    <p class='ocr_par' dir='ltr' id='par_1_3' title="bbox 44 2166 194 2187">
     <span class='ocr_line' id='line_1_5' title="bbox 44 2166 194 2187; baseline -0.007 0"><span class='ocrx_word' id='word_1_15' title='bbox 44 2167 51 2175; x_wconf 93' lang='grc'><strong>”</strong></span> <span class='ocrx_word' id='word_1_16' title='bbox 62 2172 87 2187; x_wconf 73' lang='lat' dir='ltr'>A:</span> <span class='ocrx_word' id='word_1_17' title='bbox 103 2166 194 2186; x_wconf 86' lang='lat' dir='ltr'>contra.</span> 
     </span>
    </p>
   </div>
   <div class='ocr_carea' id='block_1_4' title="bbox 44 2224 257 2347">
    <p class='ocr_par' dir='ltr' id='par_1_4' title="bbox 48 2224 167 2245">
     <span class='ocr_line' id='line_1_6' title="bbox 48 2224 167 2245; baseline 0 -1"><span class='ocrx_word' id='word_1_18' title='bbox 48 2224 110 2245; x_wconf 78' lang='lat' dir='ltr'>Lect.</span> <span class='ocrx_word' id='word_1_19' title='bbox 122 2229 167 2244; x_wconf 83' lang='lat' dir='ltr'>xm.</span> 
     </span>
    </p>

    <p class='ocr_par' dir='ltr' id='par_1_5' title="bbox 44 2272 257 2347">
     <span class='ocr_line' id='line_1_7' title="bbox 45 2272 256 2297; baseline 0 -4"><span class='ocrx_word' id='word_1_20' title='bbox 45 2274 53 2281; x_wconf 82' lang='lat'>¹</span> <span class='ocrx_word' id='word_1_21' title='bbox 62 2278 97 2293; x_wconf 76' lang='lat' dir='ltr'>nc:</span> <span class='ocrx_word' id='word_1_22' title='bbox 107 2272 256 2297; x_wconf 82' lang='lat' dir='ltr'>determinat,-</span> 
     </span>
     <span class='ocr_line' id='line_1_8' title="bbox 44 2298 257 2329; baseline -0.005 -9"><span class='ocrx_word' id='word_1_23' title='bbox 44 2302 65 2320; x_wconf 88' lang='lat' dir='ltr'>et</span> <span class='ocrx_word' id='word_1_24' title='bbox 85 2298 143 2329; x_wconf 74' lang='lat' dir='ltr'>infra</span> <span class='ocrx_word' id='word_1_25' title='bbox 167 2305 220 2320; x_wconf 83' lang='lat' dir='ltr'>curn</span> <span class='ocrx_word' id='word_1_26' title='bbox 243 2306 257 2320; x_wconf 76' lang='grc' dir='ltr'><strong>Λ</strong></span> 
     </span>
     <span class='ocr_line' id='line_1_9' title="bbox 44 2327 256 2347; baseline 0 -1"><span class='ocrx_word' id='word_1_27' title='bbox 44 2327 256 2347; x_wconf 76' lang='lat' dir='ltr'>omittunttantum.</span> 
     </span>
    </p>
   </div>
   <div class='ocr_carea' id='block_1_5' title="bbox 44 2379 182 2401">
    <p class='ocr_par' dir='ltr' id='par_1_6' title="bbox 44 2379 182 2401">
     <span class='ocr_line' id='line_1_10' title="bbox 44 2379 182 2401; baseline -0.007 0"><span class='ocrx_word' id='word_1_28' title='bbox 44 2380 52 2388; x_wconf 71' lang='lat'><em>²</em></span> <span class='ocrx_word' id='word_1_29' title='bbox 64 2379 126 2401; x_wconf 86' lang='lat' dir='ltr'>Lect.</span> <span class='ocrx_word' id='word_1_30' title='bbox 144 2385 182 2401; x_wconf 81' lang='lat' dir='ltr'>x11.</span> 
     </span>
    </p>
   </div>
   <div class='ocr_carea' id='block_1_6' title="bbox 47 2647 163 2669">
    <p class='ocr_par' dir='ltr' id='par_1_7' title="bbox 47 2647 163 2669">
     <span class='ocr_line' id='line_1_11' title="bbox 47 2647 163 2669; baseline 0 -1"><span class='ocrx_word' id='word_1_31' title='bbox 47 2649 55 2657; x_wconf 87' lang='grc'>·</span> <span class='ocrx_word' id='word_1_32' title='bbox 66 2647 127 2669; x_wconf 88' lang='lat' dir='ltr'>Lect.</span> <span class='ocrx_word' id='word_1_33' title='bbox 142 2654 163 2668; x_wconf 86' lang='lat' dir='ltr'>x.</span> 
     </span>
    </p>
   </div>
   <div class='ocr_carea' id='block_1_7' title="bbox 50 3074 260 3128">
    <p class='ocr_par' dir='ltr' id='par_1_8' title="bbox 50 3074 260 3128">
     <span class='ocr_line' id='line_1_12' title="bbox 77 3074 260 3100; baseline -0.005 -5"><span class='ocrx_word' id='word_1_34' title='bbox 77 3075 85 3082; x_wconf 87' lang='lat'><strong>‘</strong></span> <span class='ocrx_word' id='word_1_35' title='bbox 102 3074 164 3095; x_wconf 85' lang='lat' dir='ltr'>Lect.</span> <span class='ocrx_word' id='word_1_36' title='bbox 183 3079 260 3100; x_wconf 82' lang='lat' dir='ltr'>praec.</span> 
     </span>
     <span class='ocr_line' id='line_1_13' title="bbox 50 3106 122 3128; baseline -0.014 -6"><span class='ocrx_word' id='word_1_37' title='bbox 50 3107 75 3122; x_wconf 92' lang='lat' dir='ltr'>n.</span> <span class='ocrx_word' id='word_1_38' title='bbox 92 3106 122 3128; x_wconf 86' lang='lat'>¹9·</span> 
     </span>
    </p>
   </div>
   <div class='ocr_carea' id='block_1_8' title="bbox 286 238 336 272">
    <p class='ocr_par' dir='ltr' id='par_1_9' title="bbox 286 238 336 272">
     <span class='ocr_line' id='line_1_14' title="bbox 286 238 336 272; baseline 0 -10"><span class='ocrx_word' id='word_1_39' title='bbox 286 238 336 272; x_wconf 88' lang='lat'>42</span> 
     </span>
    </p>
   </div>
   <div class='ocr_carea' id='block_1_9' title="bbox 1049 227 1715 266">
    <p class='ocr_par' dir='ltr' id='par_1_10' title="bbox 1049 227 1715 266">
     <span class='ocr_line' id='line_1_15' title="bbox 1049 227 1715 266; baseline -0.002 -1"><span class='ocrx_word' id='word_1_40' title='bbox 1049 228 1167 266; x_wconf 88' lang='lat' dir='ltr'>PERI</span> <span class='ocrx_word' id='word_1_41' title='bbox 1199 227 1546 263; x_wconf 88' lang='lat' dir='ltr'>HERMENEIAS</span> <span class='ocrx_word' id='word_1_42' title='bbox 1577 229 1670 265; x_wconf 91' lang='lat' dir='ltr'>LIB.</span> <span class='ocrx_word' id='word_1_43' title='bbox 1703 230 1715 264; x_wconf 95' lang='lat' dir='ltr'>I</span> 
     </span>
    </p>
   </div>
   <div class='ocr_carea' id='block_1_10' title="bbox 432 395 2342 571">
    <p class='ocr_par' dir='ltr' id='par_1_11' title="bbox 432 395 2342 571">
     <span class='ocr_line' id='line_1_16' title="bbox 1105 395 1667 453; baseline 0.005 -3"><span class='ocrx_word' id='word_1_44' title='bbox 1105 395 1406 451; x_wconf 92' lang='lat' dir='ltr'>LECTIO</span> <span class='ocrx_word' id='word_1_45' title='bbox 1445 398 1667 453; x_wconf 90' lang='lat' dir='ltr'><strong>NONA</strong></span> 
     </span>
     <span class='ocr_line' id='line_1_17' title="bbox 432 524 2342 571; baseline 0.003 -7"><span class='ocrx_word' id='word_1_46' title='bbox 432 526 515 565; x_wconf 85' lang='lat' dir='ltr'>DE</span> <span class='ocrx_word' id='word_1_47' title='bbox 549 524 949 565; x_wconf 84' lang='lat' dir='ltr'><strong>OPPOSITIONE</strong></span> <span class='ocrx_word' id='word_1_48' title='bbox 983 524 1461 567; x_wconf 83' lang='lat' dir='ltr'>AFFIRMATIONIS</span> <span class='ocrx_word' id='word_1_49' title='bbox 1496 527 1574 567; x_wconf 87' lang='lat' dir='ltr'>ET</span> <span class='ocrx_word' id='word_1_50' title='bbox 1608 527 1981 569; x_wconf 83' lang='lat' dir='ltr'>NEGATIONIS</span> <span class='ocrx_word' id='word_1_51' title='bbox 2015 529 2342 571; x_wconf 84' lang='lat' dir='ltr'>ABSOLUTE</span> 
     </span>
    </p>
   </div>
   <div class='ocr_carea' id='block_1_11' title="bbox 281 652 1356 1014">
    <p class='ocr_par' dir='ltr' id='par_1_12' title="bbox 281 652 1356 1014">
     <span class='ocr_line' id='line_1_18' title="bbox 281 652 1356 711; baseline 0.002 -23"><span class='ocrx_word' id='word_1_52' title='bbox 281 658 377 690; x_wconf 81' lang='grc' dir='ltr'>Ἐπεὶ</span> <span class='ocrx_word' id='word_1_53' title='bbox 402 652 472 688; x_wconf 77' lang='grc' dir='ltr'>δε”</span> <span class='ocrx_word' id='word_1_54' title='bbox 457 668 530 689; x_wconf 85' lang='grc' dir='ltr'>εστι</span> <span class='ocrx_word' id='word_1_55' title='bbox 546 658 604 688; x_wconf 82' lang='grc' dir='ltr'>καὶ</span> <span class='ocrx_word' id='word_1_56' title='bbox 623 656 663 689; x_wconf 79' lang='grc' dir='ltr'>τὸ</span> <span class='ocrx_word' id='word_1_57' title='bbox 683 655 835 710; x_wconf 75' lang='grc' dir='ltr'>ὑπάρχον</span> <span class='ocrx_word' id='word_1_58' title='bbox 857 655 1104 710; x_wconf 80' lang='grc' dir='ltr'>ἀποφαίνεσθαι</span> <span class='ocrx_word' id='word_1_59' title='bbox 1121 658 1163 695; x_wconf 77' lang='grc' dir='ltr'>ὠς</span> <span class='ocrx_word' id='word_1_60' title='bbox 1182 670 1228 701; x_wconf 89' lang='grc' dir='ltr'>μη</span> <span class='ocrx_word' id='word_1_61' title='bbox 1249 658 1356 711; x_wconf 82' lang='grc' dir='ltr'>ύποίρ-</span> 
     </span>
     <span class='ocr_line' id='line_1_19' title="bbox 352 700 1353 757; baseline 0 -24"><span class='ocrx_word' id='word_1_62' title='bbox 352 713 425 747; x_wconf 77' lang='grc' dir='ltr'>χον,</span> <span class='ocrx_word' id='word_1_63' title='bbox 443 702 501 732; x_wconf 83' lang='grc' dir='ltr'>καὶ</span> <span class='ocrx_word' id='word_1_64' title='bbox 519 701 560 733; x_wconf 76' lang='grc' dir='ltr'>τὸ</span> <span class='ocrx_word' id='word_1_65' title='bbox 577 701 623 744; x_wconf 78' lang='grc' dir='ltr'><strong><em>μή</em></strong></span> <span class='ocrx_word' id='word_1_66' title='bbox 643 700 796 746; x_wconf 77' lang='grc' dir='ltr'>ὑπάρχον</span> <span class='ocrx_word' id='word_1_67' title='bbox 817 702 857 739; x_wconf 82' lang='grc' dir='ltr'>ὠς</span> <span class='ocrx_word' id='word_1_68' title='bbox 864 701 1047 757; x_wconf 77' lang='grc' dir='ltr'>υποὶρχον</span> <span class='ocrx_word' id='word_1_69' title='bbox 1064 704 1121 734; x_wconf 78' lang='grc' dir='ltr'>καὶ</span> <span class='ocrx_word' id='word_1_70' title='bbox 1140 702 1181 735; x_wconf 79' lang='grc' dir='ltr'>τὸ</span> <span class='ocrx_word' id='word_1_71' title='bbox 1183 702 1353 757; x_wconf 75' lang='grc' dir='ltr'>ὑπάρχον</span> 
     </span>
     <span class='ocr_line' id='line_1_20' title="bbox 353 745 1350 802; baseline 0.003 -26"><span class='ocrx_word' id='word_1_72' title='bbox 353 748 394 783; x_wconf 85' lang='grc' dir='ltr'>ὠς</span> <span class='ocrx_word' id='word_1_73' title='bbox 428 745 598 800; x_wconf 72' lang='grc' dir='ltr'>ύποίρχον,</span> <span class='ocrx_word' id='word_1_74' title='bbox 630 748 689 777; x_wconf 84' lang='grc' dir='ltr'>καὶ</span> <span class='ocrx_word' id='word_1_75' title='bbox 715 747 756 778; x_wconf 78' lang='grc' dir='ltr'>τὸ</span> <span class='ocrx_word' id='word_1_76' title='bbox 769 758 827 801; x_wconf 82' lang='grc' dir='ltr'>μη</span> <span class='ocrx_word' id='word_1_77' title='bbox 855 745 1008 791; x_wconf 83' lang='grc' dir='ltr'>υποίρχον</span> <span class='ocrx_word' id='word_1_78' title='bbox 1034 747 1074 784; x_wconf 81' lang='grc' dir='ltr'>ὠς</span> <span class='ocrx_word' id='word_1_79' title='bbox 1101 747 1147 790; x_wconf 73' lang='grc' dir='ltr'>μή</span> <span class='ocrx_word' id='word_1_80' title='bbox 1175 746 1350 802; x_wconf 79' lang='grc' dir='ltr'>υποίρχον,</span> 
     </span>
     <span class='ocr_line' id='line_1_21' title="bbox 350 787 1350 847; baseline 0.002 -26.002"><span class='ocrx_word' id='word_1_81' title='bbox 350 791 409 821; x_wconf 87' lang='grc' dir='ltr'>καὶ</span> <span class='ocrx_word' id='word_1_82' title='bbox 434 791 507 832; x_wconf 81' lang='grc' dir='ltr'>περὶ</span> <span class='ocrx_word' id='word_1_83' title='bbox 533 790 611 828; x_wconf 77' lang='grc' dir='ltr'>τούς</span> <span class='ocrx_word' id='word_1_84' title='bbox 638 790 735 828; x_wconf 80' lang='grc' dir='ltr'>ἑκτός</span> <span class='ocrx_word' id='word_1_85' title='bbox 766 787 804 823; x_wconf 79' lang='grc' dir='ltr'>ὸέ</span> <span class='ocrx_word' id='word_1_86' title='bbox 830 803 892 823; x_wconf 87' lang='grc' dir='ltr'>του</span> <span class='ocrx_word' id='word_1_87' title='bbox 923 793 978 823; x_wconf 81' lang='grc' dir='ltr'>νῦν</span> <span class='ocrx_word' id='word_1_88' title='bbox 1003 791 1141 847; x_wconf 83' lang='grc' dir='ltr'>χρόνους</span> <span class='ocrx_word' id='word_1_89' title='bbox 1167 792 1350 834; x_wconf 77' lang='grc' dir='ltr'>ὡσαύτως,</span> 
     </span>
     <span class='ocr_line' id='line_1_22' title="bbox 354 830 1351 892; baseline 0.002 -26"><span class='ocrx_word' id='word_1_90' title='bbox 354 833 445 866; x_wconf 81' lang='grc' dir='ltr'>ἅπαν</span> <span class='ocrx_word' id='word_1_91' title='bbox 473 833 512 867; x_wconf 76' lang='grc' dir='ltr'>ἂν</span> <span class='ocrx_word' id='word_1_92' title='bbox 535 830 714 890; x_wconf 81' lang='grc' dir='ltr'>ἐνδέχοιτο</span> <span class='ocrx_word' id='word_1_93' title='bbox 738 837 797 868; x_wconf 84' lang='grc' dir='ltr'>καὶ</span> <span class='ocrx_word' id='word_1_94' title='bbox 824 837 840 868; x_wconf 98' lang='lat'>6</span> <span class='ocrx_word' id='word_1_95' title='bbox 845 836 1039 890; x_wconf 41' lang='grc' dir='ltr'>..κατέφησέ</span> <span class='ocrx_word' id='word_1_96' title='bbox 1071 849 1122 874; x_wconf 86' lang='grc' dir='ltr'>τις</span> <span class='ocrx_word' id='word_1_97' title='bbox 1151 837 1351 892; x_wconf 74' lang='grc' dir='ltr'>ἀποφῆσαι,</span> 
     </span>
     <span class='ocr_line' id='line_1_23' title="bbox 349 878 1352 936; baseline 0.004 -26"><span class='ocrx_word' id='word_1_98' title='bbox 349 881 407 910; x_wconf 85' lang='grc' dir='ltr'>καὶ</span> <span class='ocrx_word' id='word_1_99' title='bbox 433 880 448 911; x_wconf 91' lang='lat'>6</span> <span class='ocrx_word' id='word_1_100' title='bbox 476 879 628 933; x_wconf 79' lang='grc' dir='ltr'>ἀπέφησέ</span> <span class='ocrx_word' id='word_1_101' title='bbox 647 892 696 919; x_wconf 87' lang='grc' dir='ltr'>τις</span> <span class='ocrx_word' id='word_1_102' title='bbox 709 881 938 936; x_wconf 77' lang='grc' dir='ltr'>καταφῆσαι·</span> <span class='ocrx_word' id='word_1_103' title='bbox 958 880 1045 915; x_wconf 77' lang='grc' dir='ltr'>ὥστε</span> <span class='ocrx_word' id='word_1_104' title='bbox 1063 878 1195 919; x_wconf 73' lang='grc' dir='ltr'>δῆλον</span> <span class='ocrx_word' id='word_1_105' title='bbox 1185 881 1239 914; x_wconf 83' lang='grc' dir='ltr'>ότι</span> <span class='ocrx_word' id='word_1_106' title='bbox 1257 881 1352 925; x_wconf 73' lang='grc' dir='ltr'>παίσῃ</span> 
     </span>
     <span class='ocr_line' id='line_1_24' title="bbox 349 924 1352 977; baseline 0.004 -22"><span class='ocrx_word' id='word_1_107' title='bbox 349 924 546 977; x_wconf 76' lang='grc' dir='ltr'>καταφάσει</span> <span class='ocrx_word' id='word_1_108' title='bbox 577 925 668 958; x_wconf 82' lang='grc' dir='ltr'>ἐστὶν</span> <span class='ocrx_word' id='word_1_109' title='bbox 700 925 869 969; x_wconf 79' lang='grc' dir='ltr'>ἀπόφασις</span> <span class='ocrx_word' id='word_1_110' title='bbox 904 926 1139 971; x_wconf 82' lang='grc' dir='ltr'>ἀντικειμένη,</span> <span class='ocrx_word' id='word_1_111' title='bbox 1170 928 1229 959; x_wconf 84' lang='grc' dir='ltr'>καὶ</span> <span class='ocrx_word' id='word_1_112' title='bbox 1258 926 1352 969; x_wconf 80' lang='grc' dir='ltr'>παίσῃ</span> 
     </span>
     <span class='ocr_line' id='line_1_25' title="bbox 353 968 754 1014; baseline 0.003 -14"><span class='ocrx_word' id='word_1_113' title='bbox 353 968 522 1012; x_wconf 75' lang='grc' dir='ltr'>ἀποφάσει</span> <span class='ocrx_word' id='word_1_114' title='bbox 546 969 754 1014; x_wconf 69' lang='grc' dir='ltr'>κατάφασις.</span> 
     </span>
    </p>
   </div>
   <div class='ocr_carea' id='block_1_12' title="bbox 283 1013 1352 1102">
    <p class='ocr_par' dir='ltr' id='par_1_13' title="bbox 283 1013 1352 1102">
     <span class='ocr_line' id='line_1_26' title="bbox 283 1013 1352 1060; baseline 0.001 -15"><span class='ocrx_word' id='word_1_115' title='bbox 283 1015 348 1046; x_wconf 84' lang='grc' dir='ltr'>Καὶ</span> <span class='ocrx_word' id='word_1_116' title='bbox 375 1013 461 1046; x_wconf 83' lang='grc' dir='ltr'>ἔστω</span> <span class='ocrx_word' id='word_1_117' title='bbox 489 1014 666 1059; x_wconf 82' lang='grc' dir='ltr'>ἀντίφασις</span> <span class='ocrx_word' id='word_1_118' title='bbox 692 1016 811 1048; x_wconf 80' lang='grc' dir='ltr'>τοῦτο·</span> <span class='ocrx_word' id='word_1_119' title='bbox 830 1015 1025 1060; x_wconf 74' lang='grc' dir='ltr'>κατάφασις</span> <span class='ocrx_word' id='word_1_120' title='bbox 1051 1018 1109 1048; x_wconf 85' lang='grc' dir='ltr'>καὶ</span> <span class='ocrx_word' id='word_1_121' title='bbox 1129 1014 1297 1059; x_wconf 79' lang='grc' dir='ltr'>ἀπόφασις</span> <span class='ocrx_word' id='word_1_122' title='bbox 1318 1018 1352 1047; x_wconf 81' lang='grc' dir='ltr'>αἱ</span> 
     </span>
     <span class='ocr_line' id='line_1_27' title="bbox 352 1057 594 1102; baseline -0.004 -12"><span class='ocrx_word' id='word_1_123' title='bbox 352 1057 594 1102; x_wconf 81' lang='grc' dir='ltr'>ἀντικείμεναι.</span> 
     </span>
    </p>
   </div>
   <div class='ocr_carea' id='block_1_13' title="bbox 283 1098 1352 1240">
    <p class='ocr_par' dir='ltr' id='par_1_14' title="bbox 283 1098 1348 1240">
     <span class='ocr_line' id='line_1_28' title="bbox 283 1098 1348 1149; baseline 0 -13"><span class='ocrx_word' id='word_1_124' title='bbox 283 1104 379 1149; x_wconf 78' lang='grc' dir='ltr'>Λέγω</span> <span class='ocrx_word' id='word_1_125' title='bbox 404 1098 442 1135; x_wconf 72' lang='grc' dir='ltr'>’δέ</span> <span class='ocrx_word' id='word_1_126' title='bbox 469 1105 583 1136; x_wconf 77' lang='grc' dir='ltr'>ἀντικε</span> <span class='ocrx_word' id='word_1_127' title='bbox 571 1102 678 1136; x_wconf 61' lang='grc' dir='ltr'>εἴσθαι</span> <span class='ocrx_word' id='word_1_128' title='bbox 704 1116 767 1141; x_wconf 80' lang='grc' dir='ltr'>την</span> <span class='ocrx_word' id='word_1_129' title='bbox 793 1105 855 1136; x_wconf 79' lang='grc' dir='ltr'>τοῦ</span> <span class='ocrx_word' id='word_1_130' title='bbox 882 1105 992 1137; x_wconf 80' lang='grc' dir='ltr'>αὐτοῦ</span> <span class='ocrx_word' id='word_1_131' title='bbox 1016 1117 1112 1138; x_wconf 84' lang='grc' dir='ltr'>κατα</span> <span class='ocrx_word' id='word_1_132' title='bbox 1138 1105 1199 1137; x_wconf 78' lang='grc' dir='ltr'>τοῦ</span> <span class='ocrx_word' id='word_1_133' title='bbox 1226 1104 1348 1145; x_wconf 83' lang='grc' dir='ltr'>αυτοῦ,</span> 
     </span>
     <span class='ocr_line' id='line_1_29' title="bbox 349 1144 1352 1226; baseline 0.001 -46"><span class='ocrx_word' id='word_1_134' title='bbox 349 1148 396 1226; x_wconf 59' lang='grc' dir='ltr'>Ξ-νὶ</span> <span class='ocrx_word' id='word_1_135' title='bbox 416 1149 596 1192; x_wconf 77' lang='grc' dir='ltr'>ὁμωνύμως</span> <span class='ocrx_word' id='word_1_136' title='bbox 614 1144 665 1190; x_wconf 73' lang='grc' dir='ltr'>δέ,</span> <span class='ocrx_word' id='word_1_137' title='bbox 691 1151 748 1181; x_wconf 89' lang='grc' dir='ltr'>καὶ</span> <span class='ocrx_word' id='word_1_138' title='bbox 768 1148 832 1181; x_wconf 77' lang='grc' dir='ltr'>ὅσα</span> <span class='ocrx_word' id='word_1_139' title='bbox 852 1149 940 1181; x_wconf 84' lang='grc' dir='ltr'>ἄλλα</span> <span class='ocrx_word' id='word_1_140' title='bbox 966 1151 1031 1182; x_wconf 84' lang='grc' dir='ltr'>τῶν</span> <span class='ocrx_word' id='word_1_141' title='bbox 1058 1149 1225 1183; x_wconf 84' lang='grc' dir='ltr'>τοιούτων</span> <span class='ocrx_word' id='word_1_142' title='bbox 1251 1161 1352 1193; x_wconf 87' lang='grc' dir='ltr'>προσ-</span> 
     </span>
     <span class='ocr_line' id='line_1_30' title="bbox 372 1193 1213 1240; baseline 0.001 -16"><span class='ocrx_word' id='word_1_143' title='bbox 372 1193 563 1239; x_wconf 82' lang='grc' dir='ltr'>ιοριζόμεθα</span> <span class='ocrx_word' id='word_1_144' title='bbox 589 1194 669 1238; x_wconf 78' lang='grc' dir='ltr'>πρὸς</span> <span class='ocrx_word' id='word_1_145' title='bbox 694 1206 757 1232; x_wconf 83' lang='grc' dir='ltr'>τας</span> <span class='ocrx_word' id='word_1_146' title='bbox 783 1194 979 1237; x_wconf 68' lang='grc' dir='ltr'>σοφιστικὰς</span> <span class='ocrx_word' id='word_1_147' title='bbox 1007 1193 1213 1240; x_wconf 78' lang='grc' dir='ltr'>ἑνοχλήσεις.</span> 
     </span>
    </p>
   </div>
   <div class='ocr_carea' id='block_1_14' title="bbox 282 1292 1356 1728">
    <p class='ocr_par' dir='ltr' id='par_1_15' title="bbox 282 1292 1356 1728">
     <span class='ocr_line' id='line_1_31' title="bbox 344 1292 1352 1329; baseline -0.001 -9"><span class='ocrx_word' id='word_1_148' title='bbox 344 1293 493 1320; x_wconf 72' lang='grc' dir='ltr'>ΞΥΝοΡςῐς.</span> <span class='ocrx_word' id='word_1_149' title='bbox 512 1309 546 1312; x_wconf 93' lang='grc'>-</span> <span class='ocrx_word' id='word_1_150' title='bbox 568 1302 590 1320; x_wconf 89' lang='lat'>1.</span> <span class='ocrx_word' id='word_1_151' title='bbox 606 1293 714 1320; x_wconf 90' lang='lat' dir='ltr'>Textus</span> <span class='ocrx_word' id='word_1_152' title='bbox 729 1292 866 1320; x_wconf 87' lang='lat' dir='ltr'>divisio.-</span> <span class='ocrx_word' id='word_1_153' title='bbox 884 1300 910 1319; x_wconf 86' lang='lat'>2.</span> <span class='ocrx_word' id='word_1_154' title='bbox 930 1292 1027 1320; x_wconf 85' lang='lat' dir='ltr'>Prima</span> <span class='ocrx_word' id='word_1_155' title='bbox 1048 1292 1196 1320; x_wconf 83' lang='lat' dir='ltr'>diversitas</span> <span class='ocrx_word' id='word_1_156' title='bbox 1218 1292 1352 1329; x_wconf 87' lang='lat' dir='ltr'>proposi-</span> 
     </span>
     <span class='ocr_line' id='line_1_32' title="bbox 283 1331 1350 1370; baseline -0.001 -9"><span class='ocrx_word' id='word_1_157' title='bbox 283 1332 369 1361; x_wconf 85' lang='lat' dir='ltr'>tionis</span> <span class='ocrx_word' id='word_1_158' title='bbox 392 1339 434 1360; x_wconf 87' lang='lat' dir='ltr'>est</span> <span class='ocrx_word' id='word_1_159' title='bbox 455 1342 489 1360; x_wconf 85' lang='lat' dir='ltr'>ex</span> <span class='ocrx_word' id='word_1_160' title='bbox 515 1341 567 1360; x_wconf 83' lang='lat' dir='ltr'>sua</span> <span class='ocrx_word' id='word_1_161' title='bbox 585 1333 706 1370; x_wconf 84' lang='lat' dir='ltr'>sorm&#39;a,</span> <span class='ocrx_word' id='word_1_162' title='bbox 732 1341 789 1369; x_wconf 92' lang='lat' dir='ltr'>qua</span> <span class='ocrx_word' id='word_1_163' title='bbox 815 1332 984 1360; x_wconf 90' lang='lat' dir='ltr'>enunciatur</span> <span class='ocrx_word' id='word_1_164' title='bbox 1008 1331 1117 1368; x_wconf 91' lang='lat' dir='ltr'>aliquid</span> <span class='ocrx_word' id='word_1_165' title='bbox 1139 1342 1200 1360; x_wconf 87' lang='lat' dir='ltr'>esse</span> <span class='ocrx_word' id='word_1_166' title='bbox 1229 1333 1274 1360; x_wconf 93' lang='lat' dir='ltr'>vel</span> <span class='ocrx_word' id='word_1_167' title='bbox 1295 1342 1350 1360; x_wconf 90' lang='lat' dir='ltr'>non</span> 
     </span>
     <span class='ocr_line' id='line_1_33' title="bbox 283 1371 1350 1408; baseline -0.002 -7"><span class='ocrx_word' id='word_1_168' title='bbox 283 1383 361 1407; x_wconf 86' lang='lat' dir='ltr'>esse;</span> <span class='ocrx_word' id='word_1_169' title='bbox 375 1373 463 1401; x_wconf 87' lang='lat' dir='ltr'>altera</span> <span class='ocrx_word' id='word_1_170' title='bbox 478 1372 625 1400; x_wconf 89' lang='lat' dir='ltr'>diversitas</span> <span class='ocrx_word' id='word_1_171' title='bbox 641 1378 683 1400; x_wconf 89' lang='lat' dir='ltr'>est</span> <span class='ocrx_word' id='word_1_172' title='bbox 697 1381 748 1408; x_wconf 90' lang='lat' dir='ltr'>per</span> <span class='ocrx_word' id='word_1_173' title='bbox 762 1372 1011 1408; x_wconf 87' lang='lat' dir='ltr'>comparationem</span> <span class='ocrx_word' id='word_1_174' title='bbox 1026 1373 1063 1400; x_wconf 90' lang='lat' dir='ltr'>ad</span> <span class='ocrx_word' id='word_1_175' title='bbox 1079 1381 1141 1399; x_wconf 90' lang='lat' dir='ltr'>rem</span> <span class='ocrx_word' id='word_1_176' title='bbox 1157 1371 1350 1407; x_wconf 90' lang='lat' dir='ltr'>enunciatam,</span> 
     </span>
     <span class='ocr_line' id='line_1_34' title="bbox 283 1411 1352 1450; baseline -0.002 -9"><span class='ocrx_word' id='word_1_177' title='bbox 283 1422 317 1441; x_wconf 87' lang='lat' dir='ltr'>ex</span> <span class='ocrx_word' id='word_1_178' title='bbox 341 1422 399 1450; x_wconf 88' lang='lat' dir='ltr'>qua</span> <span class='ocrx_word' id='word_1_179' title='bbox 419 1412 580 1449; x_wconf 85' lang='lat' dir='ltr'>propositio</span> <span class='ocrx_word' id='word_1_180' title='bbox 602 1419 645 1439; x_wconf 85' lang='lat' dir='ltr'>est</span> <span class='ocrx_word' id='word_1_181' title='bbox 667 1421 737 1440; x_wconf 86' lang='lat' dir='ltr'>vera</span> <span class='ocrx_word' id='word_1_182' title='bbox 758 1412 801 1439; x_wconf 88' lang='lat' dir='ltr'>vel</span> <span class='ocrx_word' id='word_1_183' title='bbox 822 1412 984 1449; x_wconf 63' lang='lat' dir='ltr'>falsa-3.</span> <span class='ocrx_word' id='word_1_184' title='bbox 1006 1413 1084 1448; x_wconf 86' lang='lat' dir='ltr'>Ergo</span> <span class='ocrx_word' id='word_1_185' title='bbox 1106 1418 1232 1448; x_wconf 88' lang='lat' dir='ltr'>quatuor</span> <span class='ocrx_word' id='word_1_186' title='bbox 1257 1411 1352 1439; x_wconf 90' lang='lat' dir='ltr'>modis</span> 
     </span>
     <span class='ocr_line' id='line_1_35' title="bbox 283 1451 1352 1489; baseline -0.001 -9"><span class='ocrx_word' id='word_1_187' title='bbox 283 1452 385 1481; x_wconf 88' lang='lat' dir='ltr'>variari</span> <span class='ocrx_word' id='word_1_188' title='bbox 406 1459 501 1489; x_wconf 84' lang='lat' dir='ltr'>potest</span> <span class='ocrx_word' id='word_1_189' title='bbox 523 1452 686 1480; x_wconf 90' lang='lat' dir='ltr'>enunciatio</span> <span class='ocrx_word' id='word_1_190' title='bbox 708 1458 739 1480; x_wconf 90' lang='lat' dir='ltr'>ut</span> <span class='ocrx_word' id='word_1_191' title='bbox 761 1451 796 1479; x_wconf 88' lang='lat' dir='ltr'>sit</span> <span class='ocrx_word' id='word_1_192' title='bbox 817 1452 860 1479; x_wconf 92' lang='lat' dir='ltr'>vel</span> <span class='ocrx_word' id='word_1_193' title='bbox 882 1451 1051 1479; x_wconf 86' lang='lat' dir='ltr'>affirmativa</span> <span class='ocrx_word' id='word_1_194' title='bbox 1066 1458 1093 1479; x_wconf 89' lang='lat' dir='ltr'>et</span> <span class='ocrx_word' id='word_1_195' title='bbox 1114 1460 1181 1479; x_wconf 89' lang='lat' dir='ltr'>vera</span> <span class='ocrx_word' id='word_1_196' title='bbox 1196 1452 1286 1488; x_wconf 89' lang='lat' dir='ltr'>(quod</span> <span class='ocrx_word' id='word_1_197' title='bbox 1301 1457 1352 1485; x_wconf 84' lang='lat' dir='ltr'>est,</span> 
     </span>
     <span class='ocr_line' id='line_1_36' title="bbox 284 1491 1353 1529; baseline -0.003 -8"><span class='ocrx_word' id='word_1_198' title='bbox 284 1493 377 1529; x_wconf 83' lang='lat' dir='ltr'>esse),·</span> <span class='ocrx_word' id='word_1_199' title='bbox 397 1493 441 1520; x_wconf 90' lang='lat' dir='ltr'>vel</span> <span class='ocrx_word' id='word_1_200' title='bbox 463 1492 594 1529; x_wconf 85' lang='lat' dir='ltr'>negativa</span> <span class='ocrx_word' id='word_1_201' title='bbox 615 1498 642 1519; x_wconf 90' lang='lat' dir='ltr'>et</span> <span class='ocrx_word' id='word_1_202' title='bbox 662 1501 729 1519; x_wconf 87' lang='lat' dir='ltr'>vera</span> <span class='ocrx_word' id='word_1_203' title='bbox 751 1492 841 1528; x_wconf 82' lang='lat' dir='ltr'>(quod</span> <span class='ocrx_word' id='word_1_204' title='bbox 862 1501 917 1519; x_wconf 90' lang='lat' dir='ltr'>non</span> <span class='ocrx_word' id='word_1_205' title='bbox 941 1497 998 1525; x_wconf 80' lang='lat' dir='ltr'>est,</span> <span class='ocrx_word' id='word_1_206' title='bbox 1022 1501 1077 1519; x_wconf 90' lang='lat' dir='ltr'>non</span> <span class='ocrx_word' id='word_1_207' title='bbox 1098 1492 1190 1528; x_wconf 81' lang='lat' dir='ltr'>esse);</span> <span class='ocrx_word' id='word_1_208' title='bbox 1211 1491 1255 1519; x_wconf 92' lang='lat' dir='ltr'>vel</span> <span class='ocrx_word' id='word_1_209' title='bbox 1277 1491 1353 1519; x_wconf 83' lang='lat' dir='ltr'>affir-</span> 
     </span>
     <span class='ocr_line' id='line_1_37' title="bbox 283 1530 1354 1569; baseline -0.002 -9"><span class='ocrx_word' id='word_1_210' title='bbox 283 1532 389 1561; x_wconf 91' lang='lat' dir='ltr'>mativa</span> <span class='ocrx_word' id='word_1_211' title='bbox 403 1539 431 1560; x_wconf 91' lang='lat' dir='ltr'>et</span> <span class='ocrx_word' id='word_1_212' title='bbox 444 1532 514 1560; x_wconf 88' lang='lat' dir='ltr'>falsa</span> <span class='ocrx_word' id='word_1_213' title='bbox 536 1532 626 1569; x_wconf 86' lang='lat' dir='ltr'>(quod</span> <span class='ocrx_word' id='word_1_214' title='bbox 648 1541 702 1559; x_wconf 89' lang='lat' dir='ltr'>non</span> <span class='ocrx_word' id='word_1_215' title='bbox 725 1537 776 1564; x_wconf 84' lang='lat' dir='ltr'>est,</span> <span class='ocrx_word' id='word_1_216' title='bbox 799 1531 891 1567; x_wconf 88' lang='lat' dir='ltr'>esse);</span> <span class='ocrx_word' id='word_1_217' title='bbox 912 1531 955 1559; x_wconf 91' lang='lat' dir='ltr'>vel</span> <span class='ocrx_word' id='word_1_218' title='bbox 977 1530 1108 1568; x_wconf 83' lang='lat' dir='ltr'>negativa</span> <span class='ocrx_word' id='word_1_219' title='bbox 1130 1538 1157 1558; x_wconf 93' lang='lat' dir='ltr'>et</span> <span class='ocrx_word' id='word_1_220' title='bbox 1178 1531 1249 1559; x_wconf 89' lang='lat' dir='ltr'>falsa</span> <span class='ocrx_word' id='word_1_221' title='bbox 1264 1532 1354 1568; x_wconf 86' lang='lat' dir='ltr'>(quod</span> 
     </span>
     <span class='ocr_line' id='line_1_38' title="bbox 283 1568 1354 1616; baseline -0.002 -16"><span class='ocrx_word' id='word_1_222' title='bbox 283 1578 334 1607; x_wconf 81' lang='lat' dir='ltr'>est,</span> <span class='ocrx_word' id='word_1_223' title='bbox 358 1582 413 1600; x_wconf 87' lang='lat' dir='ltr'>non</span> <span class='ocrx_word' id='word_1_224' title='bbox 436 1572 521 1608; x_wconf 87' lang='lat' dir='ltr'>esse).</span> <span class='ocrx_word' id='word_1_225' title='bbox 529 1581 587 1616; x_wconf 87' lang='lat'>-4</span> <span class='ocrx_word' id='word_1_226' title='bbox 603 1572 676 1599; x_wconf 86' lang='lat' dir='ltr'>Esse</span> <span class='ocrx_word' id='word_1_227' title='bbox 697 1572 741 1599; x_wconf 90' lang='lat' dir='ltr'>vel</span> <span class='ocrx_word' id='word_1_228' title='bbox 763 1580 818 1599; x_wconf 90' lang='lat' dir='ltr'>non</span> <span class='ocrx_word' id='word_1_229' title='bbox 848 1580 911 1599; x_wconf 81' lang='lat' dir='ltr'>esse</span> <span class='ocrx_word' id='word_1_230' title='bbox 933 1580 1007 1607; x_wconf 90' lang='lat' dir='ltr'>quae</span> <span class='ocrx_word' id='word_1_231' title='bbox 1033 1568 1216 1599; x_wconf 87' lang='lat' dir='ltr'>affirmantur</span> <span class='ocrx_word' id='word_1_232' title='bbox 1236 1571 1280 1599; x_wconf 90' lang='lat' dir='ltr'>vel</span> <span class='ocrx_word' id='word_1_233' title='bbox 1304 1580 1354 1599; x_wconf 89' lang='lat' dir='ltr'>ne—</span> 
     </span>
     <span class='ocr_line' id='line_1_39' title="bbox 282 1611 1354 1649; baseline -0.002 -9"><span class='ocrx_word' id='word_1_234' title='bbox 282 1619 386 1649; x_wconf 85' lang='lat' dir='ltr'>gantur</span> <span class='ocrx_word' id='word_1_235' title='bbox 400 1612 430 1640; x_wconf 93' lang='lat' dir='ltr'>in</span> <span class='ocrx_word' id='word_1_236' title='bbox 440 1611 639 1648; x_wconf 84' lang='lat' dir='ltr'>propositione</span> <span class='ocrx_word' id='word_1_237' title='bbox 654 1621 715 1639; x_wconf 92' lang='lat' dir='ltr'>non</span> <span class='ocrx_word' id='word_1_238' title='bbox 732 1611 824 1639; x_wconf 90' lang='lat' dir='ltr'>solam</span> <span class='ocrx_word' id='word_1_239' title='bbox 840 1611 1024 1639; x_wconf 81' lang='lat' dir='ltr'>existentiam</span> <span class='ocrx_word' id='word_1_240' title='bbox 1039 1611 1083 1638; x_wconf 89' lang='lat' dir='ltr'>vel</span> <span class='ocrx_word' id='word_1_241' title='bbox 1097 1620 1152 1638; x_wconf 89' lang='lat' dir='ltr'>non</span> <span class='ocrx_word' id='word_1_242' title='bbox 1169 1611 1354 1639; x_wconf 84' lang='lat' dir='ltr'>existentiam</span> 
     </span>
     <span class='ocr_line' id='line_1_40' title="bbox 283 1650 1355 1689; baseline -0.001 -9"><span class='ocrx_word' id='word_1_243' title='bbox 283 1652 401 1680; x_wconf 91' lang='lat' dir='ltr'>subiecti</span> <span class='ocrx_word' id='word_1_244' title='bbox 417 1651 586 1689; x_wconf 85' lang='lat' dir='ltr'>significant,</span> <span class='ocrx_word' id='word_1_245' title='bbox 602 1651 652 1679; x_wconf 88' lang='lat' dir='ltr'>sed</span> <span class='ocrx_word' id='word_1_246' title='bbox 668 1651 760 1679; x_wconf 86' lang='lat' dir='ltr'>inesse</span> <span class='ocrx_word' id='word_1_247' title='bbox 775 1651 819 1678; x_wconf 90' lang='lat' dir='ltr'>vel</span> <span class='ocrx_word' id='word_1_248' title='bbox 835 1660 891 1678; x_wconf 89' lang='lat' dir='ltr'>non</span> <span class='ocrx_word' id='word_1_249' title='bbox 907 1651 1001 1679; x_wconf 87' lang='lat' dir='ltr'>inesse</span> <span class='ocrx_word' id='word_1_250' title='bbox 1015 1650 1171 1687; x_wconf 87' lang='lat' dir='ltr'>praedicati</span> <span class='ocrx_word' id='word_1_251' title='bbox 1186 1651 1355 1679; x_wconf 85' lang='lat' dir='ltr'>subiecto.—</span> 
     </span>
     <span class='ocr_line' id='line_1_41' title="bbox 284 1690 1356 1728; baseline -0.001 -8"><span class='ocrx_word' id='word_1_252' title='bbox 284 1693 309 1720; x_wconf 89' lang='lat'>5.</span> <span class='ocrx_word' id='word_1_253' title='bbox 322 1693 453 1727; x_wconf 87' lang='lat' dir='ltr'>Quatuor</span> <span class='ocrx_word' id='word_1_254' title='bbox 473 1691 644 1728; x_wconf 86' lang='lat' dir='ltr'>praecitatae</span> <span class='ocrx_word' id='word_1_255' title='bbox 659 1690 836 1719; x_wconf 84' lang='lat' dir='ltr'>differentiae</span> <span class='ocrx_word' id='word_1_256' title='bbox 857 1690 887 1718; x_wconf 88' lang='lat' dir='ltr'>in</span> <span class='ocrx_word' id='word_1_257' title='bbox 902 1690 1152 1719; x_wconf 87' lang='lat' dir='ltr'>enunciationibus</span> <span class='ocrx_word' id='word_1_258' title='bbox 1171 1690 1356 1719; x_wconf 86' lang='lat' dir='ltr'>inveniuntur</span> 
     </span>
    </p>
   </div>
   <div class='ocr_carea' id='block_1_15' title="bbox 484 1784 1351 1848">
    <p class='ocr_par' dir='ltr' id='par_1_16' title="bbox 484 1784 1351 1848">
     <span class='ocr_line' id='line_1_42' title="bbox 484 1784 1351 1848; baseline 0.001 -28"><span class='ocrx_word' id='word_1_259' title='bbox 484 1803 493 1811; x_wconf 81' lang='lat'><strong>·</strong></span> <span class='ocrx_word' id='word_1_260' title='bbox 502 1808 523 1848; x_wconf 42' lang='grc' dir='ltr'>,ζ</span> <span class='ocrx_word' id='word_1_261' title='bbox 548 1784 642 1821; x_wconf 91' lang='lat' dir='ltr'>osita</span> <span class='ocrx_word' id='word_1_262' title='bbox 659 1784 845 1821; x_wconf 89' lang='lat' dir='ltr'>divisione</span> <span class='ocrx_word' id='word_1_263' title='bbox 861 1784 1146 1831; x_wconf 73' lang='lat' dir='ltr'>enunciafionis,</span> <span class='ocrx_word' id='word_1_264' title='bbox 1168 1785 1229 1821; x_wconf 88' lang='lat' dir='ltr'>hie</span> <span class='ocrx_word' id='word_1_265' title='bbox 1243 1784 1351 1832; x_wconf 80' lang='lat' dir='ltr'>agit*</span> 
     </span>
    </p>
   </div>
   <div class='ocr_carea' id='block_1_16' title="bbox 283 1891 1360 3274">
    <p class='ocr_par' dir='ltr' id='par_1_17' title="bbox 283 1891 1357 2898">
     <span class='ocr_line' id='line_1_43' title="bbox 492 1891 1352 1939; baseline 0 -11"><span class='ocrx_word' id='word_1_266' title='bbox 492 1893 501 1907; x_wconf 78' lang='grc'>”“</span> <span class='ocrx_word' id='word_1_267' title='bbox 520 1928 531 1939; x_wconf 41' lang='lat' dir='ltr'><strong><em>s</em></strong></span> <span class='ocrx_word' id='word_1_268' title='bbox 548 1891 687 1928; x_wconf 87' lang='lat' dir='ltr'>scilicet</span> <span class='ocrx_word' id='word_1_269' title='bbox 715 1891 978 1928; x_wconf 85' lang='lat' dir='ltr'>affirmationis</span> <span class='ocrx_word' id='word_1_270' title='bbox 1005 1899 1041 1928; x_wconf 88' lang='lat' dir='ltr'>et</span> <span class='ocrx_word' id='word_1_271' title='bbox 1060 1891 1280 1939; x_wconf 82' lang='lat' dir='ltr'>negationis.</span> <span class='ocrx_word' id='word_1_272' title='bbox 1303 1892 1352 1928; x_wconf 89' lang='lat' dir='ltr'>Et</span> 
     </span>
     <span class='ocr_line' id='line_1_44' title="bbox 480 1935 1352 1994; baseline -0.003 -10"><span class='ocrx_word' id='word_1_273' title='bbox 480 1935 530 1984; x_wconf 19' lang='lat' dir='ltr'>Ati!</span> <span class='ocrx_word' id='word_1_274' title='bbox 549 1944 637 1994; x_wconf 90' lang='lat' dir='ltr'>quia</span> <span class='ocrx_word' id='word_1_275' title='bbox 679 1945 985 1982; x_wconf 87' lang='lat' dir='ltr'>enunciationem</span> <span class='ocrx_word' id='word_1_276' title='bbox 1031 1957 1114 1982; x_wconf 90' lang='lat' dir='ltr'>esse</span> <span class='ocrx_word' id='word_1_277' title='bbox 1162 1944 1352 1981; x_wconf 46' lang='lat' dir='ltr'>dixerat*</span> 
     </span>
     <span class='ocr_line' id='line_1_45' title="bbox 285 1998 1349 2047; baseline -0.001 -12"><span class='ocrx_word' id='word_1_278' title='bbox 285 1999 515 2045; x_wconf 81' lang='lat' dir='ltr'>orationem,</span> <span class='ocrx_word' id='word_1_279' title='bbox 537 1998 574 2035; x_wconf 87' lang='lat' dir='ltr'>in</span> <span class='ocrx_word' id='word_1_280' title='bbox 595 2010 670 2047; x_wconf 89' lang='lat' dir='ltr'>qua</span> <span class='ocrx_word' id='word_1_281' title='bbox 691 2006 746 2035; x_wconf 90' lang='lat' dir='ltr'>est</span> <span class='ocrx_word' id='word_1_282' title='bbox 764 2011 902 2035; x_wconf 90' lang='lat' dir='ltr'>verum</span> <span class='ocrx_word' id='word_1_283' title='bbox 930 1999 993 2035; x_wconf 88' lang='lat' dir='ltr'>vel</span> <span class='ocrx_word' id='word_1_284' title='bbox 1023 1998 1180 2044; x_wconf 83' lang='lat' dir='ltr'>falsum,</span> <span class='ocrx_word' id='word_1_285' title='bbox 1210 1998 1349 2047; x_wconf 82' lang='lat' dir='ltr'>primo,</span> 
     </span>
     <span class='ocr_line' id='line_1_46' title="bbox 284 2051 1352 2100; baseline -0.001 -11"><span class='ocrx_word' id='word_1_286' title='bbox 284 2052 447 2089; x_wconf 91' lang='lat' dir='ltr'>ostendit</span> <span class='ocrx_word' id='word_1_287' title='bbox 466 2052 624 2100; x_wconf 89' lang='lat' dir='ltr'>qualiter</span> <span class='ocrx_word' id='word_1_288' title='bbox 653 2051 936 2088; x_wconf 89' lang='lat' dir='ltr'>enunciationes</span> <span class='ocrx_word' id='word_1_289' title='bbox 960 2051 1009 2088; x_wconf 93' lang='lat' dir='ltr'>ad</span> <span class='ocrx_word' id='word_1_290' title='bbox 1037 2051 1202 2088; x_wconf 92' lang='lat' dir='ltr'>invicem</span> <span class='ocrx_word' id='word_1_291' title='bbox 1232 2064 1352 2100; x_wconf 91' lang='lat' dir='ltr'>oppo-</span> 
     </span>
     <span class='ocr_line' id='line_1_47' title="bbox 283 2105 1352 2153; baseline -0.001 -11"><span class='ocrx_word' id='word_1_292' title='bbox 283 2113 436 2151; x_wconf 91' lang='lat' dir='ltr'>nantur;</span> <span class='ocrx_word' id='word_1_293' title='bbox 470 2105 652 2151; x_wconf 84' lang='lat' dir='ltr'>secundo,</span> <span class='ocrx_word' id='word_1_294' title='bbox 674 2112 807 2141; x_wconf 90' lang='lat' dir='ltr'>movet</span> <span class='ocrx_word' id='word_1_295' title='bbox 832 2105 1041 2153; x_wconf 88' lang='lat' dir='ltr'>quamdam</span> <span class='ocrx_word' id='word_1_296' title='bbox 1076 2105 1352 2142; x_wconf 89' lang='lat' dir='ltr'>dubitationem</span> 
     </span>
     <span class='ocr_line' id='line_1_48' title="bbox 285 2158 1353 2208; baseline 0 -13"><span class='ocrx_word' id='word_1_297' title='bbox 285 2159 381 2196; x_wconf 89' lang='lat' dir='ltr'>circa</span> <span class='ocrx_word' id='word_1_298' title='bbox 396 2159 416 2180; x_wconf 79' lang='lat'>&#39;¹‘</span> <span class='ocrx_word' id='word_1_299' title='bbox 438 2158 782 2207; x_wconf 90' lang='lat' dir='ltr'>praedeterminata</span> <span class='ocrx_word' id='word_1_300' title='bbox 807 2166 843 2194; x_wconf 90' lang='lat' dir='ltr'>et</span> <span class='ocrx_word' id='word_1_301' title='bbox 863 2158 991 2203; x_wconf 83' lang='lat' dir='ltr'>solvit3</span> <span class='ocrx_word' id='word_1_302' title='bbox 1017 2158 1089 2195; x_wconf 90' lang='lat' dir='ltr'>ibi:</span> <span class='ocrx_word' id='word_1_303' title='bbox 1111 2159 1157 2194; x_wconf 92' lang='lat' dir='ltr'>In</span> <span class='ocrx_word' id='word_1_304' title='bbox 1179 2159 1236 2195; x_wconf 87' lang='lat' dir='ltr'>his</span> <span class='ocrx_word' id='word_1_305' title='bbox 1259 2170 1353 2208; x_wconf 86' lang='lat' dir='ltr'>ergo</span> 
     </span>
     <span class='ocr_line' id='line_1_49' title="bbox 284 2211 1353 2261; baseline -0.001 -12"><span class='ocrx_word' id='word_1_306' title='bbox 284 2224 380 2261; x_wconf 86' lang='lat' dir='ltr'>quae</span> <span class='ocrx_word' id='word_1_307' title='bbox 404 2218 545 2249; x_wconf 86' lang='lat' dir='ltr'>suntet</span> <span class='ocrx_word' id='word_1_308' title='bbox 571 2213 788 2261; x_wconf 85' lang='lat' dir='ltr'>quaefacta</span> <span class='ocrx_word' id='word_1_309' title='bbox 816 2217 904 2248; x_wconf 87' lang='lat' dir='ltr'>sunt</span> <span class='ocrx_word' id='word_1_310' title='bbox 918 2212 938 2233; x_wconf 86' lang='grc'><strong>*</strong></span> <span class='ocrx_word' id='word_1_311' title='bbox 963 2219 1032 2248; x_wconf 84' lang='lat' dir='ltr'>etc.</span> <span class='ocrx_word' id='word_1_312' title='bbox 1055 2211 1166 2248; x_wconf 88' lang='lat' dir='ltr'>Circa</span> <span class='ocrx_word' id='word_1_313' title='bbox 1183 2211 1353 2260; x_wconf 85' lang='lat' dir='ltr'>primum</span> 
     </span>
     <span class='ocr_line' id='line_1_50' title="bbox 285 2264 1354 2314; baseline 0 -12"><span class='ocrx_word' id='word_1_314' title='bbox 285 2266 361 2303; x_wconf 91' lang='lat' dir='ltr'>duo</span> <span class='ocrx_word' id='word_1_315' title='bbox 378 2266 478 2302; x_wconf 88' lang='lat' dir='ltr'>facit:</span> <span class='ocrx_word' id='word_1_316' title='bbox 500 2265 637 2314; x_wconf 84' lang='lat' dir='ltr'>primo,</span> <span class='ocrx_word' id='word_1_317' title='bbox 661 2264 824 2302; x_wconf 88' lang='lat' dir='ltr'>ostendit</span> <span class='ocrx_word' id='word_1_318' title='bbox 841 2266 860 2286; x_wconf 88' lang='grc'><em>*</em></span> <span class='ocrx_word' id='word_1_319' title='bbox 875 2265 1034 2314; x_wconf 85' lang='lat' dir='ltr'>qualiter</span> <span class='ocrx_word' id='word_1_320' title='bbox 1047 2277 1125 2301; x_wconf 91' lang='lat' dir='ltr'>una</span> <span class='ocrx_word' id='word_1_321' title='bbox 1139 2265 1354 2302; x_wconf 87' lang='lat' dir='ltr'>enunciatio</span> 
     </span>
     <span class='ocr_line' id='line_1_51' title="bbox 285 2317 1354 2368; baseline -0.001 -12"><span class='ocrx_word' id='word_1_322' title='bbox 285 2327 501 2368; x_wconf 89' lang='lat' dir='ltr'>opponatur</span> <span class='ocrx_word' id='word_1_323' title='bbox 529 2318 651 2364; x_wconf 89' lang='lat' dir='ltr'>alteri;</span> <span class='ocrx_word' id='word_1_324' title='bbox 678 2318 859 2364; x_wconf 84' lang='lat' dir='ltr'>seeundo,</span> <span class='ocrx_word' id='word_1_325' title='bbox 882 2318 1046 2355; x_wconf 90' lang='lat' dir='ltr'>ostendit</span> <span class='ocrx_word' id='word_1_326' title='bbox 1074 2317 1179 2367; x_wconf 88' lang='lat' dir='ltr'>quod</span> <span class='ocrx_word' id='word_1_327' title='bbox 1207 2326 1354 2355; x_wconf 89' lang='lat' dir='ltr'>tantum</span> 
     </span>
     <span class='ocr_line' id='line_1_52' title="bbox 284 2372 1355 2421; baseline 0 -13"><span class='ocrx_word' id='word_1_328' title='bbox 284 2385 362 2409; x_wconf 88' lang='lat' dir='ltr'>una</span> <span class='ocrx_word' id='word_1_329' title='bbox 381 2372 586 2421; x_wconf 91' lang='lat' dir='ltr'>opponitur</span> <span class='ocrx_word' id='word_1_330' title='bbox 599 2372 678 2418; x_wconf 86' lang='lat' dir='ltr'>uni;</span> <span class='ocrx_word' id='word_1_331' title='bbox 695 2372 757 2408; x_wconf 89' lang='lat' dir='ltr'>ibi:</span> <span class='ocrx_word' id='word_1_332' title='bbox 773 2372 1023 2420; x_wconf 76' lang='lat' dir='ltr'>Manifestum</span> <span class='ocrx_word' id='word_1_333' title='bbox 1039 2372 1124 2408; x_wconf 89' lang='lat' dir='ltr'>est*</span> <span class='ocrx_word' id='word_1_334' title='bbox 1139 2379 1207 2409; x_wconf 91' lang='lat' dir='ltr'>etc.</span> <span class='ocrx_word' id='word_1_335' title='bbox 1226 2372 1355 2409; x_wconf 88' lang='lat' dir='ltr'>Prima</span> 
     </span>
     <span class='ocr_line' id='line_1_53' title="bbox 286 2425 1353 2474; baseline 0 -12"><span class='ocrx_word' id='word_1_336' title='bbox 286 2433 414 2463; x_wconf 89' lang='lat' dir='ltr'>autem</span> <span class='ocrx_word' id='word_1_337' title='bbox 442 2438 529 2474; x_wconf 89' lang='lat' dir='ltr'>pars</span> <span class='ocrx_word' id='word_1_338' title='bbox 549 2431 566 2446; x_wconf 63' lang='grc' dir='ltr'>α</span> <span class='ocrx_word' id='word_1_339' title='bbox 587 2425 765 2462; x_wconf 90' lang='lat' dir='ltr'>dividitur</span> <span class='ocrx_word' id='word_1_340' title='bbox 793 2425 831 2461; x_wconf 91' lang='lat' dir='ltr'>in</span> <span class='ocrx_word' id='word_1_341' title='bbox 861 2425 955 2462; x_wconf 90' lang='lat' dir='ltr'>duas</span> <span class='ocrx_word' id='word_1_342' title='bbox 983 2432 1126 2473; x_wconf 89' lang='lat' dir='ltr'>partes:</span> <span class='ocrx_word' id='word_1_343' title='bbox 1148 2425 1185 2462; x_wconf 90' lang='lat' dir='ltr'>in</span> <span class='ocrx_word' id='word_1_344' title='bbox 1213 2425 1353 2474; x_wconf 90' lang='lat' dir='ltr'>prima,</span> 
     </span>
     <span class='ocr_line' id='line_1_54' title="bbox 287 2478 1355 2527; baseline 0 -11"><span class='ocrx_word' id='word_1_345' title='bbox 287 2478 512 2516; x_wconf 89' lang='lat' dir='ltr'>determinat</span> <span class='ocrx_word' id='word_1_346' title='bbox 541 2478 588 2515; x_wconf 89' lang='lat' dir='ltr'>de</span> <span class='ocrx_word' id='word_1_347' title='bbox 618 2478 858 2527; x_wconf 89' lang='lat' dir='ltr'>oppositione</span> <span class='ocrx_word' id='word_1_348' title='bbox 889 2478 1152 2515; x_wconf 85' lang='lat' dir='ltr'>affirmationis</span> <span class='ocrx_word' id='word_1_349' title='bbox 1179 2486 1215 2515; x_wconf 94' lang='lat' dir='ltr'>et</span> <span class='ocrx_word' id='word_1_350' title='bbox 1242 2491 1355 2527; x_wconf 89' lang='lat' dir='ltr'>nega-</span> 
     </span>
     <span class='ocr_line' id='line_1_55' title="bbox 286 2531 1355 2580; baseline 0 -11"><span class='ocrx_word' id='word_1_351' title='bbox 286 2532 397 2569; x_wconf 92' lang='lat' dir='ltr'>tionis</span> <span class='ocrx_word' id='word_1_352' title='bbox 432 2532 622 2577; x_wconf 91' lang='lat' dir='ltr'>absolute·</span> <span class='ocrx_word' id='word_1_353' title='bbox 658 2531 695 2568; x_wconf 90' lang='lat' dir='ltr'>in</span> <span class='ocrx_word' id='word_1_354' title='bbox 731 2531 918 2577; x_wconf 85' lang='lat' dir='ltr'>secunda,</span> <span class='ocrx_word' id='word_1_355' title='bbox 955 2531 1119 2568; x_wconf 89' lang='lat' dir='ltr'>ostendit</span> <span class='ocrx_word' id='word_1_356' title='bbox 1155 2532 1355 2580; x_wconf 91' lang='lat' dir='ltr'>quomodo</span> 
     </span>
     <span class='ocr_line' id='line_1_56' title="bbox 287 2584 1355 2634; baseline 0 -12"><span class='ocrx_word' id='word_1_357' title='bbox 287 2585 506 2622; x_wconf 89' lang='lat' dir='ltr'>huiusmodi</span> <span class='ocrx_word' id='word_1_358' title='bbox 528 2585 717 2634; x_wconf 91' lang='lat' dir='ltr'>oppositio</span> <span class='ocrx_word' id='word_1_359' title='bbox 740 2584 1015 2621; x_wconf 89' lang='lat' dir='ltr'>diversificatur</span> <span class='ocrx_word' id='word_1_360' title='bbox 1040 2597 1085 2620; x_wconf 83' lang='lat' dir='ltr'>ex</span> <span class='ocrx_word' id='word_1_361' title='bbox 1105 2593 1210 2633; x_wconf 87' lang='lat' dir='ltr'>parte</span> <span class='ocrx_word' id='word_1_362' title='bbox 1231 2585 1355 2622; x_wconf 89' lang='lat' dir='ltr'>subie-</span> 
     </span>
     <span class='ocr_line' id='line_1_57' title="bbox 288 2633 1355 2686; baseline -0.001 -10"><span class='ocrx_word' id='word_1_363' title='bbox 288 2639 351 2686; x_wconf 89' lang='lat' dir='ltr'>cti;</span> <span class='ocrx_word' id='word_1_364' title='bbox 373 2639 442 2676; x_wconf 90' lang='lat' dir='ltr'>ibi.</span> <span class='ocrx_word' id='word_1_365' title='bbox 468 2639 655 2680; x_wconf 86' lang='lat' dir='ltr'>Quoniam</span> <span class='ocrx_word' id='word_1_366' title='bbox 679 2643 804 2675; x_wconf 88' lang='lat' dir='ltr'>autem</span> <span class='ocrx_word' id='word_1_367' title='bbox 825 2633 942 2674; x_wconf 77' lang='lat' dir='ltr'>sunt*</span> <span class='ocrx_word' id='word_1_368' title='bbox 969 2645 1036 2674; x_wconf 89' lang='lat' dir='ltr'>etc.</span> <span class='ocrx_word' id='word_1_369' title='bbox 1058 2637 1168 2674; x_wconf 90' lang='lat' dir='ltr'>Circa</span> <span class='ocrx_word' id='word_1_370' title='bbox 1187 2638 1355 2686; x_wconf 89' lang='lat' dir='ltr'>primurn</span> 
     </span>
     <span class='ocr_line' id='line_1_58' title="bbox 288 2690 1357 2740; baseline -0.002 -10"><span class='ocrx_word' id='word_1_371' title='bbox 288 2693 365 2730; x_wconf 92' lang='lat' dir='ltr'>duo</span> <span class='ocrx_word' id='word_1_372' title='bbox 381 2692 482 2729; x_wconf 88' lang='lat' dir='ltr'>facit:</span> <span class='ocrx_word' id='word_1_373' title='bbox 512 2691 651 2740; x_wconf 84' lang='lat' dir='ltr'>primo,</span> <span class='ocrx_word' id='word_1_374' title='bbox 673 2691 837 2728; x_wconf 90' lang='lat' dir='ltr'>ostendit</span> <span class='ocrx_word' id='word_1_375' title='bbox 856 2690 961 2740; x_wconf 91' lang='lat' dir='ltr'>quod</span> <span class='ocrx_word' id='word_1_376' title='bbox 983 2690 1089 2726; x_wconf 90' lang='lat' dir='ltr'>omni</span> <span class='ocrx_word' id='word_1_377' title='bbox 1114 2691 1357 2728; x_wconf 90' lang='lat' dir='ltr'>affirmationi</span> 
     </span>
     <span class='ocr_line' id='line_1_59' title="bbox 288 2744 1355 2795; baseline -0.003 -12"><span class='ocrx_word' id='word_1_378' title='bbox 288 2753 344 2783; x_wconf 91' lang='lat' dir='ltr'>est</span> <span class='ocrx_word' id='word_1_379' title='bbox 363 2745 512 2793; x_wconf 87' lang='lat' dir='ltr'>negatio</span> <span class='ocrx_word' id='word_1_380' title='bbox 533 2744 709 2795; x_wconf 88' lang='lat' dir='ltr'>opposita</span> <span class='ocrx_word' id='word_1_381' title='bbox 729 2752 765 2781; x_wconf 92' lang='lat' dir='ltr'>et</span> <span class='ocrx_word' id='word_1_382' title='bbox 789 2757 810 2781; x_wconf 92' lang='lat' dir='ltr'>e</span> <span class='ocrx_word' id='word_1_383' title='bbox 831 2756 1039 2789; x_wconf 83' lang='lat' dir='ltr'>converso;</span> <span class='ocrx_word' id='word_1_384' title='bbox 1068 2744 1250 2791; x_wconf 81' lang='lat' dir='ltr'>secundo,</span> <span class='ocrx_word' id='word_1_385' title='bbox 1276 2756 1355 2781; x_wconf 90' lang='lat' dir='ltr'>ma-</span> 
     </span>
     <span class='ocr_line' id='line_1_60' title="bbox 287 2797 1357 2847; baseline -0.002 -11"><span class='ocrx_word' id='word_1_386' title='bbox 287 2799 435 2836; x_wconf 88' lang='lat' dir='ltr'>nifestat</span> <span class='ocrx_word' id='word_1_387' title='bbox 468 2798 749 2847; x_wconf 89' lang='lat' dir='ltr'>oppositionem</span> <span class='ocrx_word' id='word_1_388' title='bbox 785 2797 1047 2835; x_wconf 85' lang='lat' dir='ltr'>affirmationis</span> <span class='ocrx_word' id='word_1_389' title='bbox 1082 2805 1118 2834; x_wconf 92' lang='lat' dir='ltr'>et</span> <span class='ocrx_word' id='word_1_390' title='bbox 1148 2797 1357 2845; x_wconf 88' lang='lat' dir='ltr'>negationis</span> 
     </span>
     <span class='ocr_line' id='line_1_61' title="bbox 288 2851 1168 2898; baseline -0.002 -9"><span class='ocrx_word' id='word_1_391' title='bbox 288 2853 479 2898; x_wconf 80' lang='lat' dir='ltr'>absolute3</span> <span class='ocrx_word' id='word_1_392' title='bbox 500 2852 569 2888; x_wconf 92' lang='lat' dir='ltr'>ibi:</span> <span class='ocrx_word' id='word_1_393' title='bbox 589 2853 641 2888; x_wconf 90' lang='lat' dir='ltr'>Et</span> <span class='ocrx_word' id='word_1_394' title='bbox 665 2852 713 2889; x_wconf 87' lang='lat' dir='ltr'>sit</span> <span class='ocrx_word' id='word_1_395' title='bbox 737 2852 808 2888; x_wconf 86' lang='lat' dir='ltr'>hoc</span> <span class='ocrx_word' id='word_1_396' title='bbox 828 2851 1070 2888; x_wconf 84' lang='lat' dir='ltr'>contradictio</span> <span class='ocrx_word' id='word_1_397' title='bbox 1099 2858 1168 2887; x_wconf 91' lang='lat' dir='ltr'>etc.</span> 
     </span>
    </p>

    <p class='ocr_par' dir='ltr' id='par_1_18' title="bbox 289 2903 1360 3274">
     <span class='ocr_line' id='line_1_62' title="bbox 343 2903 1356 2954; baseline -0.002 -12"><span class='ocrx_word' id='word_1_398' title='bbox 343 2918 377 2943; x_wconf 92' lang='lat'>2.</span> <span class='ocrx_word' id='word_1_399' title='bbox 402 2905 518 2942; x_wconf 84' lang='lat' dir='ltr'>Circa</span> <span class='ocrx_word' id='word_1_400' title='bbox 544 2905 714 2954; x_wconf 89' lang='lat' dir='ltr'>primum</span> <span class='ocrx_word' id='word_1_401' title='bbox 743 2904 1064 2941; x_wconf 87' lang='lat' dir='ltr'>considerandum</span> <span class='ocrx_word' id='word_1_402' title='bbox 1094 2911 1150 2940; x_wconf 93' lang='lat' dir='ltr'>est</span> <span class='ocrx_word' id='word_1_403' title='bbox 1174 2903 1279 2952; x_wconf 92' lang='lat' dir='ltr'>quod</span> <span class='ocrx_word' id='word_1_404' title='bbox 1309 2903 1356 2941; x_wconf 90' lang='lat' dir='ltr'>ad</span> 
     </span>
     <span class='ocr_line' id='line_1_63' title="bbox 289 2957 1357 3007; baseline -0.003 -11"><span class='ocrx_word' id='word_1_405' title='bbox 289 2958 569 2996; x_wconf 91' lang='lat' dir='ltr'>ostendendum</span> <span class='ocrx_word' id='word_1_406' title='bbox 590 2971 704 2995; x_wconf 88' lang='lat' dir='ltr'>suum</span> <span class='ocrx_word' id='word_1_407' title='bbox 725 2957 965 3007; x_wconf 87' lang='lat' dir='ltr'>propositum</span> <span class='ocrx_word' id='word_1_408' title='bbox 981 2957 1238 3005; x_wconf 91' lang='lat' dir='ltr'>Philosophus</span> <span class='ocrx_word' id='word_1_409' title='bbox 1254 2969 1357 2994; x_wconf 88' lang='lat' dir='ltr'>assu-</span> 
     </span>
     <span class='ocr_line' id='line_1_64' title="bbox 289 3010 1357 3060; baseline -0.003 -11"><span class='ocrx_word' id='word_1_410' title='bbox 289 3012 358 3049; x_wconf 91' lang='lat' dir='ltr'>mit</span> <span class='ocrx_word' id='word_1_411' title='bbox 386 3012 577 3060; x_wconf 91' lang='lat' dir='ltr'>duplicem</span> <span class='ocrx_word' id='word_1_412' title='bbox 599 3011 856 3049; x_wconf 88' lang='lat' dir='ltr'>diversitatem</span> <span class='ocrx_word' id='word_1_413' title='bbox 878 3010 1172 3047; x_wconf 88' lang='lat' dir='ltr'>enunciationis:</span> <span class='ocrx_word' id='word_1_414' title='bbox 1194 3023 1357 3059; x_wconf 89' lang='lat' dir='ltr'>quarum</span> 
     </span>
     <span class='ocr_line' id='line_1_65' title="bbox 289 3063 1356 3114; baseline -0.002 -12"><span class='ocrx_word' id='word_1_415' title='bbox 289 3065 412 3114; x_wconf 91' lang='lat' dir='ltr'>prima</span> <span class='ocrx_word' id='word_1_416' title='bbox 439 3073 494 3102; x_wconf 89' lang='lat' dir='ltr'>est</span> <span class='ocrx_word' id='word_1_417' title='bbox 523 3077 567 3101; x_wconf 85' lang='lat' dir='ltr'>ex</span> <span class='ocrx_word' id='word_1_418' title='bbox 588 3065 669 3114; x_wconf 89' lang='lat' dir='ltr'>ipsa</span> <span class='ocrx_word' id='word_1_419' title='bbox 694 3065 818 3101; x_wconf 87' lang='lat' dir='ltr'>forma</span> <span class='ocrx_word' id='word_1_420' title='bbox 845 3065 907 3101; x_wconf 90' lang='lat' dir='ltr'>vel</span> <span class='ocrx_word' id='word_1_421' title='bbox 937 3063 1056 3101; x_wconf 91' lang='lat' dir='ltr'>modo</span> <span class='ocrx_word' id='word_1_422' title='bbox 1087 3063 1356 3110; x_wconf 88' lang='lat' dir='ltr'>enunciandi*‚</span> 
     </span>
     <span class='ocr_line' id='line_1_66' title="bbox 290 3116 1357 3166; baseline -0.002 -11"><span class='ocrx_word' id='word_1_423' title='bbox 290 3118 502 3156; x_wconf 89' lang='lat' dir='ltr'>secundum</span> <span class='ocrx_word' id='word_1_424' title='bbox 532 3119 638 3166; x_wconf 91' lang='lat' dir='ltr'>quod</span> <span class='ocrx_word' id='word_1_425' title='bbox 666 3118 808 3155; x_wconf 90' lang='lat' dir='ltr'>dictum</span> <span class='ocrx_word' id='word_1_426' title='bbox 834 3125 890 3154; x_wconf 91' lang='lat' dir='ltr'>est</span> <span class='ocrx_word' id='word_1_427' title='bbox 920 3117 1025 3166; x_wconf 93' lang='lat' dir='ltr'>quod</span> <span class='ocrx_word' id='word_1_428' title='bbox 1055 3116 1268 3154; x_wconf 83' lang='lat' dir='ltr'>enunciatio</span> <span class='ocrx_word' id='word_1_429' title='bbox 1295 3117 1357 3154; x_wconf 90' lang='lat' dir='ltr'>vel</span> 
     </span>
     <span class='ocr_line' id='line_1_67' title="bbox 291 3170 1360 3220; baseline -0.001 -12"><span class='ocrx_word' id='word_1_430' title='bbox 291 3180 346 3209; x_wconf 89' lang='lat' dir='ltr'>est</span> <span class='ocrx_word' id='word_1_431' title='bbox 393 3171 645 3218; x_wconf 88' lang='lat' dir='ltr'>affirmativa,</span> <span class='ocrx_word' id='word_1_432' title='bbox 679 3184 748 3220; x_wconf 89' lang='lat' dir='ltr'>per</span> <span class='ocrx_word' id='word_1_433' title='bbox 786 3183 902 3220; x_wconf 92' lang='lat' dir='ltr'>quam</span> <span class='ocrx_word' id='word_1_434' title='bbox 948 3170 1087 3207; x_wconf 90' lang='lat' dir='ltr'>scilicet</span> <span class='ocrx_word' id='word_1_435' title='bbox 1138 3170 1360 3207; x_wconf 86' lang='lat' dir='ltr'>enunciatur</span> 
     </span>
     <span class='ocr_line' id='line_1_68' title="bbox 291 3223 1360 3274; baseline -0.002 -12"><span class='ocrx_word' id='word_1_436' title='bbox 291 3225 431 3274; x_wconf 89' lang='lat' dir='ltr'>aliquid</span> <span class='ocrx_word' id='word_1_437' title='bbox 452 3237 544 3272; x_wconf 87' lang='lat' dir='ltr'>esse,</span> <span class='ocrx_word' id='word_1_438' title='bbox 561 3226 622 3262; x_wconf 90' lang='lat' dir='ltr'>vel</span> <span class='ocrx_word' id='word_1_439' title='bbox 643 3232 699 3262; x_wconf 89' lang='lat' dir='ltr'>est</span> <span class='ocrx_word' id='word_1_440' title='bbox 718 3224 892 3272; x_wconf 87' lang='lat' dir='ltr'>negativa</span> <span class='ocrx_word' id='word_1_441' title='bbox 911 3236 980 3273; x_wconf 90' lang='lat' dir='ltr'>per</span> <span class='ocrx_word' id='word_1_442' title='bbox 995 3236 1113 3272; x_wconf 89' lang='lat' dir='ltr'>quam</span> <span class='ocrx_word' id='word_1_443' title='bbox 1129 3223 1360 3271; x_wconf 89' lang='lat' dir='ltr'>significatur</span> 
     </span>
    </p>
   </div>
   <div class='ocr_carea' id='block_1_17' title="bbox 335 1788 546 1990">
    <p class='ocr_par' dir='ltr' id='par_1_19' title="bbox 335 1788 546 1990">
     <span class='ocr_line' id='line_1_69' title="bbox 335 1788 546 1990; baseline 0 2214"><span class='ocrx_word' id='word_1_444' title='bbox 335 1788 546 1990; x_wconf 95' lang='lat' dir='ltr'> </span> 
     </span>
    </p>
   </div>
   <div class='ocr_carea' id='block_1_18' title="bbox 292 3381 1361 3626">
    <p class='ocr_par' dir='ltr' id='par_1_20' title="bbox 292 3381 1360 3556">
     <span class='ocr_line' id='line_1_70' title="bbox 345 3381 1359 3415; baseline -0.001 -8"><span class='ocrx_word' id='word_1_445' title='bbox 345 3381 372 3415; x_wconf 89' lang='grc' dir='ltr'>α)</span> <span class='ocrx_word' id='word_1_446' title='bbox 393 3382 485 3407; x_wconf 83' lang='lat' dir='ltr'>Prima</span> <span class='ocrx_word' id='word_1_447' title='bbox 503 3385 592 3407; x_wconf 85' lang='lat' dir='ltr'>autem</span> <span class='ocrx_word' id='word_1_448' title='bbox 607 3389 675 3414; x_wconf 82' lang='lat' dir='ltr'>pars</span> <span class='ocrx_word' id='word_1_449' title='bbox 694 3387 741 3407; x_wconf 87' lang='lat' dir='ltr'>etc.</span> <span class='ocrx_word' id='word_1_450' title='bbox 761 3382 807 3406; x_wconf 88' lang='lat' dir='ltr'>Est</span> <span class='ocrx_word' id='word_1_451' title='bbox 827 3382 902 3406; x_wconf 86' lang='lat' dir='ltr'>lectio</span> <span class='ocrx_word' id='word_1_452' title='bbox 921 3382 996 3407; x_wconf 90' lang='lat' dir='ltr'>codd.</span> <span class='ocrx_word' id='word_1_453' title='bbox 1013 3396 1023 3400; x_wconf 99' lang='lat'>-</span> <span class='ocrx_word' id='word_1_454' title='bbox 1037 3382 1065 3406; x_wconf 89' lang='lat' dir='ltr'>ln</span> <span class='ocrx_word' id='word_1_455' title='bbox 1084 3382 1142 3407; x_wconf 89' lang='lat' dir='ltr'>edd.</span> <span class='ocrx_word' id='word_1_456' title='bbox 1157 3382 1235 3407; x_wconf 73' lang='lat' dir='ltr'>Pinna</span> <span class='ocrx_word' id='word_1_457' title='bbox 1250 3387 1275 3407; x_wconf 87' lang='lat' dir='ltr'>et</span> <span class='ocrx_word' id='word_1_458' title='bbox 1293 3382 1359 3406; x_wconf 88' lang='lat' dir='ltr'>Ven.</span> 
     </span>
     <span class='ocr_line' id='line_1_71' title="bbox 292 3417 1360 3449; baseline 0 -7"><span class='ocrx_word' id='word_1_459' title='bbox 292 3418 396 3449; x_wconf 80' lang='lat' dir='ltr'>legitur:</span> <span class='ocrx_word' id='word_1_460' title='bbox 406 3418 497 3449; x_wconf 84' lang='lat' dir='ltr'>prima</span> <span class='ocrx_word' id='word_1_461' title='bbox 511 3418 599 3442; x_wconf 85' lang='lat' dir='ltr'>adhuc</span> <span class='ocrx_word' id='word_1_462' title='bbox 613 3418 744 3443; x_wconf 84' lang='lat' dir='ltr'>dividitur</span> <span class='ocrx_word' id='word_1_463' title='bbox 763 3417 788 3442; x_wconf 88' lang='lat' dir='ltr'>in</span> <span class='ocrx_word' id='word_1_464' title='bbox 805 3418 880 3442; x_wconf 84' lang='lat' dir='ltr'>duas.</span> <span class='ocrx_word' id='word_1_465' title='bbox 894 3417 985 3442; x_wconf 79' lang='lat' dir='ltr'>Prt&#39;mo</span> <span class='ocrx_word' id='word_1_466' title='bbox 1005 3418 1165 3442; x_wconf 82' lang='lat' dir='ltr'>determinat</span> <span class='ocrx_word' id='word_1_467' title='bbox 1179 3422 1244 3442; x_wconf 90' lang='lat' dir='ltr'>etc...</span> <span class='ocrx_word' id='word_1_468' title='bbox 1261 3417 1360 3443; x_wconf 86' lang='lat' dir='ltr'>Secun-</span> 
     </span>
     <span class='ocr_line' id='line_1_72' title="bbox 294 3453 1360 3486; baseline 0.001 -9"><span class='ocrx_word' id='word_1_469' title='bbox 294 3453 327 3477; x_wconf 92' lang='lat' dir='ltr'>do</span> <span class='ocrx_word' id='word_1_470' title='bbox 347 3453 453 3477; x_wconf 88' lang='lat' dir='ltr'>etc.-ln</span> <span class='ocrx_word' id='word_1_471' title='bbox 468 3453 566 3477; x_wconf 84' lang='lat' dir='ltr'>eisdem</span> <span class='ocrx_word' id='word_1_472' title='bbox 581 3453 656 3478; x_wconf 81' lang='lat' dir='ltr'>etiarn</span> <span class='ocrx_word' id='word_1_473' title='bbox 671 3453 746 3478; x_wconf 86' lang='lat' dir='ltr'>codd.</span> <span class='ocrx_word' id='word_1_474' title='bbox 762 3453 882 3478; x_wconf 81' lang='lat' dir='ltr'>habetur:</span> <span class='ocrx_word' id='word_1_475' title='bbox 899 3453 924 3477; x_wconf 87' lang='lat' dir='ltr'>in</span> <span class='ocrx_word' id='word_1_476' title='bbox 939 3453 1056 3478; x_wconf 85' lang='lat' dir='ltr'>secunda</span> <span class='ocrx_word' id='word_1_477' title='bbox 1067 3457 1155 3485; x_wconf 85' lang='lat' dir='ltr'>parte.</span> <span class='ocrx_word' id='word_1_478' title='bbox 1169 3453 1188 3477; x_wconf 84' lang='lat' dir='ltr'>F</span> <span class='ocrx_word' id='word_1_479' title='bbox 1190 3453 1236 3478; x_wconf 85' lang='lat' dir='ltr'>reti</span> <span class='ocrx_word' id='word_1_480' title='bbox 1248 3453 1360 3486; x_wconf 81' lang='lat' dir='ltr'>denique</span> 
     </span>
     <span class='ocr_line' id='line_1_73' title="bbox 294 3486 1359 3522; baseline 0.001 -10"><span class='ocrx_word' id='word_1_481' title='bbox 294 3489 444 3512; x_wconf 81' lang='lat' dir='ltr'>eorumdem</span> <span class='ocrx_word' id='word_1_482' title='bbox 459 3489 532 3512; x_wconf 90' lang='lat' dir='ltr'>codd.</span> <span class='ocrx_word' id='word_1_483' title='bbox 548 3488 695 3513; x_wconf 84' lang='lat' dir='ltr'>auctoritate</span> <span class='ocrx_word' id='word_1_484' title='bbox 708 3496 794 3521; x_wconf 78' lang='lat' dir='ltr'>supra,</span> <span class='ocrx_word' id='word_1_485' title='bbox 810 3494 869 3521; x_wconf 86' lang='lat' dir='ltr'>post</span> <span class='ocrx_word' id='word_1_486' title='bbox 883 3489 1131 3520; x_wconf 80' lang='lat' dir='ltr'>praedeterminata</span> <span class='ocrx_word' id='word_1_487' title='bbox 1146 3487 1185 3521; x_wconf 89' lang='grc' dir='ltr'>(Β,</span> <span class='ocrx_word' id='word_1_488' title='bbox 1196 3486 1359 3522; x_wconf 80' lang='lat' dir='ltr'>praedicta),</span> 
     </span>
     <span class='ocr_line' id='line_1_74' title="bbox 294 3523 1216 3556; baseline 0.002 -10"><span class='ocrx_word' id='word_1_489' title='bbox 294 3523 432 3547; x_wconf 82' lang='lat' dir='ltr'>adiecimus</span> <span class='ocrx_word' id='word_1_490' title='bbox 447 3526 472 3548; x_wconf 85' lang='lat' dir='ltr'>et</span> <span class='ocrx_word' id='word_1_491' title='bbox 490 3523 568 3548; x_wconf 81' lang='lat' dir='ltr'>solvit</span> <span class='ocrx_word' id='word_1_492' title='bbox 583 3523 629 3555; x_wconf 80' lang='lat' dir='ltr'>(Ez</span> <span class='ocrx_word' id='word_1_493' title='bbox 649 3527 675 3548; x_wconf 85' lang='lat' dir='ltr'>et</span> <span class='ocrx_word' id='word_1_494' title='bbox 693 3524 771 3548; x_wconf 85' lang='lat' dir='ltr'>solvit</span> <span class='ocrx_word' id='word_1_495' title='bbox 789 3524 871 3556; x_wconf 82' lang='lat' dir='ltr'>eam);</span> <span class='ocrx_word' id='word_1_496' title='bbox 892 3531 958 3556; x_wconf 82' lang='lat' dir='ltr'>quae</span> <span class='ocrx_word' id='word_1_497' title='bbox 973 3524 1066 3548; x_wconf 87' lang='lat' dir='ltr'>desunt</span> <span class='ocrx_word' id='word_1_498' title='bbox 1086 3524 1110 3548; x_wconf 84' lang='lat' dir='ltr'>in</span> <span class='ocrx_word' id='word_1_499' title='bbox 1130 3524 1216 3548; x_wconf 75' lang='lat' dir='ltr'>Pinna.</span> 
     </span>
    </p>

    <p class='ocr_par' dir='ltr' id='par_1_21' title="bbox 294 3556 1361 3626">
     <span class='ocr_line' id='line_1_75' title="bbox 348 3556 1361 3591; baseline 0.002 -9"><span class='ocrx_word' id='word_1_500' title='bbox 348 3556 373 3590; x_wconf 83' lang='grc' dir='ltr'>β)</span> <span class='ocrx_word' id='word_1_501' title='bbox 394 3558 543 3582; x_wconf 87' lang='lat' dir='ltr'>Secundum</span> <span class='ocrx_word' id='word_1_502' title='bbox 568 3559 769 3591; x_wconf 77' lang='lat' dir='ltr'>congruentiam</span> <span class='ocrx_word' id='word_1_503' title='bbox 796 3559 834 3583; x_wconf 86' lang='lat' dir='ltr'>rei</span> <span class='ocrx_word' id='word_1_504' title='bbox 857 3564 933 3583; x_wconf 85' lang='lat' dir='ltr'>etc.-</span> <span class='ocrx_word' id='word_1_505' title='bbox 948 3559 1029 3584; x_wconf 87' lang='lat' dir='ltr'>Codd.</span> <span class='ocrx_word' id='word_1_506' title='bbox 1050 3559 1107 3583; x_wconf 86' lang='lat' dir='ltr'>DE:</span> <span class='ocrx_word' id='word_1_507' title='bbox 1131 3559 1275 3584; x_wconf 79' lang='lat' dir='ltr'>secundum</span> <span class='ocrx_word' id='word_1_508' title='bbox 1300 3566 1361 3584; x_wconf 86' lang='lat' dir='ltr'>con-</span> 
     </span>
     <span class='ocr_line' id='line_1_76' title="bbox 294 3593 1281 3626; baseline 0.002 -9"><span class='ocrx_word' id='word_1_509' title='bbox 294 3593 445 3626; x_wconf 79' lang='lat' dir='ltr'>gruentiam</span> <span class='ocrx_word' id='word_1_510' title='bbox 465 3593 501 3617; x_wconf 88' lang='lat' dir='ltr'>ad</span> <span class='ocrx_word' id='word_1_511' title='bbox 520 3600 612 3618; x_wconf 85' lang='lat' dir='ltr'>rem.—</span> <span class='ocrx_word' id='word_1_512' title='bbox 626 3594 704 3623; x_wconf 81' lang='lat' dir='ltr'>ABC:</span> <span class='ocrx_word' id='word_1_513' title='bbox 723 3594 867 3619; x_wconf 80' lang='lat' dir='ltr'>secundum</span> <span class='ocrx_word' id='word_1_514' title='bbox 885 3594 1093 3619; x_wconf 76' lang='lat' dir='ltr'>convenientiam</span> <span class='ocrx_word' id='word_1_515' title='bbox 1108 3594 1145 3619; x_wconf 85' lang='lat' dir='ltr'>ad</span> <span class='ocrx_word' id='word_1_516' title='bbox 1163 3601 1219 3619; x_wconf 90' lang='lat' dir='ltr'>rem</span> <span class='ocrx_word' id='word_1_517' title='bbox 1234 3600 1281 3619; x_wconf 89' lang='lat' dir='ltr'>etc.</span> 
     </span>
    </p>
   </div>
   <div class='ocr_carea' id='block_1_19' title="bbox 1377 1350 1385 1948">
    <p class='ocr_par' dir='ltr' id='par_1_22' title="bbox 1377 1350 1385 1948">
     <span class='ocr_line' id='line_1_77' title="bbox 1377 1350 1385 1948; baseline 0 0"><span class='ocrx_word' id='word_1_518' title='bbox 1377 1350 1385 1948; x_wconf 95' lang='lat' dir='ltr'> </span> 
     </span>
    </p>
   </div>
   <div class='ocr_carea' id='block_1_20' title="bbox 1409 660 2480 968">
    <p class='ocr_par' dir='ltr' id='par_1_23' title="bbox 1409 660 2480 968">
     <span class='ocr_line' id='line_1_78' title="bbox 1409 660 2480 706; baseline 0.006 -16"><span class='ocrx_word' id='word_1_519' title='bbox 1409 660 1426 679; x_wconf 92' lang='lat'><em>*</em></span> <span class='ocrx_word' id='word_1_520' title='bbox 1444 661 1608 698; x_wconf 86' lang='lat' dir='ltr'>Quoniam</span> <span class='ocrx_word' id='word_1_521' title='bbox 1631 669 1739 693; x_wconf 89' lang='lat' dir='ltr'>autem</span> <span class='ocrx_word' id='word_1_522' title='bbox 1763 670 1809 693; x_wconf 89' lang='lat' dir='ltr'>est</span> <span class='ocrx_word' id='word_1_523' title='bbox 1833 663 2000 694; x_wconf 87' lang='lat' dir='ltr'>enunciare</span> <span class='ocrx_word' id='word_1_524' title='bbox 2017 671 2047 695; x_wconf 87' lang='lat' dir='ltr'>et</span> <span class='ocrx_word' id='word_1_525' title='bbox 2064 665 2153 706; x_wconf 93' lang='lat' dir='ltr'>quod</span> <span class='ocrx_word' id='word_1_526' title='bbox 2172 672 2233 703; x_wconf 92' lang='lat' dir='ltr'>est,</span> <span class='ocrx_word' id='word_1_527' title='bbox 2258 675 2326 696; x_wconf 91' lang='lat' dir='ltr'>non</span> <span class='ocrx_word' id='word_1_528' title='bbox 2342 673 2424 696; x_wconf 87' lang='lat' dir='ltr'>esse:</span> <span class='ocrx_word' id='word_1_529' title='bbox 2449 672 2480 696; x_wconf 90' lang='lat' dir='ltr'>et</span> 
     </span>
     <span class='ocr_line' id='line_1_79' title="bbox 1477 706 2477 750; baseline 0.006 -15"><span class='ocrx_word' id='word_1_530' title='bbox 1477 706 1565 746; x_wconf 92' lang='lat' dir='ltr'>quod</span> <span class='ocrx_word' id='word_1_531' title='bbox 1585 716 1652 736; x_wconf 93' lang='lat' dir='ltr'>non</span> <span class='ocrx_word' id='word_1_532' title='bbox 1669 713 1725 744; x_wconf 89' lang='lat' dir='ltr'>est,</span> <span class='ocrx_word' id='word_1_533' title='bbox 1746 715 1828 737; x_wconf 88' lang='lat' dir='ltr'>esse:</span> <span class='ocrx_word' id='word_1_534' title='bbox 1845 714 1875 738; x_wconf 87' lang='lat' dir='ltr'>et</span> <span class='ocrx_word' id='word_1_535' title='bbox 1893 708 1982 748; x_wconf 92' lang='lat' dir='ltr'>quod</span> <span class='ocrx_word' id='word_1_536' title='bbox 2002 715 2058 747; x_wconf 87' lang='lat' dir='ltr'>est,</span> <span class='ocrx_word' id='word_1_537' title='bbox 2078 716 2159 739; x_wconf 88' lang='lat' dir='ltr'>esse:</span> <span class='ocrx_word' id='word_1_538' title='bbox 2181 716 2211 740; x_wconf 93' lang='lat' dir='ltr'>et</span> <span class='ocrx_word' id='word_1_539' title='bbox 2226 710 2315 750; x_wconf 93' lang='lat' dir='ltr'>quod</span> <span class='ocrx_word' id='word_1_540' title='bbox 2334 720 2400 740; x_wconf 90' lang='lat' dir='ltr'>non</span> <span class='ocrx_word' id='word_1_541' title='bbox 2420 717 2477 749; x_wconf 90' lang='lat' dir='ltr'>est,</span> 
     </span>
     <span class='ocr_line' id='line_1_80' title="bbox 1476 750 2479 794; baseline 0.006 -15"><span class='ocrx_word' id='word_1_542' title='bbox 1476 760 1542 780; x_wconf 90' lang='lat' dir='ltr'>non</span> <span class='ocrx_word' id='word_1_543' title='bbox 1560 757 1642 788; x_wconf 83' lang='lat' dir='ltr'>esse;</span> <span class='ocrx_word' id='word_1_544' title='bbox 1658 758 1688 781; x_wconf 91' lang='lat' dir='ltr'>et</span> <span class='ocrx_word' id='word_1_545' title='bbox 1703 750 1783 781; x_wconf 88' lang='lat' dir='ltr'>circa</span> <span class='ocrx_word' id='word_1_546' title='bbox 1805 761 1842 781; x_wconf 93' lang='lat' dir='ltr'>ea</span> <span class='ocrx_word' id='word_1_547' title='bbox 1865 762 1947 792; x_wconf 90' lang='lat' dir='ltr'>quae</span> <span class='ocrx_word' id='word_1_548' title='bbox 1966 759 2041 783; x_wconf 91' lang='lat' dir='ltr'>sunt</span> <span class='ocrx_word' id='word_1_549' title='bbox 2064 760 2148 783; x_wconf 87' lang='lat' dir='ltr'>extra</span> <span class='ocrx_word' id='word_1_550' title='bbox 2170 763 2317 793; x_wconf 86' lang='lat' dir='ltr'>praesens</span> <span class='ocrx_word' id='word_1_551' title='bbox 2341 761 2479 794; x_wconf 89' lang='lat' dir='ltr'>tempus,</span> 
     </span>
     <span class='ocr_line' id='line_1_81' title="bbox 1476 794 2478 838; baseline 0.006 -15"><span class='ocrx_word' id='word_1_552' title='bbox 1476 794 1618 824; x_wconf 88' lang='lat' dir='ltr'>similiter</span> <span class='ocrx_word' id='word_1_553' title='bbox 1632 805 1728 825; x_wconf 91' lang='lat' dir='ltr'>omne</span> <span class='ocrx_word' id='word_1_554' title='bbox 1743 795 1913 835; x_wconf 87' lang='lat' dir='ltr'>contingit,</span> <span class='ocrx_word' id='word_1_555' title='bbox 1928 797 2018 836; x_wconf 91' lang='lat' dir='ltr'>quod</span> <span class='ocrx_word' id='word_1_556' title='bbox 2032 797 2103 837; x_wconf 89' lang='lat' dir='ltr'>quis</span> <span class='ocrx_word' id='word_1_557' title='bbox 2118 796 2332 836; x_wconf 86' lang='lat' dir='ltr'>affirmaverit,</span> <span class='ocrx_word' id='word_1_558' title='bbox 2348 809 2478 838; x_wconf 87' lang='lat' dir='ltr'>negare,</span> 
     </span>
     <span class='ocr_line' id='line_1_82' title="bbox 1477 839 2479 883; baseline 0.005 -15"><span class='ocrx_word' id='word_1_559' title='bbox 1477 845 1507 869; x_wconf 90' lang='lat' dir='ltr'>et</span> <span class='ocrx_word' id='word_1_560' title='bbox 1521 839 1610 879; x_wconf 94' lang='lat' dir='ltr'>quod</span> <span class='ocrx_word' id='word_1_561' title='bbox 1624 840 1793 879; x_wconf 83' lang='lat' dir='ltr'>negaverit,</span> <span class='ocrx_word' id='word_1_562' title='bbox 1810 839 1975 878; x_wconf 83' lang='lat' dir='ltr'>affirmare;</span> <span class='ocrx_word' id='word_1_563' title='bbox 1990 850 2087 881; x_wconf 84' lang='lat' dir='ltr'>quare</span> <span class='ocrx_word' id='word_1_564' title='bbox 2106 841 2311 872; x_wconf 81' lang='lat' dir='ltr'>manifestum</span> <span class='ocrx_word' id='word_1_565' title='bbox 2326 849 2383 881; x_wconf 86' lang='lat' dir='ltr'>est,</span> <span class='ocrx_word' id='word_1_566' title='bbox 2399 848 2479 883; x_wconf 85' lang='lat' dir='ltr'>qu0-&#39;</span> 
     </span>
     <span class='ocr_line' id='line_1_83' title="bbox 1476 883 2480 926; baseline 0.005 -14"><span class='ocrx_word' id='word_1_567' title='bbox 1476 883 1563 913; x_wconf 87' lang='lat' dir='ltr'>niam</span> <span class='ocrx_word' id='word_1_568' title='bbox 1586 884 1676 913; x_wconf 89' lang='lat' dir='ltr'>omni</span> <span class='ocrx_word' id='word_1_569' title='bbox 1696 884 1897 914; x_wconf 84' lang='lat' dir='ltr'>affirmationi</span> <span class='ocrx_word' id='word_1_570' title='bbox 1921 885 2046 925; x_wconf 86' lang='lat' dir='ltr'>negatio</span> <span class='ocrx_word' id='word_1_571' title='bbox 2071 892 2117 916; x_wconf 90' lang='lat' dir='ltr'>est</span> <span class='ocrx_word' id='word_1_572' title='bbox 2141 886 2306 926; x_wconf 82' lang='lat' dir='ltr'>opposita:</span> <span class='ocrx_word' id='word_1_573' title='bbox 2331 893 2362 917; x_wconf 90' lang='lat' dir='ltr'>et</span> <span class='ocrx_word' id='word_1_574' title='bbox 2390 887 2480 917; x_wconf 85' lang='lat' dir='ltr'>omni</span> 
     </span>
     <span class='ocr_line' id='line_1_84' title="bbox 1476 928 1837 968; baseline 0.006 -11"><span class='ocrx_word' id='word_1_575' title='bbox 1476 928 1636 968; x_wconf 90' lang='lat' dir='ltr'>negationi</span> <span class='ocrx_word' id='word_1_576' title='bbox 1660 928 1837 959; x_wconf 87' lang='lat' dir='ltr'>affirmatio.</span> 
     </span>
    </p>
   </div>
   <div class='ocr_carea' id='block_1_21' title="bbox 1408 1016 2438 1059">
    <p class='ocr_par' dir='ltr' id='par_1_24' title="bbox 1408 1016 2438 1059">
     <span class='ocr_line' id='line_1_85' title="bbox 1408 1016 2438 1059; baseline 0.002 -12"><span class='ocrx_word' id='word_1_577' title='bbox 1408 1016 1449 1047; x_wconf 87' lang='lat' dir='ltr'>Et</span> <span class='ocrx_word' id='word_1_578' title='bbox 1473 1017 1512 1048; x_wconf 92' lang='lat' dir='ltr'>sit</span> <span class='ocrx_word' id='word_1_579' title='bbox 1535 1017 1596 1048; x_wconf 91' lang='lat' dir='ltr'>hoc</span> <span class='ocrx_word' id='word_1_580' title='bbox 1621 1017 1840 1056; x_wconf 85' lang='lat' dir='ltr'>contradictio,</span> <span class='ocrx_word' id='word_1_581' title='bbox 1865 1017 2032 1049; x_wconf 83' lang='lat' dir='ltr'>affirmatio</span> <span class='ocrx_word' id='word_1_582' title='bbox 2057 1025 2087 1049; x_wconf 92' lang='lat' dir='ltr'>et</span> <span class='ocrx_word' id='word_1_583' title='bbox 2110 1018 2236 1059; x_wconf 89' lang='lat' dir='ltr'>negatio</span> <span class='ocrx_word' id='word_1_584' title='bbox 2261 1018 2438 1059; x_wconf 89' lang='lat' dir='ltr'>oppositae.</span> 
     </span>
    </p>
   </div>
   <div class='ocr_carea' id='block_1_22' title="bbox 1407 1106 2480 1148">
    <p class='ocr_par' dir='ltr' id='par_1_25' title="bbox 1407 1106 2480 1148">
     <span class='ocr_line' id='line_1_86' title="bbox 1407 1106 2480 1148; baseline 0.002 -12"><span class='ocrx_word' id='word_1_585' title='bbox 1407 1106 1488 1137; x_wconf 93' lang='lat' dir='ltr'>Dico</span> <span class='ocrx_word' id='word_1_586' title='bbox 1514 1113 1621 1137; x_wconf 90' lang='lat' dir='ltr'>autem</span> <span class='ocrx_word' id='word_1_587' title='bbox 1645 1106 1768 1146; x_wconf 90' lang='lat' dir='ltr'>opponi</span> <span class='ocrx_word' id='word_1_588' title='bbox 1793 1106 1935 1137; x_wconf 88' lang='lat' dir='ltr'>eiusdem</span> <span class='ocrx_word' id='word_1_589' title='bbox 1960 1107 1998 1137; x_wconf 92' lang='lat' dir='ltr'>de</span> <span class='ocrx_word' id='word_1_590' title='bbox 2018 1107 2144 1145; x_wconf 87' lang='lat' dir='ltr'>eodem,</span> <span class='ocrx_word' id='word_1_591' title='bbox 2164 1117 2230 1137; x_wconf 91' lang='lat' dir='ltr'>non</span> <span class='ocrx_word' id='word_1_592' title='bbox 2246 1114 2354 1138; x_wconf 89' lang='lat' dir='ltr'>autem</span> <span class='ocrx_word' id='word_1_593' title='bbox 2373 1107 2480 1148; x_wconf 88' lang='lat' dir='ltr'>aequi-</span> 
     </span>
    </p>
   </div>
   <div class='ocr_carea' id='block_1_23' title="bbox 1474 1151 2480 1236">
    <p class='ocr_par' dir='ltr' id='par_1_26' title="bbox 1474 1151 2480 1236">
     <span class='ocr_line' id='line_1_87' title="bbox 1474 1151 2480 1192; baseline 0.001 -11"><span class='ocrx_word' id='word_1_594' title='bbox 1474 1161 1552 1181; x_wconf 91' lang='lat' dir='ltr'>voce</span> <span class='ocrx_word' id='word_1_595' title='bbox 1584 1158 1614 1181; x_wconf 92' lang='lat' dir='ltr'>et</span> <span class='ocrx_word' id='word_1_596' title='bbox 1649 1161 1871 1192; x_wconf 87' lang='lat' dir='ltr'>quaecumque</span> <span class='ocrx_word' id='word_1_597' title='bbox 1907 1158 2027 1182; x_wconf 87' lang='lat' dir='ltr'>caetera</span> <span class='ocrx_word' id='word_1_598' title='bbox 2054 1151 2167 1182; x_wconf 90' lang='lat' dir='ltr'>talium</span> <span class='ocrx_word' id='word_1_599' title='bbox 2201 1151 2480 1182; x_wconf 88' lang='lat' dir='ltr'>determinavimus</span> 
     </span>
     <span class='ocr_line' id='line_1_88' title="bbox 1475 1195 2084 1236; baseline 0.002 -10"><span class='ocrx_word' id='word_1_600' title='bbox 1475 1202 1584 1226; x_wconf 90' lang='lat' dir='ltr'>contra</span> <span class='ocrx_word' id='word_1_601' title='bbox 1608 1195 1794 1236; x_wconf 87' lang='lat' dir='ltr'>sophisticas</span> <span class='ocrx_word' id='word_1_602' title='bbox 1818 1196 2084 1236; x_wconf 77' lang='lat' dir='ltr'>importunitates,</span> 
     </span>
    </p>
   </div>
   <div class='ocr_carea' id='block_1_24' title="bbox 1406 1291 2484 1730">
    <p class='ocr_par' dir='ltr' id='par_1_27' title="bbox 1406 1291 2484 1730">
     <span class='ocr_line' id='line_1_89' title="bbox 1407 1291 2482 1330; baseline 0.001 -11"><span class='ocrx_word' id='word_1_603' title='bbox 1407 1291 1464 1320; x_wconf 89' lang='lat' dir='ltr'>sive</span> <span class='ocrx_word' id='word_1_604' title='bbox 1488 1292 1608 1320; x_wconf 80' lang='lat' dir='ltr'>verbum</span> <span class='ocrx_word' id='word_1_605' title='bbox 1630 1292 1666 1320; x_wconf 92' lang='lat' dir='ltr'>sit</span> <span class='ocrx_word' id='word_1_606' title='bbox 1683 1292 1850 1330; x_wconf 84' lang='lat' dir='ltr'>praesentis</span> <span class='ocrx_word' id='word_1_607' title='bbox 1870 1292 2020 1329; x_wconf 89' lang='lat' dir='ltr'>temporis,</span> <span class='ocrx_word' id='word_1_608' title='bbox 2042 1292 2102 1320; x_wconf 89' lang='lat' dir='ltr'>sive</span> <span class='ocrx_word' id='word_1_609' title='bbox 2123 1292 2268 1329; x_wconf 86' lang='lat' dir='ltr'>praeteriti</span> <span class='ocrx_word' id='word_1_610' title='bbox 2289 1293 2334 1320; x_wconf 91' lang='lat' dir='ltr'>vel</span> <span class='ocrx_word' id='word_1_611' title='bbox 2354 1292 2482 1320; x_wconf 87' lang='lat' dir='ltr'>futuri.—</span> 
     </span>
     <span class='ocr_line' id='line_1_90' title="bbox 1406 1330 2480 1369; baseline 0.001 -10"><span class='ocrx_word' id='word_1_612' title='bbox 1406 1333 1434 1359; x_wconf 84' lang='lat'>6.</span> <span class='ocrx_word' id='word_1_613' title='bbox 1451 1332 1655 1360; x_wconf 87' lang='lat' dir='ltr'>Corollarium.</span> <span class='ocrx_word' id='word_1_614' title='bbox 1671 1333 1748 1369; x_wconf 89' lang='lat' dir='ltr'>Ergo</span> <span class='ocrx_word' id='word_1_615' title='bbox 1771 1342 1859 1360; x_wconf 89' lang='lat' dir='ltr'>omne</span> <span class='ocrx_word' id='word_1_616' title='bbox 1880 1332 1909 1360; x_wconf 88' lang='lat' dir='ltr'>id</span> <span class='ocrx_word' id='word_1_617' title='bbox 1931 1334 2012 1369; x_wconf 90' lang='lat' dir='ltr'>quod</span> <span class='ocrx_word' id='word_1_618' title='bbox 2033 1332 2234 1369; x_wconf 88' lang='lat' dir='ltr'>propositione</span> <span class='ocrx_word' id='word_1_619' title='bbox 2249 1330 2422 1361; x_wconf 87' lang='lat' dir='ltr'>affirmativa</span> <span class='ocrx_word' id='word_1_620' title='bbox 2440 1333 2480 1360; x_wconf 84' lang='lat' dir='ltr'>af-</span> 
     </span>
     <span class='ocr_line' id='line_1_91' title="bbox 1406 1371 2482 1410; baseline 0.001 -11"><span class='ocrx_word' id='word_1_621' title='bbox 1406 1371 1537 1400; x_wconf 82' lang='lat' dir='ltr'>firmatur</span> <span class='ocrx_word' id='word_1_622' title='bbox 1558 1378 1653 1408; x_wconf 86' lang='lat' dir='ltr'>potest</span> <span class='ocrx_word' id='word_1_623' title='bbox 1674 1372 1875 1408; x_wconf 90' lang='lat' dir='ltr'>propositione</span> <span class='ocrx_word' id='word_1_624' title='bbox 1897 1372 2028 1410; x_wconf 83' lang='lat' dir='ltr'>negativa</span> <span class='ocrx_word' id='word_1_625' title='bbox 2049 1372 2161 1410; x_wconf 89' lang='lat' dir='ltr'>negari;</span> <span class='ocrx_word' id='word_1_626' title='bbox 2186 1379 2214 1400; x_wconf 92' lang='lat' dir='ltr'>et</span> <span class='ocrx_word' id='word_1_627' title='bbox 2239 1372 2307 1400; x_wconf 90' lang='lat' dir='ltr'>ideo</span> <span class='ocrx_word' id='word_1_628' title='bbox 2335 1372 2482 1409; x_wconf 88' lang='lat' dir='ltr'>quaelibet</span> 
     </span>
     <span class='ocr_line' id='line_1_92' title="bbox 1406 1410 2481 1449; baseline 0.001 -10"><span class='ocrx_word' id='word_1_629' title='bbox 1406 1411 1568 1448; x_wconf 90' lang='lat' dir='ltr'>propositio</span> <span class='ocrx_word' id='word_1_630' title='bbox 1583 1410 1756 1440; x_wconf 83' lang='lat' dir='ltr'>affirmativa</span> <span class='ocrx_word' id='word_1_631' title='bbox 1777 1413 1864 1440; x_wconf 90' lang='lat' dir='ltr'>habet</span> <span class='ocrx_word' id='word_1_632' title='bbox 1878 1412 2041 1449; x_wconf 81' lang='lat' dir='ltr'>negativam</span> <span class='ocrx_word' id='word_1_633' title='bbox 2055 1412 2109 1441; x_wconf 87' lang='lat' dir='ltr'>sibi</span> <span class='ocrx_word' id='word_1_634' title='bbox 2131 1412 2369 1449; x_wconf 85' lang='lat' dir='ltr'>oppositam.—7.</span> <span class='ocrx_word' id='word_1_635' title='bbox 2385 1413 2481 1440; x_wconf 84' lang='lat' dir='ltr'>Abso-</span> 
     </span>
     <span class='ocr_line' id='line_1_93' title="bbox 1406 1449 2482 1490; baseline 0.002 -12"><span class='ocrx_word' id='word_1_636' title='bbox 1406 1451 1466 1479; x_wconf 87' lang='lat' dir='ltr'>luta</span> <span class='ocrx_word' id='word_1_637' title='bbox 1487 1451 1634 1487; x_wconf 86' lang='lat' dir='ltr'>oppositio</span> <span class='ocrx_word' id='word_1_638' title='bbox 1661 1449 1864 1480; x_wconf 87' lang='lat' dir='ltr'>affirmationis</span> <span class='ocrx_word' id='word_1_639' title='bbox 1892 1459 1920 1480; x_wconf 88' lang='lat' dir='ltr'>et</span> <span class='ocrx_word' id='word_1_640' title='bbox 1941 1452 2103 1490; x_wconf 86' lang='lat' dir='ltr'>negationis</span> <span class='ocrx_word' id='word_1_641' title='bbox 2124 1452 2229 1481; x_wconf 91' lang='lat' dir='ltr'>dicitur</span> <span class='ocrx_word' id='word_1_642' title='bbox 2250 1453 2482 1481; x_wconf 86' lang='lat' dir='ltr'>contradictio.—</span> 
     </span>
     <span class='ocr_line' id='line_1_94' title="bbox 1408 1490 2482 1530; baseline 0.002 -12"><span class='ocrx_word' id='word_1_643' title='bbox 1408 1491 1434 1518; x_wconf 90' lang='lat'>8.</span> <span class='ocrx_word' id='word_1_644' title='bbox 1451 1490 1642 1519; x_wconf 86' lang='lat' dir='ltr'>Conditiones</span> <span class='ocrx_word' id='word_1_645' title='bbox 1673 1492 1710 1519; x_wconf 87' lang='lat' dir='ltr'>ad</span> <span class='ocrx_word' id='word_1_646' title='bbox 1731 1491 1993 1520; x_wconf 86' lang='lat' dir='ltr'>contradictionem</span> <span class='ocrx_word' id='word_1_647' title='bbox 2021 1499 2088 1520; x_wconf 88' lang='lat' dir='ltr'>sunt</span> <span class='ocrx_word' id='word_1_648' title='bbox 2112 1493 2247 1520; x_wconf 85' lang='lat' dir='ltr'>identitas</span> <span class='ocrx_word' id='word_1_649' title='bbox 2263 1492 2431 1530; x_wconf 86' lang='lat' dir='ltr'>praedicati</span> <span class='ocrx_word' id='word_1_650' title='bbox 2453 1498 2482 1520; x_wconf 87' lang='lat' dir='ltr'>et</span> 
     </span>
     <span class='ocr_line' id='line_1_95' title="bbox 1407 1530 2482 1569; baseline 0.002 -11"><span class='ocrx_word' id='word_1_651' title='bbox 1407 1530 1543 1559; x_wconf 81' lang='lat' dir='ltr'>identitas</span> <span class='ocrx_word' id='word_1_652' title='bbox 1564 1531 1684 1559; x_wconf 86' lang='lat' dir='ltr'>subiecti</span> <span class='ocrx_word' id='word_1_653' title='bbox 1689 1541 1699 1565; x_wconf 89' lang='lat'><em>;</em></span> <span class='ocrx_word' id='word_1_654' title='bbox 1714 1531 1858 1565; x_wconf 83' lang='lat' dir='ltr'>identitas,</span> <span class='ocrx_word' id='word_1_655' title='bbox 1874 1531 2004 1568; x_wconf 91' lang='lat' dir='ltr'>inquam,</span> <span class='ocrx_word' id='word_1_656' title='bbox 2019 1538 2082 1560; x_wconf 88' lang='lat' dir='ltr'>turn</span> <span class='ocrx_word' id='word_1_657' title='bbox 2093 1533 2254 1560; x_wconf 86' lang='lat' dir='ltr'>secundum</span> <span class='ocrx_word' id='word_1_658' title='bbox 2269 1541 2379 1560; x_wconf 89' lang='lat' dir='ltr'>nomen</span> <span class='ocrx_word' id='word_1_659' title='bbox 2393 1531 2482 1569; x_wconf 83' lang='lat' dir='ltr'>signi-</span> 
     </span>
     <span class='ocr_line' id='line_1_96' title="bbox 1408 1570 2482 1608; baseline 0.001 -10"><span class='ocrx_word' id='word_1_660' title='bbox 1408 1570 1511 1606; x_wconf 89' lang='lat' dir='ltr'>ficans,</span> <span class='ocrx_word' id='word_1_661' title='bbox 1534 1577 1597 1598; x_wconf 90' lang='lat' dir='ltr'>tum</span> <span class='ocrx_word' id='word_1_662' title='bbox 1618 1571 1778 1599; x_wconf 87' lang='lat' dir='ltr'>secundum</span> <span class='ocrx_word' id='word_1_663' title='bbox 1800 1580 1861 1599; x_wconf 89' lang='lat' dir='ltr'>rem</span> <span class='ocrx_word' id='word_1_664' title='bbox 1882 1571 2113 1608; x_wconf 85' lang='lat' dir='ltr'>significatam.—</span> <span class='ocrx_word' id='word_1_665' title='bbox 2131 1581 2158 1608; x_wconf 88' lang='lat'>9.</span> <span class='ocrx_word' id='word_1_666' title='bbox 2180 1572 2262 1600; x_wconf 89' lang='lat' dir='ltr'>Aliae</span> <span class='ocrx_word' id='word_1_667' title='bbox 2284 1571 2482 1607; x_wconf 82' lang='lat' dir='ltr'>conditiones;</span> 
     </span>
     <span class='ocr_line' id='line_1_97' title="bbox 1409 1611 2484 1648; baseline 0.001 -10"><span class='ocrx_word' id='word_1_668' title='bbox 1409 1620 1493 1647; x_wconf 84' lang='lat' dir='ltr'>quae,</span> <span class='ocrx_word' id='word_1_669' title='bbox 1516 1620 1576 1638; x_wconf 92' lang='lat' dir='ltr'>non</span> <span class='ocrx_word' id='word_1_670' title='bbox 1591 1620 1674 1639; x_wconf 87' lang='lat' dir='ltr'>secus</span> <span class='ocrx_word' id='word_1_671' title='bbox 1688 1620 1721 1639; x_wconf 90' lang='lat' dir='ltr'>ac</span> <span class='ocrx_word' id='word_1_672' title='bbox 1736 1611 1899 1648; x_wconf 89' lang='lat' dir='ltr'>superiores</span> <span class='ocrx_word' id='word_1_673' title='bbox 1914 1612 1971 1639; x_wconf 89' lang='lat' dir='ltr'>hoc</span> <span class='ocrx_word' id='word_1_674' title='bbox 1991 1611 2117 1648; x_wconf 89' lang='lat' dir='ltr'>generali</span> <span class='ocrx_word' id='word_1_675' title='bbox 2135 1611 2278 1648; x_wconf 89' lang='lat' dir='ltr'>principio</span> <span class='ocrx_word' id='word_1_676' title='bbox 2293 1611 2436 1639; x_wconf 86' lang='lat' dir='ltr'>nituntur:</span> <span class='ocrx_word' id='word_1_677' title='bbox 2453 1616 2484 1639; x_wconf 84' lang='lat' dir='ltr'>ut</span> 
     </span>
     <span class='ocr_line' id='line_1_98' title="bbox 1409 1651 2484 1690; baseline 0.001 -12"><span class='ocrx_word' id='word_1_678' title='bbox 1409 1651 1552 1679; x_wconf 85' lang='lat' dir='ltr'>habeatur</span> <span class='ocrx_word' id='word_1_679' title='bbox 1579 1651 1769 1679; x_wconf 82' lang='lat' dir='ltr'>contradictio</span> <span class='ocrx_word' id='word_1_680' title='bbox 1792 1660 1907 1679; x_wconf 84' lang='lat' dir='ltr'>necesse</span> <span class='ocrx_word' id='word_1_681' title='bbox 1927 1657 1970 1679; x_wconf 83' lang='lat' dir='ltr'>est</span> <span class='ocrx_word' id='word_1_682' title='bbox 1992 1657 2022 1679; x_wconf 89' lang='lat' dir='ltr'>ut</span> <span class='ocrx_word' id='word_1_683' title='bbox 2043 1651 2074 1679; x_wconf 88' lang='lat' dir='ltr'>id</span> <span class='ocrx_word' id='word_1_684' title='bbox 2094 1652 2170 1688; x_wconf 85' lang='lat' dir='ltr'>quod</span> <span class='ocrx_word' id='word_1_685' title='bbox 2192 1651 2309 1690; x_wconf 85' lang='lat' dir='ltr'>negatio</span> <span class='ocrx_word' id='word_1_686' title='bbox 2334 1656 2423 1690; x_wconf 84' lang='lat' dir='ltr'>negat</span> <span class='ocrx_word' id='word_1_687' title='bbox 2446 1651 2484 1679; x_wconf 86' lang='lat' dir='ltr'>sit</span> 
     </span>
     <span class='ocr_line' id='line_1_99' title="bbox 1410 1690 2232 1730; baseline 0.001 -12"><span class='ocrx_word' id='word_1_688' title='bbox 1410 1690 1534 1719; x_wconf 88' lang='lat' dir='ltr'>omnino</span> <span class='ocrx_word' id='word_1_689' title='bbox 1559 1690 1637 1719; x_wconf 90' lang='lat' dir='ltr'>idem</span> <span class='ocrx_word' id='word_1_690' title='bbox 1661 1700 1695 1719; x_wconf 87' lang='lat' dir='ltr'>ac</span> <span class='ocrx_word' id='word_1_691' title='bbox 1719 1691 1793 1719; x_wconf 85' lang='lat' dir='ltr'>illud</span> <span class='ocrx_word' id='word_1_692' title='bbox 1817 1692 1893 1728; x_wconf 86' lang='lat' dir='ltr'>quod</span> <span class='ocrx_word' id='word_1_693' title='bbox 1906 1691 2069 1730; x_wconf 83' lang='lat' dir='ltr'>affirmatio</span> <span class='ocrx_word' id='word_1_694' title='bbox 2089 1691 2232 1730; x_wconf 80' lang='lat' dir='ltr'>affirmat.</span> 
     </span>
    </p>
   </div>
   <div class='ocr_carea' id='block_1_25' title="bbox 1406 1784 2524 3274">
    <p class='ocr_par' dir='ltr' id='par_1_28' title="bbox 1406 1784 2484 2088">
     <span class='ocr_line' id='line_1_100' title="bbox 1407 1784 2482 1833; baseline 0.001 -13"><span class='ocrx_word' id='word_1_695' title='bbox 1407 1784 1548 1833; x_wconf 88' lang='lat' dir='ltr'>aliquid</span> <span class='ocrx_word' id='word_1_696' title='bbox 1568 1797 1647 1821; x_wconf 92' lang='lat' dir='ltr'>non</span> <span class='ocrx_word' id='word_1_697' title='bbox 1664 1797 1764 1831; x_wconf 90' lang='lat' dir='ltr'>esse;</span> <span class='ocrx_word' id='word_1_698' title='bbox 1786 1784 1984 1822; x_wconf 85' lang='lat' dir='ltr'>secunda*</span> <span class='ocrx_word' id='word_1_699' title='bbox 2000 1784 2197 1822; x_wconf 87' lang='lat' dir='ltr'>diversitas</span> <span class='ocrx_word' id='word_1_700' title='bbox 2214 1792 2270 1821; x_wconf 91' lang='lat' dir='ltr'>est</span> <span class='ocrx_word' id='word_1_701' title='bbox 2287 1797 2357 1833; x_wconf 88' lang='lat' dir='ltr'>per</span> <span class='ocrx_word' id='word_1_702' title='bbox 2377 1797 2482 1822; x_wconf 88' lang='lat' dir='ltr'>com-</span> 
     </span>
     <span class='ocr_line' id='line_1_101' title="bbox 1406 1837 2484 1887; baseline 0.001 -13"><span class='ocrx_word' id='word_1_703' title='bbox 1406 1838 1645 1886; x_wconf 85' lang='lat' dir='ltr'>parationem</span> <span class='ocrx_word' id='word_1_704' title='bbox 1675 1838 1723 1875; x_wconf 88' lang='lat' dir='ltr'>ad</span> <span class='ocrx_word' id='word_1_705' title='bbox 1753 1851 1846 1885; x_wconf 86' lang='lat' dir='ltr'>rem,</span> <span class='ocrx_word' id='word_1_706' title='bbox 1878 1851 1924 1875; x_wconf 87' lang='lat' dir='ltr'>ex</span> <span class='ocrx_word' id='word_1_707' title='bbox 1953 1850 2029 1887; x_wconf 92' lang='lat' dir='ltr'>qua</span> <span class='ocrx_word' id='word_1_708' title='bbox 2058 1838 2250 1887; x_wconf 88' lang='lat' dir='ltr'>dependet</span> <span class='ocrx_word' id='word_1_709' title='bbox 2276 1837 2417 1875; x_wconf 91' lang='lat' dir='ltr'>veritas</span> <span class='ocrx_word' id='word_1_710' title='bbox 2446 1845 2484 1875; x_wconf 89' lang='lat' dir='ltr'>et</span> 
     </span>
     <span class='ocr_line' id='line_1_102' title="bbox 1407 1891 2481 1928; baseline 0 0"><span class='ocrx_word' id='word_1_711' title='bbox 1407 1891 1546 1928; x_wconf 89' lang='lat' dir='ltr'>falsitas</span> <span class='ocrx_word' id='word_1_712' title='bbox 1588 1891 1798 1928; x_wconf 89' lang='lat' dir='ltr'>intellectus</span> <span class='ocrx_word' id='word_1_713' title='bbox 1837 1899 1873 1928; x_wconf 90' lang='lat' dir='ltr'>et</span> <span class='ocrx_word' id='word_1_714' title='bbox 1915 1891 2201 1928; x_wconf 88' lang='lat' dir='ltr'>enunciationis.</span> <span class='ocrx_word' id='word_1_715' title='bbox 2239 1891 2340 1928; x_wconf 91' lang='lat' dir='ltr'>Cum</span> <span class='ocrx_word' id='word_1_716' title='bbox 2379 1891 2481 1928; x_wconf 89' lang='lat' dir='ltr'>enim</span> 
     </span>
     <span class='ocr_line' id='line_1_103' title="bbox 1408 1943 2483 1994; baseline 0 -13"><span class='ocrx_word' id='word_1_717' title='bbox 1408 1945 1631 1982; x_wconf 86' lang='lat' dir='ltr'>enunciatur</span> <span class='ocrx_word' id='word_1_718' title='bbox 1665 1945 1807 1994; x_wconf 87' lang='lat' dir='ltr'>aliquid</span> <span class='ocrx_word' id='word_1_719' title='bbox 1836 1957 1919 1982; x_wconf 89' lang='lat' dir='ltr'>esse</span> <span class='ocrx_word' id='word_1_720' title='bbox 1946 1945 2009 1982; x_wconf 91' lang='lat' dir='ltr'>vel</span> <span class='ocrx_word' id='word_1_721' title='bbox 2044 1957 2122 1982; x_wconf 92' lang='lat' dir='ltr'>non</span> <span class='ocrx_word' id='word_1_722' title='bbox 2151 1957 2234 1982; x_wconf 90' lang='lat' dir='ltr'>esse</span> <span class='ocrx_word' id='word_1_723' title='bbox 2269 1943 2483 1982; x_wconf 90' lang='lat' dir='ltr'>secundum</span> 
     </span>
     <span class='ocr_line' id='line_1_104' title="bbox 1409 1997 2484 2047; baseline -0.001 -12"><span class='ocrx_word' id='word_1_724' title='bbox 1409 1998 1696 2045; x_wconf 86' lang='lat' dir='ltr'>congruentiam</span> <span class='ocrx_word' id='word_1_725' title='bbox 1726 1998 1779 2035; x_wconf 91' lang='lat' dir='ltr'>rei</span> <span class='ocrx_word' id='word_1_726' title='bbox 1797 1997 1831 2047; x_wconf 68' lang='grc' dir='ltr'>β,</span> <span class='ocrx_word' id='word_1_727' title='bbox 1853 2006 1909 2035; x_wconf 89' lang='lat' dir='ltr'>est</span> <span class='ocrx_word' id='word_1_728' title='bbox 1937 1998 2057 2035; x_wconf 89' lang='lat' dir='ltr'>oratio</span> <span class='ocrx_word' id='word_1_729' title='bbox 2090 2010 2202 2044; x_wconf 85' lang='lat' dir='ltr'>vera3</span> <span class='ocrx_word' id='word_1_730' title='bbox 2230 1997 2398 2047; x_wconf 89' lang='lat' dir='ltr'>alioquin</span> <span class='ocrx_word' id='word_1_731' title='bbox 2427 2005 2484 2034; x_wconf 90' lang='lat' dir='ltr'>est</span> 
     </span>
     <span class='ocr_line' id='line_1_105' title="bbox 1409 2051 1662 2088; baseline 0.004 -1"><span class='ocrx_word' id='word_1_732' title='bbox 1409 2052 1529 2088; x_wconf 89' lang='lat' dir='ltr'>oratio</span> <span class='ocrx_word' id='word_1_733' title='bbox 1559 2051 1662 2088; x_wconf 89' lang='lat' dir='ltr'>falsa.</span> 
     </span>
    </p>

    <p class='ocr_par' dir='ltr' id='par_1_29' title="bbox 1410 2103 2487 2887">
     <span class='ocr_line' id='line_1_106' title="bbox 1465 2103 2482 2154; baseline 0 -13"><span class='ocrx_word' id='word_1_734' title='bbox 1465 2106 1499 2142; x_wconf 86' lang='lat'>3.</span> <span class='ocrx_word' id='word_1_735' title='bbox 1522 2104 1584 2142; x_wconf 90' lang='lat' dir='ltr'>Sic</span> <span class='ocrx_word' id='word_1_736' title='bbox 1604 2105 1714 2153; x_wconf 88' lang='lat' dir='ltr'>igitur</span> <span class='ocrx_word' id='word_1_737' title='bbox 1733 2112 1897 2154; x_wconf 89' lang='lat' dir='ltr'>quatuor</span> <span class='ocrx_word' id='word_1_738' title='bbox 1916 2104 2043 2142; x_wconf 91' lang='lat' dir='ltr'>modis</span> <span class='ocrx_word' id='word_1_739' title='bbox 2061 2111 2188 2153; x_wconf 90' lang='lat' dir='ltr'>potest</span> <span class='ocrx_word' id='word_1_740' title='bbox 2205 2103 2344 2142; x_wconf 88' lang='lat' dir='ltr'>variari</span> <span class='ocrx_word' id='word_1_741' title='bbox 2364 2116 2482 2141; x_wconf 93' lang='lat' dir='ltr'>enun-</span> 
     </span>
     <span class='ocr_line' id='line_1_107' title="bbox 1410 2157 2484 2207; baseline -0.001 -12"><span class='ocrx_word' id='word_1_742' title='bbox 1410 2157 1541 2205; x_wconf 86' lang='lat' dir='ltr'>ciatio,</span> <span class='ocrx_word' id='word_1_743' title='bbox 1572 2158 1786 2195; x_wconf 90' lang='lat' dir='ltr'>secundum</span> <span class='ocrx_word' id='word_1_744' title='bbox 1814 2157 2109 2207; x_wconf 88' lang='lat' dir='ltr'>permixtionem</span> <span class='ocrx_word' id='word_1_745' title='bbox 2124 2158 2144 2179; x_wconf 80' lang='lat'>&#39;¹‘</span> <span class='ocrx_word' id='word_1_746' title='bbox 2163 2158 2302 2194; x_wconf 88' lang='lat' dir='ltr'>harum</span> <span class='ocrx_word' id='word_1_747' title='bbox 2319 2157 2484 2203; x_wconf 76' lang='lat' dir='ltr'>duarum</span> 
     </span>
     <span class='ocr_line' id='line_1_108' title="bbox 1411 2210 2484 2260; baseline -0.001 -12"><span class='ocrx_word' id='word_1_748' title='bbox 1411 2211 1654 2249; x_wconf 90' lang='lat' dir='ltr'>divisionum.</span> <span class='ocrx_word' id='word_1_749' title='bbox 1685 2212 1772 2249; x_wconf 91' lang='lat' dir='ltr'>Uno</span> <span class='ocrx_word' id='word_1_750' title='bbox 1802 2211 1942 2259; x_wconf 86' lang='lat' dir='ltr'>modo,</span> <span class='ocrx_word' id='word_1_751' title='bbox 1974 2211 2062 2260; x_wconf 91' lang='lat' dir='ltr'>quia</span> <span class='ocrx_word' id='word_1_752' title='bbox 2090 2211 2129 2248; x_wconf 91' lang='lat' dir='ltr'>id</span> <span class='ocrx_word' id='word_1_753' title='bbox 2158 2211 2264 2260; x_wconf 89' lang='lat' dir='ltr'>quod</span> <span class='ocrx_word' id='word_1_754' title='bbox 2293 2218 2349 2248; x_wconf 91' lang='lat' dir='ltr'>est</span> <span class='ocrx_word' id='word_1_755' title='bbox 2376 2210 2414 2247; x_wconf 91' lang='lat' dir='ltr'>in</span> <span class='ocrx_word' id='word_1_756' title='bbox 2443 2222 2484 2247; x_wconf 90' lang='lat' dir='ltr'>re</span> 
     </span>
     <span class='ocr_line' id='line_1_109' title="bbox 1412 2263 2485 2314; baseline -0.001 -12"><span class='ocrx_word' id='word_1_757' title='bbox 1412 2264 1635 2302; x_wconf 88' lang='lat' dir='ltr'>enunciatur</span> <span class='ocrx_word' id='word_1_758' title='bbox 1661 2265 1712 2302; x_wconf 89' lang='lat' dir='ltr'>ita</span> <span class='ocrx_word' id='word_1_759' title='bbox 1741 2277 1824 2302; x_wconf 88' lang='lat' dir='ltr'>esse</span> <span class='ocrx_word' id='word_1_760' title='bbox 1844 2265 1940 2302; x_wconf 89' lang='lat' dir='ltr'>sicut</span> <span class='ocrx_word' id='word_1_761' title='bbox 1967 2265 2006 2301; x_wconf 93' lang='lat' dir='ltr'>in</span> <span class='ocrx_word' id='word_1_762' title='bbox 2026 2277 2066 2301; x_wconf 89' lang='lat' dir='ltr'>re</span> <span class='ocrx_word' id='word_1_763' title='bbox 2091 2272 2168 2301; x_wconf 86' lang='lat' dir='ltr'>est:</span> <span class='ocrx_word' id='word_1_764' title='bbox 2190 2264 2295 2314; x_wconf 93' lang='lat' dir='ltr'>quod</span> <span class='ocrx_word' id='word_1_765' title='bbox 2322 2263 2485 2313; x_wconf 88' lang='lat' dir='ltr'>pertinet</span> 
     </span>
     <span class='ocr_line' id='line_1_110' title="bbox 1411 2317 2482 2367; baseline -0.001 -12"><span class='ocrx_word' id='word_1_766' title='bbox 1411 2318 1460 2355; x_wconf 90' lang='lat' dir='ltr'>ad</span> <span class='ocrx_word' id='word_1_767' title='bbox 1475 2318 1771 2355; x_wconf 85' lang='lat' dir='ltr'>affirmationem</span> <span class='ocrx_word' id='word_1_768' title='bbox 1790 2331 1938 2364; x_wconf 90' lang='lat' dir='ltr'>veram;</span> <span class='ocrx_word' id='word_1_769' title='bbox 1954 2326 2046 2367; x_wconf 90' lang='lat' dir='ltr'>puta</span> <span class='ocrx_word' id='word_1_770' title='bbox 2062 2329 2150 2355; x_wconf 88' lang='lat' dir='ltr'>curn</span> <span class='ocrx_word' id='word_1_771' title='bbox 2167 2318 2342 2355; x_wconf 89' lang='lat' dir='ltr'>Socrates</span> <span class='ocrx_word' id='word_1_772' title='bbox 2359 2317 2482 2364; x_wconf 90' lang='lat' dir='ltr'>currit,</span> 
     </span>
     <span class='ocr_line' id='line_1_111' title="bbox 1412 2371 2484 2422; baseline -0.001 -14"><span class='ocrx_word' id='word_1_773' title='bbox 1412 2371 1574 2408; x_wconf 90' lang='lat' dir='ltr'>dicimus</span> <span class='ocrx_word' id='word_1_774' title='bbox 1584 2373 1604 2392; x_wconf 72' lang='lat'>‘⁹</span> <span class='ocrx_word' id='word_1_775' title='bbox 1616 2373 1808 2409; x_wconf 86' lang='lat' dir='ltr'>Socratem</span> <span class='ocrx_word' id='word_1_776' title='bbox 1824 2383 1989 2422; x_wconf 74' lang='lat' dir='ltr'>currere.</span> <span class='ocrx_word' id='word_1_777' title='bbox 2007 2371 2093 2408; x_wconf 93' lang='lat' dir='ltr'>Alio</span> <span class='ocrx_word' id='word_1_778' title='bbox 2110 2371 2242 2418; x_wconf 91' lang='lat' dir='ltr'>modo,</span> <span class='ocrx_word' id='word_1_779' title='bbox 2261 2383 2349 2408; x_wconf 90' lang='lat' dir='ltr'>curn</span> <span class='ocrx_word' id='word_1_780' title='bbox 2365 2383 2484 2408; x_wconf 90' lang='lat' dir='ltr'>enun-</span> 
     </span>
     <span class='ocr_line' id='line_1_112' title="bbox 1412 2423 2486 2474; baseline -0.002 -12"><span class='ocrx_word' id='word_1_781' title='bbox 1412 2424 1530 2462; x_wconf 90' lang='lat' dir='ltr'>ciatur</span> <span class='ocrx_word' id='word_1_782' title='bbox 1549 2425 1690 2474; x_wconf 91' lang='lat' dir='ltr'>aliquid</span> <span class='ocrx_word' id='word_1_783' title='bbox 1710 2438 1788 2462; x_wconf 93' lang='lat' dir='ltr'>non</span> <span class='ocrx_word' id='word_1_784' title='bbox 1808 2438 1892 2462; x_wconf 91' lang='lat' dir='ltr'>esse</span> <span class='ocrx_word' id='word_1_785' title='bbox 1912 2425 2017 2474; x_wconf 90' lang='lat' dir='ltr'>quod</span> <span class='ocrx_word' id='word_1_786' title='bbox 2036 2425 2075 2462; x_wconf 91' lang='lat' dir='ltr'>in</span> <span class='ocrx_word' id='word_1_787' title='bbox 2095 2437 2135 2462; x_wconf 90' lang='lat' dir='ltr'>re</span> <span class='ocrx_word' id='word_1_788' title='bbox 2155 2437 2234 2462; x_wconf 92' lang='lat' dir='ltr'>non</span> <span class='ocrx_word' id='word_1_789' title='bbox 2253 2431 2310 2461; x_wconf 88' lang='lat' dir='ltr'>est</span> <span class='ocrx_word' id='word_1_790' title='bbox 2323 2429 2358 2461; x_wconf 86' lang='lat'>⁷:</span> <span class='ocrx_word' id='word_1_791' title='bbox 2380 2423 2486 2474; x_wconf 92' lang='lat' dir='ltr'>quod</span> 
     </span>
     <span class='ocr_line' id='line_1_113' title="bbox 1410 2477 2484 2527; baseline -0.001 -12"><span class='ocrx_word' id='word_1_792' title='bbox 1410 2478 1573 2527; x_wconf 90' lang='lat' dir='ltr'>pertinet</span> <span class='ocrx_word' id='word_1_793' title='bbox 1600 2478 1649 2516; x_wconf 90' lang='lat' dir='ltr'>ad</span> <span class='ocrx_word' id='word_1_794' title='bbox 1687 2478 1929 2526; x_wconf 89' lang='lat' dir='ltr'>negationem</span> <span class='ocrx_word' id='word_1_795' title='bbox 1957 2491 2113 2524; x_wconf 85' lang='lat' dir='ltr'>veram;</span> <span class='ocrx_word' id='word_1_796' title='bbox 2141 2485 2184 2515; x_wconf 92' lang='lat' dir='ltr'>ut</span> <span class='ocrx_word' id='word_1_797' title='bbox 2213 2490 2301 2514; x_wconf 90' lang='lat' dir='ltr'>cum</span> <span class='ocrx_word' id='word_1_798' title='bbox 2331 2477 2484 2525; x_wconf 86' lang='lat' dir='ltr'>dicitur,</span> 
     </span>
     <span class='ocr_line' id='line_1_114' title="bbox 1411 2531 2483 2580; baseline -0.001 -12"><span class='ocrx_word' id='word_1_799' title='bbox 1411 2532 1577 2580; x_wconf 85' lang='lat' dir='ltr'>aethiops</span> <span class='ocrx_word' id='word_1_800' title='bbox 1605 2531 1712 2568; x_wconf 87' lang='lat' dir='ltr'>albus</span> <span class='ocrx_word' id='word_1_801' title='bbox 1741 2544 1814 2568; x_wconf 92' lang='lat' dir='ltr'>non</span> <span class='ocrx_word' id='word_1_802' title='bbox 1844 2538 1907 2568; x_wconf 85' lang='lat' dir='ltr'>est.</span> <span class='ocrx_word' id='word_1_803' title='bbox 1929 2531 2061 2568; x_wconf 89' lang='lat' dir='ltr'>Tertio</span> <span class='ocrx_word' id='word_1_804' title='bbox 2091 2531 2223 2578; x_wconf 90' lang='lat' dir='ltr'>modo,</span> <span class='ocrx_word' id='word_1_805' title='bbox 2246 2543 2334 2567; x_wconf 89' lang='lat' dir='ltr'>cum</span> <span class='ocrx_word' id='word_1_806' title='bbox 2365 2542 2483 2567; x_wconf 91' lang='lat' dir='ltr'>enun-</span> 
     </span>
     <span class='ocr_line' id='line_1_115' title="bbox 1413 2583 2485 2634; baseline -0.002 -13"><span class='ocrx_word' id='word_1_807' title='bbox 1413 2585 1531 2621; x_wconf 89' lang='lat' dir='ltr'>ciatur</span> <span class='ocrx_word' id='word_1_808' title='bbox 1559 2585 1699 2633; x_wconf 90' lang='lat' dir='ltr'>aliquid</span> <span class='ocrx_word' id='word_1_809' title='bbox 1720 2597 1803 2622; x_wconf 87' lang='lat' dir='ltr'>esse</span> <span class='ocrx_word' id='word_1_810' title='bbox 1824 2584 1929 2634; x_wconf 91' lang='lat' dir='ltr'>quod</span> <span class='ocrx_word' id='word_1_811' title='bbox 1948 2585 1987 2621; x_wconf 89' lang='lat' dir='ltr'>in</span> <span class='ocrx_word' id='word_1_812' title='bbox 2016 2597 2056 2621; x_wconf 92' lang='lat' dir='ltr'>re</span> <span class='ocrx_word' id='word_1_813' title='bbox 2084 2596 2163 2621; x_wconf 92' lang='lat' dir='ltr'>non</span> <span class='ocrx_word' id='word_1_814' title='bbox 2184 2591 2255 2620; x_wconf 87' lang='lat' dir='ltr'>est:</span> <span class='ocrx_word' id='word_1_815' title='bbox 2277 2583 2382 2632; x_wconf 91' lang='lat' dir='ltr'>quod</span> <span class='ocrx_word' id='word_1_816' title='bbox 2400 2595 2485 2632; x_wconf 90' lang='lat' dir='ltr'>per-</span> 
     </span>
     <span class='ocr_line' id='line_1_116' title="bbox 1412 2635 2484 2684; baseline -0.002 -10"><span class='ocrx_word' id='word_1_817' title='bbox 1412 2638 1504 2675; x_wconf 90' lang='lat' dir='ltr'>tinet</span> <span class='ocrx_word' id='word_1_818' title='bbox 1532 2638 1581 2674; x_wconf 89' lang='lat' dir='ltr'>ad</span> <span class='ocrx_word' id='word_1_819' title='bbox 1615 2637 1911 2674; x_wconf 87' lang='lat' dir='ltr'>affirmationem</span> <span class='ocrx_word' id='word_1_820' title='bbox 1946 2638 2102 2683; x_wconf 88' lang='lat' dir='ltr'>falsam;</span> <span class='ocrx_word' id='word_1_821' title='bbox 2131 2644 2173 2673; x_wconf 93' lang='lat' dir='ltr'>ut</span> <span class='ocrx_word' id='word_1_822' title='bbox 2201 2649 2290 2673; x_wconf 91' lang='lat' dir='ltr'>cum</span> <span class='ocrx_word' id='word_1_823' title='bbox 2329 2635 2484 2684; x_wconf 90' lang='lat' dir='ltr'>dicitur,</span> 
     </span>
     <span class='ocr_line' id='line_1_117' title="bbox 1413 2688 2484 2737; baseline -0.003 -9"><span class='ocrx_word' id='word_1_824' title='bbox 1413 2702 1549 2728; x_wconf 77' lang='lat' dir='ltr'>corvus</span> <span class='ocrx_word' id='word_1_825' title='bbox 1577 2696 1631 2727; x_wconf 86' lang='lat' dir='ltr'>est</span> <span class='ocrx_word' id='word_1_826' title='bbox 1656 2690 1774 2727; x_wconf 84' lang='lat' dir='ltr'>albus.</span> <span class='ocrx_word' id='word_1_827' title='bbox 1803 2691 1950 2737; x_wconf 89' lang='lat' dir='ltr'>Quarto</span> <span class='ocrx_word' id='word_1_828' title='bbox 1979 2689 2116 2736; x_wconf 90' lang='lat' dir='ltr'>modo,</span> <span class='ocrx_word' id='word_1_829' title='bbox 2145 2701 2234 2726; x_wconf 90' lang='lat' dir='ltr'>curn</span> <span class='ocrx_word' id='word_1_830' title='bbox 2261 2688 2484 2726; x_wconf 90' lang='lat' dir='ltr'>enunciatur</span> 
     </span>
     <span class='ocr_line' id='line_1_118' title="bbox 1413 2742 2487 2793; baseline -0.001 -13"><span class='ocrx_word' id='word_1_831' title='bbox 1413 2743 1555 2793; x_wconf 91' lang='lat' dir='ltr'>aliquid</span> <span class='ocrx_word' id='word_1_832' title='bbox 1583 2756 1662 2780; x_wconf 90' lang='lat' dir='ltr'>non</span> <span class='ocrx_word' id='word_1_833' title='bbox 1700 2756 1783 2780; x_wconf 90' lang='lat' dir='ltr'>esse</span> <span class='ocrx_word' id='word_1_834' title='bbox 1812 2743 1917 2792; x_wconf 92' lang='lat' dir='ltr'>quod</span> <span class='ocrx_word' id='word_1_835' title='bbox 1945 2743 1983 2780; x_wconf 92' lang='lat' dir='ltr'>in</span> <span class='ocrx_word' id='word_1_836' title='bbox 2012 2755 2052 2780; x_wconf 93' lang='lat' dir='ltr'>re</span> <span class='ocrx_word' id='word_1_837' title='bbox 2081 2750 2157 2780; x_wconf 89' lang='lat' dir='ltr'>est:</span> <span class='ocrx_word' id='word_1_838' title='bbox 2185 2742 2291 2792; x_wconf 92' lang='lat' dir='ltr'>quod</span> <span class='ocrx_word' id='word_1_839' title='bbox 2324 2742 2487 2791; x_wconf 86' lang='lat' dir='ltr'>pertinet</span> 
     </span>
     <span class='ocr_line' id='line_1_119' title="bbox 1413 2795 2485 2844; baseline -0.001 -11"><span class='ocrx_word' id='word_1_840' title='bbox 1413 2797 1462 2834; x_wconf 90' lang='lat' dir='ltr'>ad</span> <span class='ocrx_word' id='word_1_841' title='bbox 1490 2796 1732 2844; x_wconf 88' lang='lat' dir='ltr'>negationem</span> <span class='ocrx_word' id='word_1_842' title='bbox 1762 2797 1914 2843; x_wconf 89' lang='lat' dir='ltr'>falsam;</span> <span class='ocrx_word' id='word_1_843' title='bbox 1940 2804 1982 2834; x_wconf 90' lang='lat' dir='ltr'>ut</span> <span class='ocrx_word' id='word_1_844' title='bbox 2017 2809 2105 2833; x_wconf 90' lang='lat' dir='ltr'>cum</span> <span class='ocrx_word' id='word_1_845' title='bbox 2135 2796 2287 2844; x_wconf 88' lang='lat' dir='ltr'>dicitur,</span> <span class='ocrx_word' id='word_1_846' title='bbox 2314 2795 2383 2832; x_wconf 87' lang='lat' dir='ltr'>nix</span> <span class='ocrx_word' id='word_1_847' title='bbox 2410 2797 2485 2832; x_wconf 75' lang='lat' dir='ltr'>nim</span> 
     </span>
     <span class='ocr_line' id='line_1_120' title="bbox 1413 2850 1591 2887; baseline -0.006 0"><span class='ocrx_word' id='word_1_848' title='bbox 1413 2856 1468 2887; x_wconf 83' lang='lat' dir='ltr'>est</span> <span class='ocrx_word' id='word_1_849' title='bbox 1493 2850 1591 2887; x_wconf 88' lang='lat' dir='ltr'>alba.</span> 
     </span>
    </p>

    <p class='ocr_par' dir='ltr' id='par_1_30' title="bbox 1412 2900 2524 3274">
     <span class='ocr_line' id='line_1_121' title="bbox 1467 2900 2487 2952; baseline -0.001 -13"><span class='ocrx_word' id='word_1_850' title='bbox 1467 2903 1725 2952; x_wconf 90' lang='lat' dir='ltr'>Philosophus</span> <span class='ocrx_word' id='word_1_851' title='bbox 1746 2909 1875 2939; x_wconf 90' lang='lat' dir='ltr'>autem</span> <span class='ocrx_word' id='word_1_852' title='bbox 1885 2903 1916 2949; x_wconf 80' lang='lat'>*,</span> <span class='ocrx_word' id='word_1_853' title='bbox 1937 2910 1980 2939; x_wconf 90' lang='lat' dir='ltr'>ut</span> <span class='ocrx_word' id='word_1_854' title='bbox 1999 2915 2021 2939; x_wconf 93' lang='lat' dir='ltr'>a</span> <span class='ocrx_word' id='word_1_855' title='bbox 2035 2901 2248 2939; x_wconf 91' lang='lat' dir='ltr'>minoribus</span> <span class='ocrx_word' id='word_1_856' title='bbox 2268 2901 2317 2939; x_wconf 88' lang='lat' dir='ltr'>ad</span> <span class='ocrx_word' id='word_1_857' title='bbox 2336 2900 2487 2950; x_wconf 88' lang='lat' dir='ltr'>potiora</span> 
     </span>
     <span class='ocr_line' id='line_1_122' title="bbox 1412 2955 2524 3006; baseline -0.001 -13"><span class='ocrx_word' id='word_1_858' title='bbox 1412 2956 1606 3006; x_wconf 83' lang='lat' dir='ltr'>procedat,</span> <span class='ocrx_word' id='word_1_859' title='bbox 1619 2956 1730 2993; x_wconf 85' lang='lat' dir='ltr'>falsas</span> <span class='ocrx_word' id='word_1_860' title='bbox 1740 2955 1842 2993; x_wconf 86' lang='lat' dir='ltr'>veris</span> <span class='ocrx_word' id='word_1_861' title='bbox 1853 2955 2090 3005; x_wconf 76' lang='lat' dir='ltr'>praeponit*:</span> <span class='ocrx_word' id='word_1_862' title='bbox 2103 2956 2199 2993; x_wconf 91' lang='lat' dir='ltr'>inter</span> <span class='ocrx_word' id='word_1_863' title='bbox 2214 2967 2308 3004; x_wconf 90' lang='lat' dir='ltr'>quas</span> <span class='ocrx_word' id='word_1_864' title='bbox 2318 2956 2361 2975; x_wconf 69' lang='lat'>‘⁴&#39;</span> <span class='ocrx_word' id='word_1_865' title='bbox 2374 2966 2487 3003; x_wconf 87' lang='lat' dir='ltr'>nega·</span> <span class='ocrx_word' id='word_1_866' title='bbox 2515 2963 2524 2972; x_wconf 90' lang='lat'><strong>·</strong></span> 
     </span>
     <span class='ocr_line' id='line_1_123' title="bbox 1413 3007 2487 3058; baseline -0.002 -12"><span class='ocrx_word' id='word_1_867' title='bbox 1413 3010 1532 3047; x_wconf 90' lang='lat' dir='ltr'>tivam</span> <span class='ocrx_word' id='word_1_868' title='bbox 1551 3009 1757 3058; x_wconf 89' lang='lat' dir='ltr'>praemittit</span> <span class='ocrx_word' id='word_1_869' title='bbox 1775 3009 2038 3056; x_wconf 87' lang='lat' dir='ltr'>affirmativae,</span> <span class='ocrx_word' id='word_1_870' title='bbox 2060 3021 2149 3046; x_wconf 89' lang='lat' dir='ltr'>curn</span> <span class='ocrx_word' id='word_1_871' title='bbox 2170 3008 2258 3046; x_wconf 92' lang='lat' dir='ltr'>dicit</span> <span class='ocrx_word' id='word_1_872' title='bbox 2273 3007 2378 3058; x_wconf 78' lang='lat' dir='ltr'>quod</span> <span class='ocrx_word' id='word_1_873' title='bbox 2398 3020 2487 3045; x_wconf 90' lang='lat' dir='ltr'>con-</span> 
     </span>
     <span class='ocr_line' id='line_1_124' title="bbox 1414 3062 2485 3111; baseline -0.002 -11"><span class='ocrx_word' id='word_1_874' title='bbox 1414 3063 1519 3111; x_wconf 86' lang='lat' dir='ltr'>tingit</span> <span class='ocrx_word' id='word_1_875' title='bbox 1533 3063 1737 3100; x_wconf 88' lang='lat' dir='ltr'>enunciare</span> <span class='ocrx_word' id='word_1_876' title='bbox 1756 3063 1857 3111; x_wconf 85' lang='lat' dir='ltr'>quod</span> <span class='ocrx_word' id='word_1_877' title='bbox 1869 3069 1933 3109; x_wconf 78' lang='lat' dir='ltr'>est,</span> <span class='ocrx_word' id='word_1_878' title='bbox 1950 3062 2090 3100; x_wconf 89' lang='lat' dir='ltr'>scilicet</span> <span class='ocrx_word' id='word_1_879' title='bbox 2103 3063 2123 3084; x_wconf 85' lang='grc'><em>*</em></span> <span class='ocrx_word' id='word_1_880' title='bbox 2138 3062 2176 3099; x_wconf 90' lang='lat' dir='ltr'>in</span> <span class='ocrx_word' id='word_1_881' title='bbox 2192 3074 2320 3100; x_wconf 90' lang='lat' dir='ltr'>rerum</span> <span class='ocrx_word' id='word_1_882' title='bbox 2340 3069 2485 3108; x_wconf 85' lang='lat' dir='ltr'>natura,</span> 
     </span>
     <span class='ocr_line' id='line_1_125' title="bbox 1415 3114 2487 3165; baseline -0.002 -11"><span class='ocrx_word' id='word_1_883' title='bbox 1415 3129 1489 3154; x_wconf 90' lang='lat' dir='ltr'>non</span> <span class='ocrx_word' id='word_1_884' title='bbox 1501 3128 1589 3153; x_wconf 88' lang='lat' dir='ltr'>esse.</span> <span class='ocrx_word' id='word_1_885' title='bbox 1603 3116 1782 3153; x_wconf 89' lang='lat' dir='ltr'>Secundo</span> <span class='ocrx_word' id='word_1_886' title='bbox 1795 3123 1936 3163; x_wconf 85' lang='lat' dir='ltr'>autem,</span> <span class='ocrx_word' id='word_1_887' title='bbox 1948 3116 2056 3165; x_wconf 93' lang='lat' dir='ltr'>ponit</span> <span class='ocrx_word' id='word_1_888' title='bbox 2066 3115 2337 3153; x_wconf 89' lang='lat' dir='ltr'>affirmativam</span> <span class='ocrx_word' id='word_1_889' title='bbox 2353 3114 2487 3152; x_wconf 85' lang='lat' dir='ltr'>falsam</span> 
     </span>
     <span class='ocr_line' id='line_1_126' title="bbox 1416 3169 2487 3218; baseline -0.003 -11"><span class='ocrx_word' id='word_1_890' title='bbox 1416 3182 1505 3207; x_wconf 92' lang='lat' dir='ltr'>cum</span> <span class='ocrx_word' id='word_1_891' title='bbox 1535 3169 1637 3207; x_wconf 90' lang='lat' dir='ltr'>dicit:</span> <span class='ocrx_word' id='word_1_892' title='bbox 1663 3171 1715 3207; x_wconf 92' lang='lat' dir='ltr'>Et</span> <span class='ocrx_word' id='word_1_893' title='bbox 1740 3169 1841 3218; x_wconf 87' lang='lat' dir='ltr'>quod</span> <span class='ocrx_word' id='word_1_894' title='bbox 1859 3181 1934 3206; x_wconf 89' lang='lat' dir='ltr'>non</span> <span class='ocrx_word' id='word_1_895' title='bbox 1955 3175 2018 3216; x_wconf 87' lang='lat' dir='ltr'>est,</span> <span class='ocrx_word' id='word_1_896' title='bbox 2040 3169 2180 3207; x_wconf 90' lang='lat' dir='ltr'>scilicet</span> <span class='ocrx_word' id='word_1_897' title='bbox 2207 3169 2245 3206; x_wconf 90' lang='lat' dir='ltr'>in</span> <span class='ocrx_word' id='word_1_898' title='bbox 2265 3180 2394 3205; x_wconf 90' lang='lat' dir='ltr'>rerum</span> <span class='ocrx_word' id='word_1_899' title='bbox 2422 3179 2487 3204; x_wconf 86' lang='lat' dir='ltr'>na-</span> 
     </span>
     <span class='ocr_line' id='line_1_127' title="bbox 1414 3222 2485 3274; baseline -0.002 -14"><span class='ocrx_word' id='word_1_900' title='bbox 1414 3231 1509 3270; x_wconf 85' lang='lat' dir='ltr'>tura,</span> <span class='ocrx_word' id='word_1_901' title='bbox 1522 3235 1609 3260; x_wconf 86' lang='lat' dir='ltr'>esse.</span> <span class='ocrx_word' id='word_1_902' title='bbox 1627 3222 1759 3260; x_wconf 86' lang='lat' dir='ltr'>Tertio</span> <span class='ocrx_word' id='word_1_903' title='bbox 1772 3231 1913 3271; x_wconf 85' lang='lat' dir='ltr'>autem,</span> <span class='ocrx_word' id='word_1_904' title='bbox 1930 3222 2039 3272; x_wconf 91' lang='lat' dir='ltr'>ponit</span> <span class='ocrx_word' id='word_1_905' title='bbox 2053 3222 2324 3274; x_wconf 77' lang='lat' dir='ltr'>affirmativam</span> <span class='ocrx_word' id='word_1_906' title='bbox 2339 3232 2485 3267; x_wconf 85' lang='lat' dir='ltr'>veram,</span> 
     </span>
    </p>
   </div>
   <div class='ocr_carea' id='block_1_26' title="bbox 1414 3377 2490 3594">
    <p class='ocr_par' dir='ltr' id='par_1_31' title="bbox 1414 3377 2490 3594">
     <span class='ocr_line' id='line_1_128' title="bbox 1468 3377 2485 3416; baseline -0.005 -9"><span class='ocrx_word' id='word_1_907' title='bbox 1468 3381 1495 3416; x_wconf 91' lang='grc' dir='ltr'>γ)</span> <span class='ocrx_word' id='word_1_908' title='bbox 1512 3382 1591 3412; x_wconf 86' lang='lat' dir='ltr'>Quod</span> <span class='ocrx_word' id='word_1_909' title='bbox 1609 3382 1635 3407; x_wconf 84' lang='lat' dir='ltr'>in</span> <span class='ocrx_word' id='word_1_910' title='bbox 1656 3389 1685 3407; x_wconf 85' lang='lat' dir='ltr'>re</span> <span class='ocrx_word' id='word_1_911' title='bbox 1704 3389 1755 3407; x_wconf 84' lang='lat' dir='ltr'>non</span> <span class='ocrx_word' id='word_1_912' title='bbox 1774 3385 1822 3407; x_wconf 81' lang='lat' dir='ltr'>est.</span> <span class='ocrx_word' id='word_1_913' title='bbox 1843 3382 1879 3406; x_wconf 78' lang='lat' dir='ltr'>lta</span> <span class='ocrx_word' id='word_1_914' title='bbox 1898 3382 1987 3414; x_wconf 79' lang='lat' dir='ltr'>legunt</span> <span class='ocrx_word' id='word_1_915' title='bbox 2007 3381 2091 3411; x_wconf 70' lang='lat' dir='ltr'>codd„</span> <span class='ocrx_word' id='word_1_916' title='bbox 2110 3385 2136 3406; x_wconf 85' lang='lat' dir='ltr'>et</span> <span class='ocrx_word' id='word_1_917' title='bbox 2154 3381 2234 3411; x_wconf 84' lang='lat' dir='ltr'>bene,</span> <span class='ocrx_word' id='word_1_918' title='bbox 2253 3379 2290 3404; x_wconf 82' lang='lat' dir='ltr'>uti</span> <span class='ocrx_word' id='word_1_919' title='bbox 2309 3383 2379 3413; x_wconf 72' lang='lat' dir='ltr'>patet</span> <span class='ocrx_word' id='word_1_920' title='bbox 2396 3385 2426 3403; x_wconf 77' lang='lat' dir='ltr'>ex</span> <span class='ocrx_word' id='word_1_921' title='bbox 2445 3377 2485 3402; x_wconf 82' lang='lat' dir='ltr'>his</span> 
     </span>
     <span class='ocr_line' id='line_1_129' title="bbox 1415 3400 2488 3457; baseline -0.004 -15"><span class='ocrx_word' id='word_1_922' title='bbox 1415 3425 1482 3449; x_wconf 84' lang='lat' dir='ltr'>quae</span> <span class='ocrx_word' id='word_1_923' title='bbox 1497 3417 1645 3442; x_wconf 77' lang='lat' dir='ltr'>immediate</span> <span class='ocrx_word' id='word_1_924' title='bbox 1664 3417 1822 3450; x_wconf 81' lang='lat' dir='ltr'>praecedunt</span> <span class='ocrx_word' id='word_1_925' title='bbox 1836 3422 1862 3442; x_wconf 87' lang='lat' dir='ltr'>et</span> <span class='ocrx_word' id='word_1_926' title='bbox 1875 3422 2055 3450; x_wconf 83' lang='lat' dir='ltr'>sequuntur.-</span> <span class='ocrx_word' id='word_1_927' title='bbox 2036 3400 2143 3441; x_wconf 76' lang='lat' dir='ltr'>-Piana</span> <span class='ocrx_word' id='word_1_928' title='bbox 2158 3415 2237 3457; x_wconf 69' lang='lat' dir='ltr'>legit:</span> <span class='ocrx_word' id='word_1_929' title='bbox 2252 3414 2307 3440; x_wconf 80' lang='lat' dir='ltr'>alio</span> <span class='ocrx_word' id='word_1_930' title='bbox 2322 3413 2408 3443; x_wconf 84' lang='lat' dir='ltr'>modo,</span> <span class='ocrx_word' id='word_1_931' title='bbox 2427 3421 2488 3438; x_wconf 82' lang='lat' dir='ltr'>cum</span> 
     </span>
     <span class='ocr_line' id='line_1_130' title="bbox 1415 3449 2488 3490; baseline -0.005 -12"><span class='ocrx_word' id='word_1_932' title='bbox 1415 3453 1573 3478; x_wconf 82' lang='lat' dir='ltr'>enunciatur</span> <span class='ocrx_word' id='word_1_933' title='bbox 1595 3453 1698 3485; x_wconf 81' lang='lat' dir='ltr'>aliquid</span> <span class='ocrx_word' id='word_1_934' title='bbox 1717 3460 1768 3478; x_wconf 86' lang='lat' dir='ltr'>non</span> <span class='ocrx_word' id='word_1_935' title='bbox 1789 3460 1845 3478; x_wconf 79' lang='lat' dir='ltr'>esse</span> <span class='ocrx_word' id='word_1_936' title='bbox 1864 3452 1937 3485; x_wconf 82' lang='lat' dir='ltr'>quod</span> <span class='ocrx_word' id='word_1_937' title='bbox 1956 3455 2034 3478; x_wconf 81' lang='lat' dir='ltr'>est.—</span> <span class='ocrx_word' id='word_1_938' title='bbox 2047 3451 2090 3476; x_wconf 86' lang='lat' dir='ltr'>BC</span> <span class='ocrx_word' id='word_1_939' title='bbox 2110 3451 2250 3476; x_wconf 76' lang='lat' dir='ltr'>oscitanter</span> <span class='ocrx_word' id='word_1_940' title='bbox 2268 3449 2391 3474; x_wconf 77' lang='lat' dir='ltr'>omittunt</span> <span class='ocrx_word' id='word_1_941' title='bbox 2410 3456 2488 3490; x_wconf 63' lang='lat' dir='ltr'>supe-</span> 
     </span>
     <span class='ocr_line' id='line_1_131' title="bbox 1414 3483 2489 3522; baseline -0.005 -10"><span class='ocrx_word' id='word_1_942' title='bbox 1414 3488 1481 3512; x_wconf 84' lang='lat' dir='ltr'>riora</span> <span class='ocrx_word' id='word_1_943' title='bbox 1495 3488 1585 3513; x_wconf 76' lang='lat' dir='ltr'>verba·</span> <span class='ocrx_word' id='word_1_944' title='bbox 1601 3488 1673 3521; x_wconf 85' lang='lat' dir='ltr'>quod</span> <span class='ocrx_word' id='word_1_945' title='bbox 1686 3488 1805 3521; x_wconf 76' lang='lat' dir='ltr'>pertinet</span> <span class='ocrx_word' id='word_1_946' title='bbox 1821 3488 1858 3513; x_wconf 86' lang='lat' dir='ltr'>ad</span> <span class='ocrx_word' id='word_1_947' title='bbox 1871 3487 2078 3522; x_wconf 79' lang='lat' dir='ltr'>affirmationem</span> <span class='ocrx_word' id='word_1_948' title='bbox 2094 3493 2193 3517; x_wconf 72' lang='lat' dir='ltr'>veram,</span> <span class='ocrx_word' id='word_1_949' title='bbox 2208 3485 2275 3511; x_wconf 80' lang='lat' dir='ltr'>sicut</span> <span class='ocrx_word' id='word_1_950' title='bbox 2287 3484 2352 3509; x_wconf 74' lang='lat' dir='ltr'>infra</span> <span class='ocrx_word' id='word_1_951' title='bbox 2365 3483 2489 3509; x_wconf 83' lang='lat' dir='ltr'>ominum</span> 
     </span>
     <span class='ocr_line' id='line_1_132' title="bbox 1416 3519 2490 3557; baseline -0.005 -9"><span class='ocrx_word' id='word_1_952' title='bbox 1416 3531 1474 3548; x_wconf 91' lang='lat' dir='ltr'>cum</span> <span class='ocrx_word' id='word_1_953' title='bbox 1489 3524 1525 3548; x_wconf 95' lang='lat' dir='ltr'>A.</span> <span class='ocrx_word' id='word_1_954' title='bbox 1541 3524 1613 3556; x_wconf 84' lang='lat' dir='ltr'>quod</span> <span class='ocrx_word' id='word_1_955' title='bbox 1626 3524 1745 3556; x_wconf 83' lang='lat' dir='ltr'>pertinet</span> <span class='ocrx_word' id='word_1_956' title='bbox 1763 3523 1800 3548; x_wconf 86' lang='lat' dir='ltr'>ad</span> <span class='ocrx_word' id='word_1_957' title='bbox 1819 3523 1987 3556; x_wconf 81' lang='lat' dir='ltr'>negationem</span> <span class='ocrx_word' id='word_1_958' title='bbox 2000 3523 2111 3557; x_wconf 80' lang='lat' dir='ltr'>salsam,</span> <span class='ocrx_word' id='word_1_959' title='bbox 2132 3527 2158 3547; x_wconf 86' lang='lat' dir='ltr'>et</span> <span class='ocrx_word' id='word_1_960' title='bbox 2172 3522 2275 3554; x_wconf 81' lang='lat' dir='ltr'>legunt:</span> <span class='ocrx_word' id='word_1_961' title='bbox 2296 3523 2326 3545; x_wconf 83' lang='lat' dir='ltr'>ut</span> <span class='ocrx_word' id='word_1_962' title='bbox 2343 3519 2367 3544; x_wconf 71' lang='grc' dir='ltr'>εἰ</span> <span class='ocrx_word' id='word_1_963' title='bbox 2381 3519 2490 3545; x_wconf 85' lang='lat' dir='ltr'>dicatur</span> 
     </span>
     <span class='ocr_line' id='line_1_133' title="bbox 1417 3554 2487 3594; baseline -0.003 -10"><span class='ocrx_word' id='word_1_964' title='bbox 1417 3558 1461 3592; x_wconf 87' lang='lat' dir='ltr'>(A,</span> <span class='ocrx_word' id='word_1_965' title='bbox 1482 3562 1511 3584; x_wconf 86' lang='lat' dir='ltr'>ut</span> <span class='ocrx_word' id='word_1_966' title='bbox 1529 3566 1588 3584; x_wconf 88' lang='lat' dir='ltr'>cum</span> <span class='ocrx_word' id='word_1_967' title='bbox 1614 3558 1727 3594; x_wconf 76' lang='lat' dir='ltr'>dicitur)</span> <span class='ocrx_word' id='word_1_968' title='bbox 1749 3558 1800 3583; x_wconf 83' lang='lat' dir='ltr'>nix</span> <span class='ocrx_word' id='word_1_969' title='bbox 1822 3566 1874 3583; x_wconf 85' lang='lat' dir='ltr'>non</span> <span class='ocrx_word' id='word_1_970' title='bbox 1893 3561 1933 3583; x_wconf 83' lang='lat' dir='ltr'>est</span> <span class='ocrx_word' id='word_1_971' title='bbox 1955 3558 2032 3583; x_wconf 79' lang='lat' dir='ltr'>alba:</span> <span class='ocrx_word' id='word_1_972' title='bbox 2055 3557 2128 3590; x_wconf 80' lang='lat' dir='ltr'>quod</span> <span class='ocrx_word' id='word_1_973' title='bbox 2151 3554 2199 3591; x_wconf 88' lang='lat' dir='ltr'>(C,</span> <span class='ocrx_word' id='word_1_974' title='bbox 2219 3555 2302 3588; x_wconf 80' lang='lat' dir='ltr'>quae)</span> <span class='ocrx_word' id='word_1_975' title='bbox 2321 3558 2361 3580; x_wconf 80' lang='lat' dir='ltr'>est</span> <span class='ocrx_word' id='word_1_976' title='bbox 2379 3555 2487 3588; x_wconf 78' lang='lat' dir='ltr'>negatio</span> 
     </span>
    </p>
   </div>
   <div class='ocr_carea' id='block_1_27' title="bbox 1410 3595 1494 3628">
    <p class='ocr_par' dir='ltr' id='par_1_32' title="bbox 1410 3595 1494 3628">
     <span class='ocr_line' id='line_1_134' title="bbox 1410 3595 1494 3628; baseline 0 -9"><span class='ocrx_word' id='word_1_977' title='bbox 1410 3595 1494 3628; x_wconf 81' lang='lat' dir='ltr'>salsa.</span> 
     </span>
    </p>
   </div>
   <div class='ocr_carea' id='block_1_28' title="bbox 2508 670 2677 698">
    <p class='ocr_par' dir='ltr' id='par_1_33' title="bbox 2508 670 2677 698">
     <span class='ocr_line' id='line_1_135' title="bbox 2508 670 2677 698; baseline 0.012 -7"><span class='ocrx_word' id='word_1_978' title='bbox 2508 672 2516 679; x_wconf 86' lang='grc'><em>·</em></span> <span class='ocrx_word' id='word_1_979' title='bbox 2523 670 2576 698; x_wconf 86' lang='lat' dir='ltr'>Seq.</span> <span class='ocrx_word' id='word_1_980' title='bbox 2584 676 2636 698; x_wconf 76' lang='lat' dir='ltr'>cap.</span> <span class='ocrx_word' id='word_1_981' title='bbox 2645 677 2677 693; x_wconf 78' lang='lat' dir='ltr'>vr.</span> 
     </span>
    </p>
   </div>
   <div class='ocr_carea' id='block_1_29' title="bbox 2510 1790 2724 1840">
    <p class='ocr_par' dir='ltr' id='par_1_34' title="bbox 2510 1790 2724 1840">
     <span class='ocr_line' id='line_1_136' title="bbox 2510 1790 2724 1813; baseline 0 0"><span class='ocrx_word' id='word_1_982' title='bbox 2510 1792 2519 1800; x_wconf 90' lang='grc'>·</span> <span class='ocrx_word' id='word_1_983' title='bbox 2530 1790 2724 1813; x_wconf 54' lang='lat' dir='ltr'>andanems-da</span> 
     </span>
     <span class='ocr_line' id='line_1_137' title="bbox 2511 1819 2598 1840; baseline 0.011 -1"><span class='ocrx_word' id='word_1_984' title='bbox 2511 1819 2598 1840; x_wconf 73' lang='lat' dir='ltr'>auten.</span> 
     </span>
    </p>
   </div>
   <div class='ocr_carea' id='block_1_30' title="bbox 2512 2166 2726 2195">
    <p class='ocr_par' dir='ltr' id='par_1_35' title="bbox 2512 2166 2726 2195">
     <span class='ocr_line' id='line_1_138' title="bbox 2512 2166 2726 2195; baseline 0.005 -7"><span class='ocrx_word' id='word_1_985' title='bbox 2512 2166 2726 2195; x_wconf 63' lang='lat' dir='ltr'>‘anper-mutatio·</span> 
     </span>
    </p>
   </div>
   <div class='ocr_carea' id='block_1_31' title="bbox 2511 2379 2728 2429">
    <p class='ocr_par' dir='ltr' id='par_1_36' title="bbox 2511 2379 2728 2429">
     <span class='ocr_line' id='line_1_139' title="bbox 2512 2379 2728 2406; baseline 0 -4"><span class='ocrx_word' id='word_1_986' title='bbox 2512 2380 2558 2402; x_wconf 70' lang='lat' dir='ltr'>&#39;nt</span> <span class='ocrx_word' id='word_1_987' title='bbox 2578 2382 2602 2402; x_wconf 84' lang='lat' dir='ltr'>et</span> <span class='ocrx_word' id='word_1_988' title='bbox 2614 2379 2728 2406; x_wconf 65' lang='lat' dir='ltr'>deciam.-</span> 
     </span>
     <span class='ocr_line' id='line_1_140' title="bbox 2511 2406 2664 2429; baseline -0.007 0"><span class='ocrx_word' id='word_1_989' title='bbox 2511 2413 2559 2429; x_wconf 77' lang='lat' dir='ltr'>-cz</span> <span class='ocrx_word' id='word_1_990' title='bbox 2571 2406 2664 2429; x_wconf 76' lang='lat' dir='ltr'>eedtco.</span> 
     </span>
    </p>
   </div>
   <div class='ocr_carea' id='block_1_32' title="bbox 2514 2913 2729 2990">
    <p class='ocr_par' dir='ltr' id='par_1_37' title="bbox 2514 2913 2729 2990">
     <span class='ocr_line' id='line_1_141' title="bbox 2514 2913 2714 2937; baseline -0.01 0"><span class='ocrx_word' id='word_1_991' title='bbox 2514 2915 2524 2925; x_wconf 79' lang='lat'>&#39;</span> <span class='ocrx_word' id='word_1_992' title='bbox 2536 2913 2620 2937; x_wconf 80' lang='lat' dir='ltr'>codd.:</span> <span class='ocrx_word' id='word_1_993' title='bbox 2628 2915 2714 2936; x_wconf 64' lang='lat' dir='ltr'>m.</span> 
     </span>
     <span class='ocr_line' id='line_1_142' title="bbox 2582 2962 2729 2990; baseline 0 -6"><span class='ocrx_word' id='word_1_994' title='bbox 2582 2970 2590 2984; x_wconf 87' lang='grc'>.·</span> <span class='ocrx_word' id='word_1_995' title='bbox 2613 2962 2729 2990; x_wconf 61' lang='lat' dir='ltr'>praenu-</span> 
     </span>
    </p>
   </div>
   <div class='ocr_carea' id='block_1_33' title="bbox 2514 2988 2728 3043">
    <p class='ocr_par' dir='ltr' id='par_1_38' title="bbox 2514 2988 2728 3043">
     <span class='ocr_line' id='line_1_143' title="bbox 2514 2988 2718 3011; baseline -0.005 0"><span class='ocrx_word' id='word_1_996' title='bbox 2514 2989 2545 3011; x_wconf 70' lang='lat' dir='ltr'>ut</span> <span class='ocrx_word' id='word_1_997' title='bbox 2567 2988 2636 3011; x_wconf 70' lang='lat' dir='ltr'>alnae</span> <span class='ocrx_word' id='word_1_998' title='bbox 2646 2988 2718 3011; x_wconf 62' lang='lat' dir='ltr'>veris.</span> 
     </span>
     <span class='ocr_line' id='line_1_144' title="bbox 2514 3014 2728 3043; baseline 0 -6"><span class='ocrx_word' id='word_1_999' title='bbox 2514 3017 2534 3027; x_wconf 92' lang='grc'>··</span> <span class='ocrx_word' id='word_1_1000' title='bbox 2565 3014 2728 3043; x_wconf 69' lang='lat' dir='ltr'>empesalsae.</span> 
     </span>
    </p>
   </div>
   <div class='ocr_carea' id='block_1_34' title="bbox 2515 3066 2729 3091">
    <p class='ocr_par' dir='ltr' id='par_1_39' title="bbox 2515 3066 2729 3091">
     <span class='ocr_line' id='line_1_145' title="bbox 2515 3066 2729 3091; baseline -0.009 0"><span class='ocrx_word' id='word_1_1001' title='bbox 2515 3067 2652 3091; x_wconf 69' lang='lat' dir='ltr'>‘SdHcetex</span> <span class='ocrx_word' id='word_1_1002' title='bbox 2658 3066 2729 3090; x_wconf 77' lang='lat' dir='ltr'>codd.</span> 
     </span>
    </p>
   </div>
  </div>
 </body>
</html>
