<?xml version="1.0" encoding="UTF-8"?>
<!DOCTYPE html PUBLIC "-//W3C//DTD XHTML 1.0 Transitional//EN"
    "http://www.w3.org/TR/xhtml1/DTD/xhtml1-transitional.dtd">
<html xmlns="http://www.w3.org/1999/xhtml" xml:lang="en" lang="en">
 <head>
  <title>
</title>
<meta http-equiv="Content-Type" content="text/html;charset=utf-8" />
  <meta name='ocr-system' content='tesseract 3.04.00' />
  <meta name='ocr-capabilities' content='ocr_page ocr_carea ocr_par ocr_line ocrx_word'/>
</head>
<body>
  <div class='ocr_page' id='page_1' title='image "./operaomniaiussui01thom_0419.png"; bbox 0 0 2788 4204; ppageno 0'>
   <div class='ocr_carea' id='block_1_1' title="bbox 51 367 177 395">
    <p class='ocr_par' dir='ltr' id='par_1_1' title="bbox 51 367 177 395">
     <span class='ocr_line' id='line_1_1' title="bbox 51 367 177 395; baseline -0.016 -6"><span class='ocrx_word' id='word_1_1' title='bbox 51 370 60 379; x_wconf 78' lang='grc'><em>·</em></span> <span class='ocrx_word' id='word_1_2' title='bbox 70 367 140 389; x_wconf 84' lang='lat' dir='ltr'>Num.</span> <span class='ocrx_word' id='word_1_3' title='bbox 153 373 177 395; x_wconf 85' lang='lat'>9.</span> 
     </span>
    </p>
   </div>
   <div class='ocr_carea' id='block_1_2' title="bbox 50 845 268 1051">
    <p class='ocr_par' dir='ltr' id='par_1_2' title="bbox 52 845 268 893">
     <span class='ocr_line' id='line_1_2' title="bbox 52 845 268 867; baseline 0 -1"><span class='ocrx_word' id='word_1_4' title='bbox 52 846 65 857; x_wconf 70' lang='lat'>⁴</span> <span class='ocrx_word' id='word_1_5' title='bbox 73 850 114 867; x_wconf 63' lang='lat' dir='ltr'>ac:</span> <span class='ocrx_word' id='word_1_6' title='bbox 125 845 167 866; x_wconf 71' lang='lat' dir='ltr'>rub</span> <span class='ocrx_word' id='word_1_7' title='bbox 177 851 205 867; x_wconf 85' lang='lat' dir='ltr'>eo</span> <span class='ocrx_word' id='word_1_8' title='bbox 216 851 268 866; x_wconf 86' lang='lat' dir='ltr'>con·</span> 
     </span>
     <span class='ocr_line' id='line_1_3' title="bbox 56 871 150 893; baseline -0.011 0"><span class='ocrx_word' id='word_1_9' title='bbox 56 871 150 893; x_wconf 73' lang='lat' dir='ltr'>tinctur.</span> 
     </span>
    </p>

    <p class='ocr_par' dir='ltr' id='par_1_3' title="bbox 52 897 266 998">
     <span class='ocr_line' id='line_1_4' title="bbox 52 897 265 920; baseline 0 -1"><span class='ocrx_word' id='word_1_10' title='bbox 52 898 72 908; x_wconf 76' lang='lat'>&#39;¹‘</span> <span class='ocrx_word' id='word_1_11' title='bbox 84 897 159 920; x_wconf 84' lang='lat' dir='ltr'>Codd.</span> <span class='ocrx_word' id='word_1_12' title='bbox 182 898 265 919; x_wconf 86' lang='lat' dir='ltr'>cohae-</span> 
     </span>
     <span class='ocr_line' id='line_1_5' title="bbox 52 923 265 951; baseline 0 -6"><span class='ocrx_word' id='word_1_13' title='bbox 52 927 128 946; x_wconf 84' lang='lat' dir='ltr'>renter</span> <span class='ocrx_word' id='word_1_14' title='bbox 143 923 170 945; x_wconf 76' lang='lat' dir='ltr'>ad</span> <span class='ocrx_word' id='word_1_15' title='bbox 183 930 265 951; x_wconf 85' lang='lat' dir='ltr'>supra-</span> 
     </span>
     <span class='ocr_line' id='line_1_6' title="bbox 54 950 266 978; baseline 0 -6"><span class='ocrx_word' id='word_1_16' title='bbox 54 950 122 972; x_wconf 77' lang='lat' dir='ltr'>dicta.</span> <span class='ocrx_word' id='word_1_17' title='bbox 132 962 141 966; x_wconf 99' lang='lat'>-</span> <span class='ocrx_word' id='word_1_18' title='bbox 150 957 180 972; x_wconf 80' lang='lat'>¹³.:</span> <span class='ocrx_word' id='word_1_19' title='bbox 191 956 266 978; x_wconf 79' lang='lat' dir='ltr'>prae-</span> 
     </span>
     <span class='ocr_line' id='line_1_7' title="bbox 52 976 146 998; baseline 0 0"><span class='ocrx_word' id='word_1_20' title='bbox 52 976 146 998; x_wconf 73' lang='lat' dir='ltr'>dicatis.</span> 
     </span>
    </p>

    <p class='ocr_par' dir='ltr' id='par_1_4' title="bbox 50 1002 265 1051">
     <span class='ocr_line' id='line_1_8' title="bbox 50 1002 265 1024; baseline 0 0"><span class='ocrx_word' id='word_1_21' title='bbox 50 1003 142 1024; x_wconf 63' lang='lat' dir='ltr'>‘nem</span> <span class='ocrx_word' id='word_1_22' title='bbox 157 1002 192 1024; x_wconf 81' lang='lat' dir='ltr'>ad</span> <span class='ocrx_word' id='word_1_23' title='bbox 204 1002 265 1024; x_wconf 83' lang='lat' dir='ltr'>idem</span> 
     </span>
     <span class='ocr_line' id='line_1_9' title="bbox 51 1029 204 1051; baseline -0.007 0"><span class='ocrx_word' id='word_1_24' title='bbox 51 1029 146 1051; x_wconf 67' lang='lat' dir='ltr'>inventa</span> <span class='ocrx_word' id='word_1_25' title='bbox 160 1031 204 1051; x_wconf 75' lang='lat' dir='ltr'>est.</span> 
     </span>
    </p>
   </div>
   <div class='ocr_carea' id='block_1_3' title="bbox 50 1097 169 1130">
    <p class='ocr_par' dir='ltr' id='par_1_5' title="bbox 50 1097 169 1130">
     <span class='ocr_line' id='line_1_10' title="bbox 50 1097 169 1130; baseline -0.017 -4"><span class='ocrx_word' id='word_1_26' title='bbox 50 1106 62 1118; x_wconf 68' lang='lat'>⁴</span> <span class='ocrx_word' id='word_1_27' title='bbox 79 1097 169 1130; x_wconf 74' lang='grc' dir='ltr'><strong>οὗδείς.</strong></span> 
     </span>
    </p>
   </div>
   <div class='ocr_carea' id='block_1_4' title="bbox 50 1132 204 1165">
    <p class='ocr_par' dir='ltr' id='par_1_6' title="bbox 50 1132 204 1165">
     <span class='ocr_line' id='line_1_11' title="bbox 50 1132 204 1165; baseline 0 -5"><span class='ocrx_word' id='word_1_28' title='bbox 50 1142 74 1155; x_wconf 62' lang='lat'>⁸*</span> <span class='ocrx_word' id='word_1_29' title='bbox 87 1132 146 1160; x_wconf 67' lang='grc' dir='ltr'><strong>οῦδὲ</strong></span> <span class='ocrx_word' id='word_1_30' title='bbox 162 1133 204 1165; x_wconf 81' lang='grc' dir='ltr'>εἷς.</span> 
     </span>
    </p>
   </div>
   <div class='ocr_carea' id='block_1_5' title="bbox 1145 282 1620 330">
    <p class='ocr_par' dir='ltr' id='par_1_7' title="bbox 1145 282 1620 330">
     <span class='ocr_line' id='line_1_12' title="bbox 1145 282 1620 330; baseline 0.006 -12"><span class='ocrx_word' id='word_1_31' title='bbox 1145 282 1256 319; x_wconf 87' lang='lat' dir='ltr'>CAP.</span> <span class='ocrx_word' id='word_1_32' title='bbox 1285 283 1373 330; x_wconf 80' lang='lat' dir='ltr'>vn,</span> <span class='ocrx_word' id='word_1_33' title='bbox 1404 284 1554 321; x_wconf 89' lang='lat' dir='ltr'>LECT.</span> <span class='ocrx_word' id='word_1_34' title='bbox 1585 285 1620 321; x_wconf 86' lang='lat' dir='ltr'>x</span> 
     </span>
    </p>
   </div>
   <div class='ocr_carea' id='block_1_6' title="bbox 291 357 1362 1360">
    <p class='ocr_par' dir='ltr' id='par_1_8' title="bbox 291 357 1362 1360">
     <span class='ocr_line' id='line_1_13' title="bbox 352 357 1356 410; baseline 0.004 -16"><span class='ocrx_word' id='word_1_35' title='bbox 352 358 409 394; x_wconf 88' lang='lat'>13.</span> <span class='ocrx_word' id='word_1_36' title='bbox 432 357 537 394; x_wconf 91' lang='lat' dir='ltr'>Sicut</span> <span class='ocrx_word' id='word_1_37' title='bbox 555 365 684 395; x_wconf 91' lang='lat' dir='ltr'>autem</span> <span class='ocrx_word' id='word_1_38' title='bbox 704 370 819 406; x_wconf 91' lang='lat' dir='ltr'>supra</span> <span class='ocrx_word' id='word_1_39' title='bbox 838 359 981 395; x_wconf 90' lang='lat' dir='ltr'>dictum</span> <span class='ocrx_word' id='word_1_40' title='bbox 1002 367 1057 396; x_wconf 91' lang='lat' dir='ltr'>est</span> <span class='ocrx_word' id='word_1_41' title='bbox 1072 361 1104 407; x_wconf 74' lang='lat'>*,</span> <span class='ocrx_word' id='word_1_42' title='bbox 1125 361 1356 410; x_wconf 86' lang='lat' dir='ltr'>quandoque</span> 
     </span>
     <span class='ocr_line' id='line_1_14' title="bbox 294 409 1357 461; baseline 0.004 -15"><span class='ocrx_word' id='word_1_43' title='bbox 294 409 435 459; x_wconf 91' lang='lat' dir='ltr'>aliquid</span> <span class='ocrx_word' id='word_1_44' title='bbox 463 410 674 448; x_wconf 88' lang='lat' dir='ltr'>attribuitur</span> <span class='ocrx_word' id='word_1_45' title='bbox 700 411 906 448; x_wconf 90' lang='lat' dir='ltr'>universali</span> <span class='ocrx_word' id='word_1_46' title='bbox 934 412 1077 449; x_wconf 91' lang='lat' dir='ltr'>ratione</span> <span class='ocrx_word' id='word_1_47' title='bbox 1106 413 1223 461; x_wconf 90' lang='lat' dir='ltr'>ipsius</span> <span class='ocrx_word' id='word_1_48' title='bbox 1251 422 1357 451; x_wconf 88' lang='lat' dir='ltr'>natu-</span> 
     </span>
     <span class='ocr_line' id='line_1_15' title="bbox 293 462 1357 514; baseline 0.003 -14"><span class='ocrx_word' id='word_1_49' title='bbox 293 475 358 500; x_wconf 91' lang='lat' dir='ltr'>rae</span> <span class='ocrx_word' id='word_1_50' title='bbox 385 462 629 509; x_wconf 71' lang='lat' dir='ltr'>universalis,</span> <span class='ocrx_word' id='word_1_51' title='bbox 651 471 687 500; x_wconf 92' lang='lat' dir='ltr'>et</span> <span class='ocrx_word' id='word_1_52' title='bbox 715 463 802 500; x_wconf 87' lang='lat' dir='ltr'>ideo</span> <span class='ocrx_word' id='word_1_53' title='bbox 826 465 901 500; x_wconf 97' lang='grc'><strong>1106</strong></span> <span class='ocrx_word' id='word_1_54' title='bbox 930 464 1063 502; x_wconf 90' lang='lat' dir='ltr'>dicitur</span> <span class='ocrx_word' id='word_1_55' title='bbox 1080 466 1290 514; x_wconf 87' lang='lat' dir='ltr'>praedicari</span> <span class='ocrx_word' id='word_1_56' title='bbox 1311 467 1357 504; x_wconf 92' lang='lat' dir='ltr'>de</span> 
     </span>
     <span class='ocr_line' id='line_1_16' title="bbox 294 515 1358 565; baseline 0.003 -12"><span class='ocrx_word' id='word_1_57' title='bbox 294 528 341 553; x_wconf 90' lang='lat' dir='ltr'>eo</span> <span class='ocrx_word' id='word_1_58' title='bbox 369 515 645 562; x_wconf 90' lang='lat' dir='ltr'>universaliter,</span> <span class='ocrx_word' id='word_1_59' title='bbox 674 516 762 565; x_wconf 91' lang='lat' dir='ltr'>quia</span> <span class='ocrx_word' id='word_1_60' title='bbox 791 516 929 554; x_wconf 89' lang='lat' dir='ltr'>scilicet</span> <span class='ocrx_word' id='word_1_61' title='bbox 957 517 991 553; x_wconf 92' lang='lat' dir='ltr'>ei</span> <span class='ocrx_word' id='word_1_62' title='bbox 1021 518 1198 555; x_wconf 90' lang='lat' dir='ltr'>convenit</span> <span class='ocrx_word' id='word_1_63' title='bbox 1226 531 1358 557; x_wconf 88' lang='lat' dir='ltr'>secun-</span> 
     </span>
     <span class='ocr_line' id='line_1_17' title="bbox 294 568 1359 619; baseline 0.004 -13"><span class='ocrx_word' id='word_1_64' title='bbox 294 568 387 606; x_wconf 91' lang='lat' dir='ltr'>dum</span> <span class='ocrx_word' id='word_1_65' title='bbox 415 575 535 604; x_wconf 90' lang='lat' dir='ltr'>totam</span> <span class='ocrx_word' id='word_1_66' title='bbox 563 569 843 606; x_wconf 83' lang='lat' dir='ltr'>multitudinem</span> <span class='ocrx_word' id='word_1_67' title='bbox 863 569 901 606; x_wconf 93' lang='lat' dir='ltr'>in</span> <span class='ocrx_word' id='word_1_68' title='bbox 930 583 1006 619; x_wconf 92' lang='lat' dir='ltr'>qua</span> <span class='ocrx_word' id='word_1_69' title='bbox 1024 571 1233 618; x_wconf 90' lang='lat' dir='ltr'>invenitur;</span> <span class='ocrx_word' id='word_1_70' title='bbox 1256 574 1359 611; x_wconf 88' lang='lat' dir='ltr'>etad</span> 
     </span>
     <span class='ocr_line' id='line_1_18' title="bbox 293 620 1359 673; baseline 0.005 -16"><span class='ocrx_word' id='word_1_71' title='bbox 293 622 368 658; x_wconf 92' lang='lat' dir='ltr'>hoc</span> <span class='ocrx_word' id='word_1_72' title='bbox 387 620 663 668; x_wconf 87' lang='lat' dir='ltr'>designandum</span> <span class='ocrx_word' id='word_1_73' title='bbox 688 622 727 659; x_wconf 93' lang='lat' dir='ltr'>in</span> <span class='ocrx_word' id='word_1_74' title='bbox 752 623 988 661; x_wconf 87' lang='lat' dir='ltr'>affirmativis</span> <span class='ocrx_word' id='word_1_75' title='bbox 1015 624 1359 673; x_wconf 87' lang='lat' dir='ltr'>praedicationibus</span> 
     </span>
     <span class='ocr_line' id='line_1_19' title="bbox 294 673 1359 727; baseline 0.004 -15"><span class='ocrx_word' id='word_1_76' title='bbox 294 673 499 712; x_wconf 88' lang='lat' dir='ltr'>adinventa</span> <span class='ocrx_word' id='word_1_77' title='bbox 527 681 583 711; x_wconf 89' lang='lat' dir='ltr'>est</span> <span class='ocrx_word' id='word_1_78' title='bbox 610 675 706 711; x_wconf 90' lang='lat' dir='ltr'>haec</span> <span class='ocrx_word' id='word_1_79' title='bbox 734 675 863 723; x_wconf 91' lang='lat' dir='ltr'>dictio,</span> <span class='ocrx_word' id='word_1_80' title='bbox 891 677 1032 723; x_wconf 79' lang='lat' dir='ltr'>omnis,</span> <span class='ocrx_word' id='word_1_81' title='bbox 1060 689 1158 726; x_wconf 88' lang='lat' dir='ltr'>quae</span> <span class='ocrx_word' id='word_1_82' title='bbox 1188 678 1359 727; x_wconf 87' lang='lat' dir='ltr'>designat</span> 
     </span>
     <span class='ocr_line' id='line_1_20' title="bbox 294 726 1359 776; baseline 0.006 -14"><span class='ocrx_word' id='word_1_83' title='bbox 294 726 399 776; x_wconf 90' lang='lat' dir='ltr'>quod</span> <span class='ocrx_word' id='word_1_84' title='bbox 426 726 688 775; x_wconf 87' lang='lat' dir='ltr'>praedicatum</span> <span class='ocrx_word' id='word_1_85' title='bbox 717 729 928 766; x_wconf 88' lang='lat' dir='ltr'>attribuitur</span> <span class='ocrx_word' id='word_1_86' title='bbox 956 730 1125 768; x_wconf 91' lang='lat' dir='ltr'>subiecto</span> <span class='ocrx_word' id='word_1_87' title='bbox 1154 732 1359 769; x_wconf 87' lang='lat' dir='ltr'>universali</span> 
     </span>
     <span class='ocr_line' id='line_1_21' title="bbox 295 780 1359 831; baseline 0.007 -16"><span class='ocrx_word' id='word_1_88' title='bbox 295 787 480 828; x_wconf 88' lang='lat' dir='ltr'>quantum</span> <span class='ocrx_word' id='word_1_89' title='bbox 509 780 558 816; x_wconf 86' lang='lat' dir='ltr'>ad</span> <span class='ocrx_word' id='word_1_90' title='bbox 586 788 709 818; x_wconf 91' lang='lat' dir='ltr'>totum</span> <span class='ocrx_word' id='word_1_91' title='bbox 729 781 767 818; x_wconf 92' lang='lat' dir='ltr'>id</span> <span class='ocrx_word' id='word_1_92' title='bbox 787 782 892 831; x_wconf 89' lang='lat' dir='ltr'>quod</span> <span class='ocrx_word' id='word_1_93' title='bbox 911 784 982 820; x_wconf 93' lang='lat' dir='ltr'>sub</span> <span class='ocrx_word' id='word_1_94' title='bbox 1003 784 1171 821; x_wconf 93' lang='lat' dir='ltr'>subiecto</span> <span class='ocrx_word' id='word_1_95' title='bbox 1193 785 1359 822; x_wconf 91' lang='lat' dir='ltr'>contine-</span> 
     </span>
     <span class='ocr_line' id='line_1_22' title="bbox 293 833 1359 884; baseline 0.006 -15"><span class='ocrx_word' id='word_1_96' title='bbox 293 840 354 870; x_wconf 88' lang='lat' dir='ltr'>tur</span> <span class='ocrx_word' id='word_1_97' title='bbox 370 833 399 870; x_wconf 83' lang='grc'>*.</span> <span class='ocrx_word' id='word_1_98' title='bbox 417 833 460 869; x_wconf 87' lang='grc'>111</span> <span class='ocrx_word' id='word_1_99' title='bbox 479 833 662 880; x_wconf 87' lang='lat' dir='ltr'>negativis</span> <span class='ocrx_word' id='word_1_100' title='bbox 682 842 810 872; x_wconf 88' lang='lat' dir='ltr'>autem</span> <span class='ocrx_word' id='word_1_101' title='bbox 830 836 1173 884; x_wconf 89' lang='lat' dir='ltr'>praedicationibus</span> <span class='ocrx_word' id='word_1_102' title='bbox 1194 839 1236 858; x_wconf 64' lang='lat'>*⁵</span> <span class='ocrx_word' id='word_1_103' title='bbox 1255 838 1359 876; x_wconf 89' lang='lat' dir='ltr'>adin-</span> 
     </span>
     <span class='ocr_line' id='line_1_23' title="bbox 292 886 1360 938; baseline 0.006 -16"><span class='ocrx_word' id='word_1_104' title='bbox 292 892 409 923; x_wconf 90' lang='lat' dir='ltr'>venta</span> <span class='ocrx_word' id='word_1_105' title='bbox 424 892 478 922; x_wconf 90' lang='lat' dir='ltr'>est</span> <span class='ocrx_word' id='word_1_106' title='bbox 489 887 508 905; x_wconf 73' lang='lat'>⁴¹*</span> <span class='ocrx_word' id='word_1_107' title='bbox 519 886 615 923; x_wconf 88' lang='lat' dir='ltr'>haec</span> <span class='ocrx_word' id='word_1_108' title='bbox 636 887 761 934; x_wconf 92' lang='lat' dir='ltr'>dictio,</span> <span class='ocrx_word' id='word_1_109' title='bbox 773 888 907 934; x_wconf 84' lang='lat' dir='ltr'>nullus,</span> <span class='ocrx_word' id='word_1_110' title='bbox 918 902 988 937; x_wconf 91' lang='lat' dir='ltr'>per</span> <span class='ocrx_word' id='word_1_111' title='bbox 1002 902 1119 938; x_wconf 90' lang='lat' dir='ltr'>quam</span> <span class='ocrx_word' id='word_1_112' title='bbox 1130 890 1360 938; x_wconf 89' lang='lat' dir='ltr'>significatur</span> 
     </span>
     <span class='ocr_line' id='line_1_24' title="bbox 294 938 1360 987; baseline 0.006 -13"><span class='ocrx_word' id='word_1_113' title='bbox 294 938 400 987; x_wconf 92' lang='lat' dir='ltr'>quod</span> <span class='ocrx_word' id='word_1_114' title='bbox 413 938 674 986; x_wconf 89' lang='lat' dir='ltr'>praedicatum</span> <span class='ocrx_word' id='word_1_115' title='bbox 694 949 915 979; x_wconf 89' lang='lat' dir='ltr'>removetur</span> <span class='ocrx_word' id='word_1_116' title='bbox 933 955 956 978; x_wconf 90' lang='lat' dir='ltr'>a</span> <span class='ocrx_word' id='word_1_117' title='bbox 971 942 1139 979; x_wconf 89' lang='lat' dir='ltr'>subiecto</span> <span class='ocrx_word' id='word_1_118' title='bbox 1155 943 1360 980; x_wconf 91' lang='lat' dir='ltr'>universali</span> 
     </span>
     <span class='ocr_line' id='line_1_25' title="bbox 295 991 1359 1042; baseline 0.005 -14"><span class='ocrx_word' id='word_1_119' title='bbox 295 991 507 1028; x_wconf 90' lang='lat' dir='ltr'>secundum</span> <span class='ocrx_word' id='word_1_120' title='bbox 523 999 645 1029; x_wconf 91' lang='lat' dir='ltr'>totum</span> <span class='ocrx_word' id='word_1_121' title='bbox 664 992 703 1030; x_wconf 92' lang='lat' dir='ltr'>id</span> <span class='ocrx_word' id='word_1_122' title='bbox 719 993 824 1042; x_wconf 92' lang='lat' dir='ltr'>quod</span> <span class='ocrx_word' id='word_1_123' title='bbox 845 995 1056 1032; x_wconf 87' lang='lat' dir='ltr'>continetur</span> <span class='ocrx_word' id='word_1_124' title='bbox 1075 996 1146 1032; x_wconf 92' lang='lat' dir='ltr'>sub</span> <span class='ocrx_word' id='word_1_125' title='bbox 1167 1008 1225 1032; x_wconf 93' lang='lat' dir='ltr'>eo.</span> <span class='ocrx_word' id='word_1_126' title='bbox 1247 997 1359 1033; x_wconf 91' lang='lat' dir='ltr'>Unde</span> 
     </span>
     <span class='ocr_line' id='line_1_26' title="bbox 295 1044 1358 1096; baseline 0.005 -16"><span class='ocrx_word' id='word_1_127' title='bbox 295 1044 418 1081; x_wconf 81' lang='lat' dir='ltr'>nullus</span> <span class='ocrx_word' id='word_1_128' title='bbox 439 1044 573 1082; x_wconf 91' lang='lat' dir='ltr'>dicitur</span> <span class='ocrx_word' id='word_1_129' title='bbox 592 1046 700 1094; x_wconf 90' lang='lat' dir='ltr'>quasi</span> <span class='ocrx_word' id='word_1_130' title='bbox 720 1058 794 1083; x_wconf 91' lang='lat' dir='ltr'>non</span> <span class='ocrx_word' id='word_1_131' title='bbox 815 1047 922 1093; x_wconf 84' lang='lat' dir='ltr'>ullus,</span> <span class='ocrx_word' id='word_1_132' title='bbox 944 1055 980 1084; x_wconf 92' lang='lat' dir='ltr'>et</span> <span class='ocrx_word' id='word_1_133' title='bbox 999 1048 1038 1084; x_wconf 92' lang='lat' dir='ltr'>in</span> <span class='ocrx_word' id='word_1_134' title='bbox 1056 1060 1192 1095; x_wconf 88' lang='lat' dir='ltr'>graeco</span> <span class='ocrx_word' id='word_1_135' title='bbox 1214 1048 1358 1096; x_wconf 88' lang='lat' dir='ltr'>dicitur,</span> 
     </span>
     <span class='ocr_line' id='line_1_27' title="bbox 295 1097 1362 1148; baseline 0.005 -15"><span class='ocrx_word' id='word_1_136' title='bbox 295 1097 406 1134; x_wconf 74' lang='lat' dir='ltr'>udis*</span> <span class='ocrx_word' id='word_1_137' title='bbox 422 1097 530 1146; x_wconf 90' lang='lat' dir='ltr'>quasi</span> <span class='ocrx_word' id='word_1_138' title='bbox 549 1110 618 1134; x_wconf 89' lang='lat' dir='ltr'>nec</span> <span class='ocrx_word' id='word_1_139' title='bbox 637 1111 733 1135; x_wconf 80' lang='lat' dir='ltr'>unus</span> <span class='ocrx_word' id='word_1_140' title='bbox 750 1099 803 1144; x_wconf 83' lang='lat'>**‚</span> <span class='ocrx_word' id='word_1_141' title='bbox 820 1100 909 1148; x_wconf 90' lang='lat' dir='ltr'>quia</span> <span class='ocrx_word' id='word_1_142' title='bbox 927 1113 999 1136; x_wconf 88' lang='lat' dir='ltr'>nec</span> <span class='ocrx_word' id='word_1_143' title='bbox 1017 1113 1139 1137; x_wconf 92' lang='lat' dir='ltr'>unum</span> <span class='ocrx_word' id='word_1_144' title='bbox 1159 1102 1284 1138; x_wconf 92' lang='lat' dir='ltr'>solum</span> <span class='ocrx_word' id='word_1_145' title='bbox 1306 1110 1362 1138; x_wconf 92' lang='lat' dir='ltr'>est</span> 
     </span>
     <span class='ocr_line' id='line_1_28' title="bbox 294 1149 1361 1202; baseline 0.006 -17"><span class='ocrx_word' id='word_1_146' title='bbox 294 1149 465 1198; x_wconf 88' lang='lat' dir='ltr'>accipere</span> <span class='ocrx_word' id='word_1_147' title='bbox 494 1150 565 1186; x_wconf 92' lang='lat' dir='ltr'>sub</span> <span class='ocrx_word' id='word_1_148' title='bbox 594 1151 764 1188; x_wconf 88' lang='lat' dir='ltr'>subiecto</span> <span class='ocrx_word' id='word_1_149' title='bbox 783 1152 988 1189; x_wconf 88' lang='lat' dir='ltr'>universali</span> <span class='ocrx_word' id='word_1_150' title='bbox 1016 1166 1038 1190; x_wconf 87' lang='lat' dir='ltr'>a</span> <span class='ocrx_word' id='word_1_151' title='bbox 1062 1166 1139 1202; x_wconf 93' lang='lat' dir='ltr'>quo</span> <span class='ocrx_word' id='word_1_152' title='bbox 1166 1154 1361 1202; x_wconf 91' lang='lat' dir='ltr'>praedica-</span> 
     </span>
     <span class='ocr_line' id='line_1_29' title="bbox 292 1205 1361 1253; baseline 0.005 -15"><span class='ocrx_word' id='word_1_153' title='bbox 292 1209 375 1239; x_wconf 90' lang='lat' dir='ltr'>tum</span> <span class='ocrx_word' id='word_1_154' title='bbox 394 1214 474 1239; x_wconf 92' lang='lat' dir='ltr'>non</span> <span class='ocrx_word' id='word_1_155' title='bbox 489 1211 744 1240; x_wconf 88' lang='lat' dir='ltr'>removeatur.</span> <span class='ocrx_word' id='word_1_156' title='bbox 757 1205 1028 1253; x_wconf 88' lang='lat' dir='ltr'>-Quandoque</span> <span class='ocrx_word' id='word_1_157' title='bbox 1047 1214 1176 1243; x_wconf 91' lang='lat' dir='ltr'>autem</span> <span class='ocrx_word' id='word_1_158' title='bbox 1195 1206 1361 1243; x_wconf 86' lang='lat' dir='ltr'>attribui-</span> 
     </span>
     <span class='ocr_line' id='line_1_30' title="bbox 292 1254 1361 1305; baseline 0.005 -14"><span class='ocrx_word' id='word_1_159' title='bbox 292 1262 353 1292; x_wconf 92' lang='lat' dir='ltr'>tur</span> <span class='ocrx_word' id='word_1_160' title='bbox 370 1254 574 1292; x_wconf 86' lang='lat' dir='ltr'>universali</span> <span class='ocrx_word' id='word_1_161' title='bbox 593 1256 735 1305; x_wconf 90' lang='lat' dir='ltr'>aliquid</span> <span class='ocrx_word' id='word_1_162' title='bbox 753 1258 815 1294; x_wconf 89' lang='lat' dir='ltr'>vel</span> <span class='ocrx_word' id='word_1_163' title='bbox 837 1266 1057 1295; x_wconf 90' lang='lat' dir='ltr'>removetur</span> <span class='ocrx_word' id='word_1_164' title='bbox 1075 1259 1123 1295; x_wconf 91' lang='lat' dir='ltr'>ab</span> <span class='ocrx_word' id='word_1_165' title='bbox 1144 1271 1191 1296; x_wconf 88' lang='lat' dir='ltr'>eo</span> <span class='ocrx_word' id='word_1_166' title='bbox 1217 1259 1361 1297; x_wconf 90' lang='lat' dir='ltr'>ratione</span> 
     </span>
     <span class='ocr_line' id='line_1_31' title="bbox 291 1307 1361 1360; baseline 0.007 -17"><span class='ocrx_word' id='word_1_167' title='bbox 291 1307 543 1357; x_wconf 90' lang='lat' dir='ltr'>particularis;</span> <span class='ocrx_word' id='word_1_168' title='bbox 565 1315 602 1345; x_wconf 91' lang='lat' dir='ltr'>et</span> <span class='ocrx_word' id='word_1_169' title='bbox 629 1309 678 1346; x_wconf 89' lang='lat' dir='ltr'>ad</span> <span class='ocrx_word' id='word_1_170' title='bbox 706 1310 781 1346; x_wconf 93' lang='grc'><strong>1106</strong></span> <span class='ocrx_word' id='word_1_171' title='bbox 810 1310 1098 1358; x_wconf 89' lang='lat' dir='ltr'>designandum,</span> <span class='ocrx_word' id='word_1_172' title='bbox 1124 1312 1161 1348; x_wconf 91' lang='lat' dir='ltr'>in</span> <span class='ocrx_word' id='word_1_173' title='bbox 1189 1313 1361 1360; x_wconf 88' lang='lat' dir='ltr'>affirma-</span> 
     </span>
    </p>
   </div>
   <div class='ocr_carea' id='block_1_7' title="bbox 263 1357 1360 1413">
    <p class='ocr_par' dir='ltr' id='par_1_9' title="bbox 263 1357 1360 1413">
     <span class='ocr_line' id='line_1_32' title="bbox 263 1357 1360 1413; baseline 0.005 -16"><span class='ocrx_word' id='word_1_174' title='bbox 263 1400 266 1401; x_wconf 16' lang='lat'>.</span> <span class='ocrx_word' id='word_1_175' title='bbox 291 1357 552 1410; x_wconf 49' lang='lat' dir='ltr'>&amp;sequidem</span> <span class='ocrx_word' id='word_1_176' title='bbox 572 1361 778 1399; x_wconf 89' lang='lat' dir='ltr'>adinventa</span> <span class='ocrx_word' id='word_1_177' title='bbox 797 1370 853 1399; x_wconf 88' lang='lat' dir='ltr'>est</span> <span class='ocrx_word' id='word_1_178' title='bbox 871 1364 966 1401; x_wconf 90' lang='lat' dir='ltr'>haec</span> <span class='ocrx_word' id='word_1_179' title='bbox 991 1364 1116 1411; x_wconf 94' lang='lat' dir='ltr'>dictio,</span> <span class='ocrx_word' id='word_1_180' title='bbox 1143 1365 1278 1413; x_wconf 82' lang='lat' dir='ltr'>aliquis</span> <span class='ocrx_word' id='word_1_181' title='bbox 1297 1367 1360 1403; x_wconf 91' lang='lat' dir='ltr'>vel</span> 
     </span>
    </p>
   </div>
   <div class='ocr_carea' id='block_1_8' title="bbox 3 2211 265 2243">
    <p class='ocr_par' dir='ltr' id='par_1_10' title="bbox 3 2211 265 2243">
     <span class='ocr_line' id='line_1_33' title="bbox 3 2211 265 2243; baseline 0 -4"><span class='ocrx_word' id='word_1_182' title='bbox 3 2211 6 2214; x_wconf 60' lang='grc'><strong>’</strong></span> <span class='ocrx_word' id='word_1_183' title='bbox 51 2217 265 2243; x_wconf 54' lang='lat' dir='ltr'>‘Amatam-o,—</span> 
     </span>
    </p>
   </div>
   <div class='ocr_carea' id='block_1_9' title="bbox 51 2243 264 2266">
    <p class='ocr_par' dir='ltr' id='par_1_11' title="bbox 51 2243 264 2266">
     <span class='ocr_line' id='line_1_34' title="bbox 51 2243 264 2266; baseline -0.005 0"><span class='ocrx_word' id='word_1_184' title='bbox 51 2249 78 2266; x_wconf 73' lang='grc' dir='ltr'>ιε</span> <span class='ocrx_word' id='word_1_185' title='bbox 92 2243 264 2266; x_wconf 68' lang='lat' dir='ltr'>attamen.</span> 
     </span>
    </p>
   </div>
   <div class='ocr_carea' id='block_1_10' title="bbox 52 2537 265 2586">
    <p class='ocr_par' dir='ltr' id='par_1_12' title="bbox 52 2537 265 2586">
     <span class='ocr_line' id='line_1_35' title="bbox 52 2537 265 2586; baseline 0 -26"><span class='ocrx_word' id='word_1_186' title='bbox 52 2538 97 2586; x_wconf 44' lang='lat' dir='ltr'>:vm</span> <span class='ocrx_word' id='word_1_187' title='bbox 103 2553 109 2560; x_wconf 88' lang='lat'>.</span> <span class='ocrx_word' id='word_1_188' title='bbox 117 2543 199 2566; x_wconf 73' lang='lat' dir='ltr'>sup-n.</span> <span class='ocrx_word' id='word_1_189' title='bbox 207 2544 230 2566; x_wconf 90' lang='lat'>9,</span> <span class='ocrx_word' id='word_1_190' title='bbox 240 2537 265 2560; x_wconf 89' lang='lat' dir='ltr'>in</span> 
     </span>
    </p>
   </div>
   <div class='ocr_carea' id='block_1_11' title="bbox 52 2641 193 2665">
    <p class='ocr_par' dir='ltr' id='par_1_13' title="bbox 52 2641 193 2665">
     <span class='ocr_line' id='line_1_36' title="bbox 52 2641 193 2665; baseline 0 -1"><span class='ocrx_word' id='word_1_191' title='bbox 52 2641 63 2651; x_wconf 84' lang='lat'>&#39;</span> <span class='ocrx_word' id='word_1_192' title='bbox 72 2641 144 2665; x_wconf 77' lang='lat' dir='ltr'>Num.</span> <span class='ocrx_word' id='word_1_193' title='bbox 154 2642 193 2664; x_wconf 81' lang='lat' dir='ltr'>cir.</span> 
     </span>
    </p>
   </div>
   <div class='ocr_carea' id='block_1_12' title="bbox 293 1414 1361 1520">
    <p class='ocr_par' dir='ltr' id='par_1_14' title="bbox 293 1414 1361 1520">
     <span class='ocr_line' id='line_1_37' title="bbox 293 1414 1361 1466; baseline 0.006 -16"><span class='ocrx_word' id='word_1_194' title='bbox 293 1414 464 1462; x_wconf 83' lang='lat' dir='ltr'>quidam,</span> <span class='ocrx_word' id='word_1_195' title='bbox 484 1426 555 1462; x_wconf 90' lang='lat' dir='ltr'>per</span> <span class='ocrx_word' id='word_1_196' title='bbox 573 1427 691 1463; x_wconf 89' lang='lat' dir='ltr'>quarn</span> <span class='ocrx_word' id='word_1_197' title='bbox 707 1415 924 1463; x_wconf 89' lang='lat' dir='ltr'>designatur</span> <span class='ocrx_word' id='word_1_198' title='bbox 938 1417 1043 1466; x_wconf 93' lang='lat' dir='ltr'>quod</span> <span class='ocrx_word' id='word_1_199' title='bbox 1063 1419 1324 1466; x_wconf 88' lang='lat' dir='ltr'>praedicatum</span> <span class='ocrx_word' id='word_1_200' title='bbox 1342 1420 1361 1440; x_wconf 83' lang='lat'><em>*</em></span> 
     </span>
     <span class='ocr_line' id='line_1_38' title="bbox 293 1466 1360 1520; baseline 0.007 -17"><span class='ocrx_word' id='word_1_201' title='bbox 293 1466 504 1504; x_wconf 87' lang='lat' dir='ltr'>attribuitur</span> <span class='ocrx_word' id='word_1_202' title='bbox 518 1467 687 1504; x_wconf 91' lang='lat' dir='ltr'>subiecto</span> <span class='ocrx_word' id='word_1_203' title='bbox 707 1468 912 1506; x_wconf 90' lang='lat' dir='ltr'>universali</span> <span class='ocrx_word' id='word_1_204' title='bbox 927 1467 940 1492; x_wconf 62' lang='grc' dir='ltr'><strong><em>ε</em></strong></span> <span class='ocrx_word' id='word_1_205' title='bbox 954 1470 1098 1508; x_wconf 88' lang='lat' dir='ltr'>ratione</span> <span class='ocrx_word' id='word_1_206' title='bbox 1113 1471 1230 1519; x_wconf 90' lang='lat' dir='ltr'>ipsius</span> <span class='ocrx_word' id='word_1_207' title='bbox 1247 1474 1360 1520; x_wconf 92' lang='lat' dir='ltr'>parti-</span> 
     </span>
    </p>
   </div>
   <div class='ocr_carea' id='block_1_13' title="bbox 293 1519 1381 1572">
    <p class='ocr_par' dir='ltr' id='par_1_15' title="bbox 293 1519 1381 1572">
     <span class='ocr_line' id='line_1_39' title="bbox 293 1519 1381 1572; baseline 0.006 -15"><span class='ocrx_word' id='word_1_208' title='bbox 293 1519 443 1566; x_wconf 81' lang='lat' dir='ltr'>cularis3</span> <span class='ocrx_word' id='word_1_209' title='bbox 460 1520 528 1557; x_wconf 89' lang='lat' dir='ltr'>sed</span> <span class='ocrx_word' id='word_1_210' title='bbox 543 1520 632 1569; x_wconf 88' lang='lat' dir='ltr'>quia</span> <span class='ocrx_word' id='word_1_211' title='bbox 641 1533 720 1558; x_wconf 93' lang='lat' dir='ltr'>non</span> <span class='ocrx_word' id='word_1_212' title='bbox 735 1521 982 1571; x_wconf 80' lang='lat' dir='ltr'>determinate</span> <span class='ocrx_word' id='word_1_213' title='bbox 997 1524 1182 1572; x_wconf 87' lang='lat' dir='ltr'>significat</span> <span class='ocrx_word' id='word_1_214' title='bbox 1195 1526 1360 1564; x_wconf 84' lang='lat' dir='ltr'>formam</span> <span class='ocrx_word' id='word_1_215' title='bbox 1378 1553 1381 1557; x_wconf 80' lang='grc'><strong>-</strong></span> 
     </span>
    </p>
   </div>
   <div class='ocr_carea' id='block_1_14' title="bbox 290 1573 1361 2790">
    <p class='ocr_par' dir='ltr' id='par_1_16' title="bbox 291 1573 1360 1995">
     <span class='ocr_line' id='line_1_40' title="bbox 293 1573 1360 1624; baseline 0.007 -15"><span class='ocrx_word' id='word_1_216' title='bbox 293 1573 449 1611; x_wconf 87' lang='lat' dir='ltr'>alicuius</span> <span class='ocrx_word' id='word_1_217' title='bbox 475 1573 688 1621; x_wconf 86' lang='lat' dir='ltr'>singularis,</span> <span class='ocrx_word' id='word_1_218' title='bbox 716 1575 787 1611; x_wconf 91' lang='lat' dir='ltr'>sub</span> <span class='ocrx_word' id='word_1_219' title='bbox 812 1576 980 1624; x_wconf 92' lang='lat' dir='ltr'>quadam</span> <span class='ocrx_word' id='word_1_220' title='bbox 1006 1577 1360 1617; x_wconf 89' lang='lat' dir='ltr'>indeterminatione</span> 
     </span>
     <span class='ocr_line' id='line_1_41' title="bbox 292 1625 1359 1674; baseline 0.007 -12"><span class='ocrx_word' id='word_1_221' title='bbox 292 1625 480 1674; x_wconf 83' lang='lat' dir='ltr'>singulare</span> <span class='ocrx_word' id='word_1_222' title='bbox 499 1626 686 1674; x_wconf 89' lang='lat' dir='ltr'>designat;</span> <span class='ocrx_word' id='word_1_223' title='bbox 706 1628 810 1664; x_wconf 91' lang='lat' dir='ltr'>unde</span> <span class='ocrx_word' id='word_1_224' title='bbox 831 1636 867 1665; x_wconf 92' lang='lat' dir='ltr'>et</span> <span class='ocrx_word' id='word_1_225' title='bbox 886 1629 1020 1667; x_wconf 89' lang='lat' dir='ltr'>dicitur</span> <span class='ocrx_word' id='word_1_226' title='bbox 1043 1631 1275 1670; x_wconf 80' lang='lat' dir='ltr'>individuum</span> <span class='ocrx_word' id='word_1_227' title='bbox 1293 1645 1359 1670; x_wconf 75' lang='lat' dir='ltr'>va-</span> 
     </span>
     <span class='ocr_line' id='line_1_42' title="bbox 291 1680 1358 1733; baseline 0.007 -18"><span class='ocrx_word' id='word_1_228' title='bbox 291 1690 397 1729; x_wconf 81' lang='lat' dir='ltr'>gum.</span> <span class='ocrx_word' id='word_1_229' title='bbox 428 1680 471 1716; x_wconf 91' lang='lat' dir='ltr'>In</span> <span class='ocrx_word' id='word_1_230' title='bbox 499 1680 683 1729; x_wconf 81' lang='lat' dir='ltr'>negativis</span> <span class='ocrx_word' id='word_1_231' title='bbox 712 1687 841 1717; x_wconf 88' lang='lat' dir='ltr'>autem</span> <span class='ocrx_word' id='word_1_232' title='bbox 864 1694 942 1719; x_wconf 92' lang='lat' dir='ltr'>non</span> <span class='ocrx_word' id='word_1_233' title='bbox 967 1682 1027 1720; x_wconf 82' lang='lat' dir='ltr'>‘est</span> <span class='ocrx_word' id='word_1_234' title='bbox 1054 1684 1179 1733; x_wconf 90' lang='lat' dir='ltr'>aliqua</span> <span class='ocrx_word' id='word_1_235' title='bbox 1197 1686 1218 1706; x_wconf 71' lang='lat'>&#39;¹²</span> <span class='ocrx_word' id='word_1_236' title='bbox 1246 1686 1358 1723; x_wconf 90' lang='lat' dir='ltr'>dictio</span> 
     </span>
     <span class='ocr_line' id='line_1_43' title="bbox 291 1732 1358 1786; baseline 0.007 -18"><span class='ocrx_word' id='word_1_237' title='bbox 291 1732 426 1781; x_wconf 91' lang='lat' dir='ltr'>posita,</span> <span class='ocrx_word' id='word_1_238' title='bbox 444 1732 512 1769; x_wconf 86' lang='lat' dir='ltr'>sed</span> <span class='ocrx_word' id='word_1_239' title='bbox 530 1744 737 1781; x_wconf 89' lang='lat' dir='ltr'>possumus</span> <span class='ocrx_word' id='word_1_240' title='bbox 752 1733 935 1782; x_wconf 88' lang='lat' dir='ltr'>accipere,</span> <span class='ocrx_word' id='word_1_241' title='bbox 952 1748 1026 1772; x_wconf 91' lang='lat' dir='ltr'>non</span> <span class='ocrx_word' id='word_1_242' title='bbox 1042 1738 1183 1783; x_wconf 83' lang='lat' dir='ltr'>omnis;</span> <span class='ocrx_word' id='word_1_243' title='bbox 1196 1746 1238 1775; x_wconf 94' lang='lat' dir='ltr'>ut</span> <span class='ocrx_word' id='word_1_244' title='bbox 1252 1739 1358 1786; x_wconf 86' lang='lat' dir='ltr'>sicut,</span> 
     </span>
     <span class='ocr_line' id='line_1_44' title="bbox 293 1785 1360 1838; baseline 0.007 -16"><span class='ocrx_word' id='word_1_245' title='bbox 293 1785 437 1831; x_wconf 79' lang='lat' dir='ltr'>nullus,</span> <span class='ocrx_word' id='word_1_246' title='bbox 463 1785 725 1824; x_wconf 91' lang='lat' dir='ltr'>universaliter</span> <span class='ocrx_word' id='word_1_247' title='bbox 753 1795 944 1834; x_wconf 88' lang='lat' dir='ltr'>removet,</span> <span class='ocrx_word' id='word_1_248' title='bbox 975 1801 1022 1825; x_wconf 89' lang='lat' dir='ltr'>eo</span> <span class='ocrx_word' id='word_1_249' title='bbox 1043 1790 1148 1838; x_wconf 92' lang='lat' dir='ltr'>quod</span> <span class='ocrx_word' id='word_1_250' title='bbox 1176 1790 1360 1838; x_wconf 90' lang='lat' dir='ltr'>significat</span> 
     </span>
     <span class='ocr_line' id='line_1_45' title="bbox 293 1837 1360 1891; baseline 0.007 -17"><span class='ocrx_word' id='word_1_251' title='bbox 293 1838 401 1887; x_wconf 86' lang='lat' dir='ltr'>quasi</span> <span class='ocrx_word' id='word_1_252' title='bbox 430 1837 627 1885; x_wconf 86' lang='lat' dir='ltr'>diceretur,</span> <span class='ocrx_word' id='word_1_253' title='bbox 648 1851 722 1876; x_wconf 90' lang='lat' dir='ltr'>non</span> <span class='ocrx_word' id='word_1_254' title='bbox 753 1839 866 1885; x_wconf 84' lang='lat' dir='ltr'>ullus,</span> <span class='ocrx_word' id='word_1_255' title='bbox 891 1839 1003 1888; x_wconf 89' lang='lat' dir='ltr'>idest,</span> <span class='ocrx_word' id='word_1_256' title='bbox 1030 1854 1104 1879; x_wconf 90' lang='lat' dir='ltr'>non</span> <span class='ocrx_word' id='word_1_257' title='bbox 1132 1842 1283 1891; x_wconf 85' lang='lat' dir='ltr'>aliquis,</span> <span class='ocrx_word' id='word_1_258' title='bbox 1309 1845 1360 1882; x_wconf 91' lang='lat' dir='ltr'>ita</span> 
     </span>
     <span class='ocr_line' id='line_1_46' title="bbox 292 1891 1360 1946; baseline 0.007 -19"><span class='ocrx_word' id='word_1_259' title='bbox 292 1891 423 1938; x_wconf 81' lang='lat' dir='ltr'>etiam,</span> <span class='ocrx_word' id='word_1_260' title='bbox 440 1903 515 1928; x_wconf 87' lang='lat' dir='ltr'>non</span> <span class='ocrx_word' id='word_1_261' title='bbox 531 1891 664 1937; x_wconf 81' lang='lat' dir='ltr'>omnis,</span> <span class='ocrx_word' id='word_1_262' title='bbox 678 1891 950 1941; x_wconf 88' lang='lat' dir='ltr'>particulariter</span> <span class='ocrx_word' id='word_1_263' title='bbox 963 1903 1174 1942; x_wconf 88' lang='lat' dir='ltr'>removeat,</span> <span class='ocrx_word' id='word_1_264' title='bbox 1189 1896 1228 1933; x_wconf 92' lang='lat' dir='ltr'>in</span> <span class='ocrx_word' id='word_1_265' title='bbox 1242 1910 1360 1946; x_wconf 89' lang='lat' dir='ltr'>quan-</span> 
     </span>
     <span class='ocr_line' id='line_1_47' title="bbox 291 1943 1184 1995; baseline 0.006 -15"><span class='ocrx_word' id='word_1_266' title='bbox 291 1951 374 1981; x_wconf 85' lang='lat' dir='ltr'>tum</span> <span class='ocrx_word' id='word_1_267' title='bbox 402 1943 566 1981; x_wconf 87' lang='lat' dir='ltr'>excludit</span> <span class='ocrx_word' id='word_1_268' title='bbox 591 1944 849 1982; x_wconf 87' lang='lat' dir='ltr'>universalem</span> <span class='ocrx_word' id='word_1_269' title='bbox 878 1946 1184 1995; x_wconf 82' lang='lat' dir='ltr'>affirmationem.</span> 
     </span>
    </p>

    <p class='ocr_par' dir='ltr' id='par_1_17' title="bbox 290 1996 1361 2577">
     <span class='ocr_line' id='line_1_48' title="bbox 350 1996 1360 2046; baseline 0.007 -13"><span class='ocrx_word' id='word_1_270' title='bbox 350 2008 408 2044; x_wconf 87' lang='lat'>14.</span> <span class='ocrx_word' id='word_1_271' title='bbox 437 1996 500 2034; x_wconf 93' lang='lat' dir='ltr'>Sic</span> <span class='ocrx_word' id='word_1_272' title='bbox 526 1997 636 2045; x_wconf 92' lang='lat' dir='ltr'>igitur</span> <span class='ocrx_word' id='word_1_273' title='bbox 664 1998 734 2035; x_wconf 89' lang='lat' dir='ltr'>tria</span> <span class='ocrx_word' id='word_1_274' title='bbox 767 2006 854 2035; x_wconf 93' lang='lat' dir='ltr'>sunt</span> <span class='ocrx_word' id='word_1_275' title='bbox 887 2010 1026 2046; x_wconf 90' lang='lat' dir='ltr'>genera</span> <span class='ocrx_word' id='word_1_276' title='bbox 1060 2001 1360 2040; x_wconf 88' lang='lat' dir='ltr'>affirmationum</span> 
     </span>
     <span class='ocr_line' id='line_1_49' title="bbox 290 2049 1360 2101; baseline 0.007 -15"><span class='ocrx_word' id='word_1_277' title='bbox 290 2049 331 2086; x_wconf 88' lang='lat' dir='ltr'>in</span> <span class='ocrx_word' id='word_1_278' title='bbox 358 2049 496 2099; x_wconf 92' lang='lat' dir='ltr'>quibus</span> <span class='ocrx_word' id='word_1_279' title='bbox 516 2050 658 2099; x_wconf 90' lang='lat' dir='ltr'>aliquid</span> <span class='ocrx_word' id='word_1_280' title='bbox 678 2051 724 2088; x_wconf 91' lang='lat' dir='ltr'>de</span> <span class='ocrx_word' id='word_1_281' title='bbox 750 2050 955 2088; x_wconf 90' lang='lat' dir='ltr'>universali</span> <span class='ocrx_word' id='word_1_282' title='bbox 981 2053 1258 2101; x_wconf 89' lang='lat' dir='ltr'>praedicatur.-</span> <span class='ocrx_word' id='word_1_283' title='bbox 1274 2057 1360 2094; x_wconf 89' lang='lat' dir='ltr'>Una</span> 
     </span>
     <span class='ocr_line' id='line_1_50' title="bbox 291 2102 1361 2154; baseline 0.007 -15"><span class='ocrx_word' id='word_1_284' title='bbox 291 2102 448 2152; x_wconf 83' lang='lat' dir='ltr'>quidem</span> <span class='ocrx_word' id='word_1_285' title='bbox 483 2110 549 2150; x_wconf 90' lang='lat' dir='ltr'>est,</span> <span class='ocrx_word' id='word_1_286' title='bbox 574 2103 612 2141; x_wconf 93' lang='lat' dir='ltr'>in</span> <span class='ocrx_word' id='word_1_287' title='bbox 632 2116 709 2152; x_wconf 87' lang='lat' dir='ltr'>qua</span> <span class='ocrx_word' id='word_1_288' title='bbox 733 2104 780 2141; x_wconf 91' lang='lat' dir='ltr'>de</span> <span class='ocrx_word' id='word_1_289' title='bbox 807 2105 1012 2142; x_wconf 90' lang='lat' dir='ltr'>universali</span> <span class='ocrx_word' id='word_1_290' title='bbox 1023 2107 1270 2154; x_wconf 85' lang='lat' dir='ltr'>praedicatur</span> <span class='ocrx_word' id='word_1_291' title='bbox 1297 2110 1361 2146; x_wconf 87' lang='lat' dir='ltr'>ali-</span> 
     </span>
     <span class='ocr_line' id='line_1_51' title="bbox 291 2155 1360 2207; baseline 0.007 -14"><span class='ocrx_word' id='word_1_292' title='bbox 291 2155 385 2205; x_wconf 91' lang='lat' dir='ltr'>quid</span> <span class='ocrx_word' id='word_1_293' title='bbox 410 2155 688 2203; x_wconf 90' lang='lat' dir='ltr'>universaliter;</span> <span class='ocrx_word' id='word_1_294' title='bbox 715 2164 757 2194; x_wconf 92' lang='lat' dir='ltr'>ut</span> <span class='ocrx_word' id='word_1_295' title='bbox 785 2170 873 2194; x_wconf 91' lang='lat' dir='ltr'>cum</span> <span class='ocrx_word' id='word_1_296' title='bbox 915 2158 1066 2207; x_wconf 90' lang='lat' dir='ltr'>dicitur,</span> <span class='ocrx_word' id='word_1_297' title='bbox 1096 2161 1217 2197; x_wconf 79' lang='lat' dir='ltr'>omnis</span> <span class='ocrx_word' id='word_1_298' title='bbox 1247 2163 1360 2200; x_wconf 87' lang='lat' dir='ltr'>homo</span> 
     </span>
     <span class='ocr_line' id='line_1_52' title="bbox 292 2209 1359 2261; baseline 0.007 -16"><span class='ocrx_word' id='word_1_299' title='bbox 292 2215 347 2246; x_wconf 85' lang='lat' dir='ltr'>est</span> <span class='ocrx_word' id='word_1_300' title='bbox 371 2209 525 2246; x_wconf 89' lang='lat' dir='ltr'>animal.</span> <span class='ocrx_word' id='word_1_301' title='bbox 542 2231 557 2237; x_wconf 95' lang='lat'><em>-</em></span> <span class='ocrx_word' id='word_1_302' title='bbox 571 2210 656 2247; x_wconf 89' lang='lat' dir='ltr'>Alia</span> <span class='ocrx_word' id='word_1_303' title='bbox 677 2211 711 2257; x_wconf 71' lang='lat'>²⁸,</span> <span class='ocrx_word' id='word_1_304' title='bbox 732 2210 771 2247; x_wconf 90' lang='lat' dir='ltr'>in</span> <span class='ocrx_word' id='word_1_305' title='bbox 791 2223 867 2259; x_wconf 91' lang='lat' dir='ltr'>qua</span> <span class='ocrx_word' id='word_1_306' title='bbox 885 2211 1026 2260; x_wconf 89' lang='lat' dir='ltr'>aliquid</span> <span class='ocrx_word' id='word_1_307' title='bbox 1044 2213 1284 2261; x_wconf 89' lang='lat' dir='ltr'>praedicatur</span> <span class='ocrx_word' id='word_1_308' title='bbox 1312 2216 1359 2253; x_wconf 92' lang='lat' dir='ltr'>de</span> 
     </span>
     <span class='ocr_line' id='line_1_53' title="bbox 290 2261 1359 2315; baseline 0.007 -17"><span class='ocrx_word' id='word_1_309' title='bbox 290 2261 496 2299; x_wconf 89' lang='lat' dir='ltr'>universali</span> <span class='ocrx_word' id='word_1_310' title='bbox 523 2263 810 2311; x_wconf 88' lang='lat' dir='ltr'>particulariter;</span> <span class='ocrx_word' id='word_1_311' title='bbox 830 2271 872 2300; x_wconf 92' lang='lat' dir='ltr'>ut</span> <span class='ocrx_word' id='word_1_312' title='bbox 900 2277 989 2301; x_wconf 89' lang='lat' dir='ltr'>curn</span> <span class='ocrx_word' id='word_1_313' title='bbox 1027 2265 1180 2314; x_wconf 89' lang='lat' dir='ltr'>dicitur,</span> <span class='ocrx_word' id='word_1_314' title='bbox 1207 2268 1359 2315; x_wconf 86' lang='lat' dir='ltr'>quidam</span> 
     </span>
     <span class='ocr_line' id='line_1_54' title="bbox 291 2316 1360 2370; baseline 0.007 -19"><span class='ocrx_word' id='word_1_315' title='bbox 291 2316 404 2352; x_wconf 84' lang='lat' dir='ltr'>homo</span> <span class='ocrx_word' id='word_1_316' title='bbox 432 2321 488 2352; x_wconf 83' lang='lat' dir='ltr'>est</span> <span class='ocrx_word' id='word_1_317' title='bbox 511 2316 629 2353; x_wconf 82' lang='lat' dir='ltr'>albus.</span> <span class='ocrx_word' id='word_1_318' title='bbox 646 2338 660 2344; x_wconf 97' lang='lat'>-</span> <span class='ocrx_word' id='word_1_319' title='bbox 675 2316 805 2354; x_wconf 88' lang='lat' dir='ltr'>Tertia</span> <span class='ocrx_word' id='word_1_320' title='bbox 835 2330 930 2355; x_wconf 88' lang='lat' dir='ltr'>vero</span> <span class='ocrx_word' id='word_1_321' title='bbox 966 2327 1036 2366; x_wconf 88' lang='lat' dir='ltr'>est,</span> <span class='ocrx_word' id='word_1_322' title='bbox 1057 2319 1095 2356; x_wconf 93' lang='lat' dir='ltr'>in</span> <span class='ocrx_word' id='word_1_323' title='bbox 1115 2332 1190 2368; x_wconf 89' lang='lat' dir='ltr'>qua</span> <span class='ocrx_word' id='word_1_324' title='bbox 1218 2321 1360 2370; x_wconf 89' lang='lat' dir='ltr'>aliquid</span> 
     </span>
     <span class='ocr_line' id='line_1_55' title="bbox 293 2367 1358 2419; baseline 0.007 -15"><span class='ocrx_word' id='word_1_325' title='bbox 293 2367 341 2404; x_wconf 91' lang='lat' dir='ltr'>de</span> <span class='ocrx_word' id='word_1_326' title='bbox 367 2367 573 2406; x_wconf 89' lang='lat' dir='ltr'>universali</span> <span class='ocrx_word' id='word_1_327' title='bbox 599 2369 839 2418; x_wconf 89' lang='lat' dir='ltr'>praedicatur</span> <span class='ocrx_word' id='word_1_328' title='bbox 866 2371 1011 2419; x_wconf 88' lang='lat' dir='ltr'>absque</span> <span class='ocrx_word' id='word_1_329' title='bbox 1045 2372 1358 2411; x_wconf 88' lang='lat' dir='ltr'>determinatione</span> 
     </span>
     <span class='ocr_line' id='line_1_56' title="bbox 291 2420 1357 2471; baseline 0.007 -14"><span class='ocrx_word' id='word_1_330' title='bbox 291 2420 581 2458; x_wconf 89' lang='lat' dir='ltr'>universalitatis</span> <span class='ocrx_word' id='word_1_331' title='bbox 599 2423 662 2459; x_wconf 93' lang='lat' dir='ltr'>vel</span> <span class='ocrx_word' id='word_1_332' title='bbox 680 2423 990 2471; x_wconf 90' lang='lat' dir='ltr'>particularitatis;</span> <span class='ocrx_word' id='word_1_333' title='bbox 1010 2425 1113 2461; x_wconf 92' lang='lat' dir='ltr'>unde</span> <span class='ocrx_word' id='word_1_334' title='bbox 1137 2426 1357 2468; x_wconf 87' lang='lat' dir='ltr'>huiusmodi</span> 
     </span>
     <span class='ocr_line' id='line_1_57' title="bbox 294 2473 1356 2523; baseline 0.008 -14"><span class='ocrx_word' id='word_1_335' title='bbox 294 2473 507 2510; x_wconf 91' lang='lat' dir='ltr'>enunciatio</span> <span class='ocrx_word' id='word_1_336' title='bbox 527 2475 623 2511; x_wconf 90' lang='lat' dir='ltr'>solet</span> <span class='ocrx_word' id='word_1_337' title='bbox 641 2475 771 2512; x_wconf 92' lang='lat' dir='ltr'>vocari</span> <span class='ocrx_word' id='word_1_338' title='bbox 790 2476 991 2523; x_wconf 88' lang='lat' dir='ltr'>indefinita.</span> <span class='ocrx_word' id='word_1_339' title='bbox 1003 2499 1017 2504; x_wconf 95' lang='lat'><em>-</em></span> <span class='ocrx_word' id='word_1_340' title='bbox 1029 2478 1209 2515; x_wconf 87' lang='lat' dir='ltr'>Totidem</span> <span class='ocrx_word' id='word_1_341' title='bbox 1229 2487 1356 2517; x_wconf 88' lang='lat' dir='ltr'>autem</span> 
     </span>
     <span class='ocr_line' id='line_1_58' title="bbox 293 2527 897 2577; baseline 0.003 -14"><span class='ocrx_word' id='word_1_342' title='bbox 293 2534 380 2563; x_wconf 93' lang='lat' dir='ltr'>sunt</span> <span class='ocrx_word' id='word_1_343' title='bbox 407 2527 626 2574; x_wconf 89' lang='lat' dir='ltr'>negationes</span> <span class='ocrx_word' id='word_1_344' title='bbox 655 2528 853 2577; x_wconf 90' lang='lat' dir='ltr'>oppositae</span> <span class='ocrx_word' id='word_1_345' title='bbox 867 2529 897 2565; x_wconf 61' lang='lat'>⁸².</span> 
     </span>
    </p>

    <p class='ocr_par' dir='ltr' id='par_1_18' title="bbox 291 2580 1359 2790">
     <span class='ocr_line' id='line_1_59' title="bbox 352 2580 1359 2632; baseline 0.006 -16"><span class='ocrx_word' id='word_1_346' title='bbox 352 2592 364 2616; x_wconf 94' lang='lat'><strong>1</strong></span> <span class='ocrx_word' id='word_1_347' title='bbox 377 2580 409 2617; x_wconf 91' lang='lat'>5.</span> <span class='ocrx_word' id='word_1_348' title='bbox 426 2581 486 2616; x_wconf 93' lang='lat' dir='ltr'>De</span> <span class='ocrx_word' id='word_1_349' title='bbox 506 2580 683 2627; x_wconf 84' lang='lat' dir='ltr'>singulari</span> <span class='ocrx_word' id='word_1_350' title='bbox 702 2589 830 2618; x_wconf 89' lang='lat' dir='ltr'>autern</span> <span class='ocrx_word' id='word_1_351' title='bbox 851 2582 1027 2630; x_wconf 91' lang='lat' dir='ltr'>quamvis</span> <span class='ocrx_word' id='word_1_352' title='bbox 1047 2582 1188 2632; x_wconf 91' lang='lat' dir='ltr'>aliquid</span> <span class='ocrx_word' id='word_1_353' title='bbox 1208 2584 1359 2622; x_wconf 92' lang='lat' dir='ltr'>diversa</span> 
     </span>
     <span class='ocr_line' id='line_1_60' title="bbox 292 2632 1359 2683; baseline 0.005 -14"><span class='ocrx_word' id='word_1_354' title='bbox 292 2632 436 2669; x_wconf 89' lang='lat' dir='ltr'>ratione</span> <span class='ocrx_word' id='word_1_355' title='bbox 454 2633 712 2681; x_wconf 84' lang='lat' dir='ltr'>praedicetur,</span> <span class='ocrx_word' id='word_1_356' title='bbox 737 2642 779 2671; x_wconf 92' lang='lat' dir='ltr'>ut</span> <span class='ocrx_word' id='word_1_357' title='bbox 798 2647 912 2683; x_wconf 90' lang='lat' dir='ltr'>supra</span> <span class='ocrx_word' id='word_1_358' title='bbox 931 2635 1073 2672; x_wconf 92' lang='lat' dir='ltr'>dictum</span> <span class='ocrx_word' id='word_1_359' title='bbox 1093 2644 1149 2673; x_wconf 90' lang='lat' dir='ltr'>est</span> <span class='ocrx_word' id='word_1_360' title='bbox 1170 2637 1199 2683; x_wconf 88' lang='lat'>*,</span> <span class='ocrx_word' id='word_1_361' title='bbox 1230 2644 1359 2674; x_wconf 91' lang='lat' dir='ltr'>tamen</span> 
     </span>
     <span class='ocr_line' id='line_1_61' title="bbox 291 2686 1358 2738; baseline 0.005 -16"><span class='ocrx_word' id='word_1_362' title='bbox 291 2692 414 2723; x_wconf 90' lang='lat' dir='ltr'>totum</span> <span class='ocrx_word' id='word_1_363' title='bbox 434 2686 593 2723; x_wconf 85' lang='lat' dir='ltr'>refertur</span> <span class='ocrx_word' id='word_1_364' title='bbox 611 2687 660 2724; x_wconf 93' lang='lat' dir='ltr'>ad</span> <span class='ocrx_word' id='word_1_365' title='bbox 679 2687 972 2736; x_wconf 87' lang='lat' dir='ltr'>singularitatem</span> <span class='ocrx_word' id='word_1_366' title='bbox 992 2688 1121 2737; x_wconf 92' lang='lat' dir='ltr'>ipsius,</span> <span class='ocrx_word' id='word_1_367' title='bbox 1137 2689 1226 2738; x_wconf 91' lang='lat' dir='ltr'>quia</span> <span class='ocrx_word' id='word_1_368' title='bbox 1245 2690 1358 2727; x_wconf 91' lang='lat' dir='ltr'>etiam</span> 
     </span>
     <span class='ocr_line' id='line_1_62' title="bbox 292 2738 1357 2790; baseline 0.006 -16"><span class='ocrx_word' id='word_1_369' title='bbox 292 2745 427 2775; x_wconf 87' lang='lat' dir='ltr'>natura</span> <span class='ocrx_word' id='word_1_370' title='bbox 443 2738 668 2776; x_wconf 89' lang='lat' dir='ltr'>universalis</span> <span class='ocrx_word' id='word_1_371' title='bbox 695 2740 734 2777; x_wconf 92' lang='lat' dir='ltr'>in</span> <span class='ocrx_word' id='word_1_372' title='bbox 762 2741 845 2790; x_wconf 91' lang='lat' dir='ltr'>ipso</span> <span class='ocrx_word' id='word_1_373' title='bbox 874 2741 1051 2789; x_wconf 86' lang='lat' dir='ltr'>singulari</span> <span class='ocrx_word' id='word_1_374' title='bbox 1079 2741 1357 2789; x_wconf 87' lang='lat' dir='ltr'>individuatur;</span> 
     </span>
    </p>
   </div>
   <div class='ocr_carea' id='block_1_15' title="bbox 293 2836 1360 3635">
    <p class='ocr_par' dir='ltr' id='par_1_19' title="bbox 293 2836 1360 3635">
     <span class='ocr_line' id='line_1_63' title="bbox 294 2836 1356 2874; baseline 0.005 -11"><span class='ocrx_word' id='word_1_375' title='bbox 294 2837 379 2871; x_wconf 79' lang='lat' dir='ltr'>doque</span> <span class='ocrx_word' id='word_1_376' title='bbox 395 2838 464 2863; x_wconf 84' lang='lat' dir='ltr'>enim</span> <span class='ocrx_word' id='word_1_377' title='bbox 480 2836 489 2873; x_wconf 89' lang='lat'><strong>(</strong></span> <span class='ocrx_word' id='word_1_378' title='bbox 495 2839 516 2864; x_wconf 95' lang='lat' dir='ltr'>C</span> <span class='ocrx_word' id='word_1_379' title='bbox 529 2839 623 2864; x_wconf 86' lang='lat' dir='ltr'>omittit</span> <span class='ocrx_word' id='word_1_380' title='bbox 634 2838 718 2874; x_wconf 88' lang='lat' dir='ltr'>enim)</span> <span class='ocrx_word' id='word_1_381' title='bbox 734 2839 892 2865; x_wconf 75' lang='lat' dir='ltr'>attribuitur</span> <span class='ocrx_word' id='word_1_382' title='bbox 909 2840 1012 2873; x_wconf 80' lang='lat' dir='ltr'>aliquid</span> <span class='ocrx_word' id='word_1_383' title='bbox 1027 2842 1170 2867; x_wconf 78' lang='lat' dir='ltr'>universali</span> <span class='ocrx_word' id='word_1_384' title='bbox 1184 2847 1261 2867; x_wconf 88' lang='lat' dir='ltr'>etc.-</span> <span class='ocrx_word' id='word_1_385' title='bbox 1274 2843 1356 2867; x_wconf 88' lang='lat' dir='ltr'>Codd.</span> 
     </span>
     <span class='ocr_line' id='line_1_64' title="bbox 293 2873 1358 2910; baseline 0.005 -12"><span class='ocrx_word' id='word_1_386' title='bbox 293 2873 354 2898; x_wconf 72' lang='lat' dir='ltr'>AD:</span> <span class='ocrx_word' id='word_1_387' title='bbox 374 2873 518 2899; x_wconf 78' lang='lat' dir='ltr'>universali</span> <span class='ocrx_word' id='word_1_388' title='bbox 534 2874 572 2899; x_wconf 84' lang='lat' dir='ltr'>sic</span> <span class='ocrx_word' id='word_1_389' title='bbox 589 2878 704 2907; x_wconf 81' lang='lat' dir='ltr'>accepto,</span> <span class='ocrx_word' id='word_1_390' title='bbox 718 2878 748 2900; x_wconf 79' lang='lat' dir='ltr'>ut</span> <span class='ocrx_word' id='word_1_391' title='bbox 760 2882 842 2907; x_wconf 83' lang='lat' dir='ltr'>supra</span> <span class='ocrx_word' id='word_1_392' title='bbox 861 2875 961 2900; x_wconf 84' lang='lat' dir='ltr'>dictum</span> <span class='ocrx_word' id='word_1_393' title='bbox 974 2879 1020 2905; x_wconf 85' lang='lat' dir='ltr'>est,</span> <span class='ocrx_word' id='word_1_394' title='bbox 1035 2877 1107 2909; x_wconf 86' lang='lat' dir='ltr'>quod</span> <span class='ocrx_word' id='word_1_395' title='bbox 1124 2877 1267 2902; x_wconf 84' lang='lat' dir='ltr'>secundum</span> <span class='ocrx_word' id='word_1_396' title='bbox 1276 2885 1358 2910; x_wconf 80' lang='lat' dir='ltr'>prae-</span> 
     </span>
     <span class='ocr_line' id='line_1_65' title="bbox 295 2907 1359 2944; baseline 0.006 -12"><span class='ocrx_word' id='word_1_397' title='bbox 295 2907 367 2932; x_wconf 83' lang='lat' dir='ltr'>dicta</span> <span class='ocrx_word' id='word_1_398' title='bbox 382 2908 483 2940; x_wconf 77' lang='lat' dir='ltr'>duplex</span> <span class='ocrx_word' id='word_1_399' title='bbox 496 2912 543 2934; x_wconf 84' lang='lat' dir='ltr'>est.</span> <span class='ocrx_word' id='word_1_400' title='bbox 564 2909 728 2942; x_wconf 81' lang='lat' dir='ltr'>Quandoque</span> <span class='ocrx_word' id='word_1_401' title='bbox 746 2910 815 2935; x_wconf 87' lang='lat' dir='ltr'>enim</span> <span class='ocrx_word' id='word_1_402' title='bbox 834 2911 992 2935; x_wconf 81' lang='lat' dir='ltr'>attribuitur</span> <span class='ocrx_word' id='word_1_403' title='bbox 1009 2912 1112 2944; x_wconf 84' lang='lat' dir='ltr'>aliquid</span> <span class='ocrx_word' id='word_1_404' title='bbox 1126 2913 1268 2938; x_wconf 78' lang='lat' dir='ltr'>universali</span> <span class='ocrx_word' id='word_1_405' title='bbox 1282 2918 1359 2938; x_wconf 81' lang='lat' dir='ltr'>etc.-</span> 
     </span>
     <span class='ocr_line' id='line_1_66' title="bbox 295 2943 1360 2980; baseline 0.006 -13"><span class='ocrx_word' id='word_1_406' title='bbox 295 2943 359 2968; x_wconf 83' lang='lat' dir='ltr'>God.</span> <span class='ocrx_word' id='word_1_407' title='bbox 377 2943 399 2967; x_wconf 83' lang='lat' dir='ltr'>E</span> <span class='ocrx_word' id='word_1_408' title='bbox 418 2943 490 2975; x_wconf 79' lang='lat' dir='ltr'>legit:</span> <span class='ocrx_word' id='word_1_409' title='bbox 510 2944 653 2969; x_wconf 76' lang='lat' dir='ltr'>universati</span> <span class='ocrx_word' id='word_1_410' title='bbox 666 2945 734 2970; x_wconf 83' lang='lat' dir='ltr'>sicut</span> <span class='ocrx_word' id='word_1_411' title='bbox 752 2945 887 2978; x_wconf 87' lang='lat' dir='ltr'>(corrupte</span> <span class='ocrx_word' id='word_1_412' title='bbox 900 2953 948 2978; x_wconf 91' lang='lat' dir='ltr'>pro</span> <span class='ocrx_word' id='word_1_413' title='bbox 961 2945 1013 2980; x_wconf 87' lang='lat' dir='ltr'>sic)</span> <span class='ocrx_word' id='word_1_414' title='bbox 1033 2950 1139 2979; x_wconf 79' lang='lat' dir='ltr'>accepto</span> <span class='ocrx_word' id='word_1_415' title='bbox 1159 2951 1188 2972; x_wconf 91' lang='lat' dir='ltr'>ut</span> <span class='ocrx_word' id='word_1_416' title='bbox 1207 2948 1306 2973; x_wconf 83' lang='lat' dir='ltr'>dictum</span> <span class='ocrx_word' id='word_1_417' title='bbox 1321 2951 1360 2973; x_wconf 86' lang='lat' dir='ltr'>est</span> 
     </span>
     <span class='ocr_line' id='line_1_67' title="bbox 294 2977 1360 3012; baseline 0.006 -10"><span class='ocrx_word' id='word_1_418' title='bbox 294 2984 385 3009; x_wconf 75' lang='lat' dir='ltr'>supra.</span> <span class='ocrx_word' id='word_1_419' title='bbox 406 2977 459 3008; x_wconf 82' lang='lat' dir='ltr'>Qui</span> <span class='ocrx_word' id='word_1_420' title='bbox 475 2979 618 3004; x_wconf 79' lang='lat' dir='ltr'>secundum</span> <span class='ocrx_word' id='word_1_421' title='bbox 632 2980 775 3011; x_wconf 79' lang='lat' dir='ltr'>praedicta</span> <span class='ocrx_word' id='word_1_422' title='bbox 795 2980 897 3012; x_wconf 83' lang='lat' dir='ltr'>duplex</span> <span class='ocrx_word' id='word_1_423' title='bbox 914 2984 962 3006; x_wconf 83' lang='lat' dir='ltr'>est.</span> <span class='ocrx_word' id='word_1_424' title='bbox 983 2982 1096 3011; x_wconf 85' lang='lat' dir='ltr'>Quando</span> <span class='ocrx_word' id='word_1_425' title='bbox 1115 2983 1184 3007; x_wconf 86' lang='lat' dir='ltr'>enim</span> <span class='ocrx_word' id='word_1_426' title='bbox 1203 2983 1360 3008; x_wconf 78' lang='lat' dir='ltr'>attribuitur</span> 
     </span>
     <span class='ocr_line' id='line_1_68' title="bbox 294 3012 1359 3050; baseline 0.007 -14"><span class='ocrx_word' id='word_1_427' title='bbox 294 3012 398 3044; x_wconf 75' lang='lat' dir='ltr'>aliquid</span> <span class='ocrx_word' id='word_1_428' title='bbox 416 3013 559 3038; x_wconf 83' lang='lat' dir='ltr'>universali</span> <span class='ocrx_word' id='word_1_429' title='bbox 574 3019 622 3039; x_wconf 90' lang='lat' dir='ltr'>etc.</span> <span class='ocrx_word' id='word_1_430' title='bbox 635 3015 756 3039; x_wconf 81' lang='lat' dir='ltr'>Nostram</span> <span class='ocrx_word' id='word_1_431' title='bbox 769 3015 905 3040; x_wconf 89' lang='lat' dir='ltr'>lectionem</span> <span class='ocrx_word' id='word_1_432' title='bbox 920 3014 1001 3050; x_wconf 91' lang='lat' dir='ltr'>(quae</span> <span class='ocrx_word' id='word_1_433' title='bbox 1016 3022 1056 3041; x_wconf 89' lang='lat' dir='ltr'>est</span> <span class='ocrx_word' id='word_1_434' title='bbox 1069 3017 1154 3048; x_wconf 81' lang='lat' dir='ltr'>Piana,</span> <span class='ocrx_word' id='word_1_435' title='bbox 1167 3018 1214 3042; x_wconf 86' lang='lat' dir='ltr'>sed</span> <span class='ocrx_word' id='word_1_436' title='bbox 1228 3018 1359 3050; x_wconf 88' lang='lat' dir='ltr'>interpun-</span> 
     </span>
     <span class='ocr_line' id='line_1_69' title="bbox 296 3047 1360 3085; baseline 0.007 -14"><span class='ocrx_word' id='word_1_437' title='bbox 296 3047 380 3072; x_wconf 85' lang='lat' dir='ltr'>ctione</span> <span class='ocrx_word' id='word_1_438' title='bbox 399 3047 548 3082; x_wconf 80' lang='lat' dir='ltr'>immutata)</span> <span class='ocrx_word' id='word_1_439' title='bbox 567 3048 663 3074; x_wconf 87' lang='lat' dir='ltr'>habent</span> <span class='ocrx_word' id='word_1_440' title='bbox 680 3050 793 3074; x_wconf 75' lang='lat' dir='ltr'>Venetae</span> <span class='ocrx_word' id='word_1_441' title='bbox 812 3050 935 3075; x_wconf 85' lang='lat' dir='ltr'>editiones</span> <span class='ocrx_word' id='word_1_442' title='bbox 953 3050 1019 3075; x_wconf 83' lang='lat'>1526</span> <span class='ocrx_word' id='word_1_443' title='bbox 1034 3056 1059 3076; x_wconf 88' lang='lat' dir='ltr'>et</span> <span class='ocrx_word' id='word_1_444' title='bbox 1076 3052 1151 3085; x_wconf 88' lang='lat'>1557.</span> <span class='ocrx_word' id='word_1_445' title='bbox 1165 3053 1188 3077; x_wconf 82' lang='lat' dir='ltr'>A</span> <span class='ocrx_word' id='word_1_446' title='bbox 1206 3061 1256 3085; x_wconf 84' lang='lat' dir='ltr'>qua</span> <span class='ocrx_word' id='word_1_447' title='bbox 1271 3061 1360 3078; x_wconf 87' lang='lat' dir='ltr'>revera</span> 
     </span>
     <span class='ocr_line' id='line_1_70' title="bbox 296 3082 1359 3118; baseline 0.007 -12"><span class='ocrx_word' id='word_1_448' title='bbox 296 3089 349 3107; x_wconf 91' lang='lat' dir='ltr'>non</span> <span class='ocrx_word' id='word_1_449' title='bbox 363 3082 518 3108; x_wconf 76' lang='lat' dir='ltr'>dissentiunt</span> <span class='ocrx_word' id='word_1_450' title='bbox 536 3083 658 3108; x_wconf 82' lang='lat' dir='ltr'>lectiones</span> <span class='ocrx_word' id='word_1_451' title='bbox 677 3084 766 3109; x_wconf 84' lang='lat' dir='ltr'>citatae</span> <span class='ocrx_word' id='word_1_452' title='bbox 781 3092 811 3109; x_wconf 84' lang='lat' dir='ltr'>ex</span> <span class='ocrx_word' id='word_1_453' title='bbox 825 3086 901 3110; x_wconf 87' lang='lat' dir='ltr'>codd.</span> <span class='ocrx_word' id='word_1_454' title='bbox 914 3086 943 3110; x_wconf 90' lang='lat' dir='ltr'>In</span> <span class='ocrx_word' id='word_1_455' title='bbox 957 3085 1006 3111; x_wconf 87' lang='lat' dir='ltr'>hoc</span> <span class='ocrx_word' id='word_1_456' title='bbox 1025 3087 1093 3111; x_wconf 90' lang='lat' dir='ltr'>enim</span> <span class='ocrx_word' id='word_1_457' title='bbox 1108 3096 1134 3112; x_wconf 92' lang='lat' dir='ltr'>n.</span> <span class='ocrx_word' id='word_1_458' title='bbox 1152 3095 1191 3118; x_wconf 87' lang='lat'>12,</span> <span class='ocrx_word' id='word_1_459' title='bbox 1205 3096 1228 3113; x_wconf 86' lang='lat' dir='ltr'>s.</span> <span class='ocrx_word' id='word_1_460' title='bbox 1242 3087 1359 3112; x_wconf 85' lang='lat' dir='ltr'>Thomas</span> 
     </span>
     <span class='ocr_line' id='line_1_71' title="bbox 300 3117 1359 3154; baseline 0.007 -13"><span class='ocrx_word' id='word_1_461' title='bbox 300 3125 321 3142; x_wconf 88' lang='grc'>1.</span> <span class='ocrx_word' id='word_1_462' title='bbox 335 3117 395 3141; x_wconf 90' lang='lat' dir='ltr'>dicit</span> <span class='ocrx_word' id='word_1_463' title='bbox 412 3117 558 3148; x_wconf 83' lang='lat' dir='ltr'>universale</span> <span class='ocrx_word' id='word_1_464' title='bbox 575 3126 655 3150; x_wconf 87' lang='lat' dir='ltr'>posse</span> <span class='ocrx_word' id='word_1_465' title='bbox 673 3119 828 3144; x_wconf 83' lang='lat' dir='ltr'>considerari</span> <span class='ocrx_word' id='word_1_466' title='bbox 848 3120 989 3153; x_wconf 87' lang='lat' dir='ltr'>dupliciter,</span> <span class='ocrx_word' id='word_1_467' title='bbox 1009 3129 1105 3154; x_wconf 84' lang='lat' dir='ltr'>nempe</span> <span class='ocrx_word' id='word_1_468' title='bbox 1118 3122 1145 3146; x_wconf 90' lang='lat' dir='ltr'>in</span> <span class='ocrx_word' id='word_1_469' title='bbox 1159 3123 1330 3147; x_wconf 85' lang='lat' dir='ltr'>abstractione</span> <span class='ocrx_word' id='word_1_470' title='bbox 1344 3131 1359 3147; x_wconf 90' lang='lat' dir='ltr'>a</span> 
     </span>
     <span class='ocr_line' id='line_1_72' title="bbox 297 3151 1356 3192; baseline 0.008 -17"><span class='ocrx_word' id='word_1_471' title='bbox 297 3151 470 3184; x_wconf 75' lang='lat' dir='ltr'>singularibus</span> <span class='ocrx_word' id='word_1_472' title='bbox 480 3157 506 3177; x_wconf 84' lang='lat' dir='ltr'>et</span> <span class='ocrx_word' id='word_1_473' title='bbox 517 3153 543 3177; x_wconf 91' lang='lat' dir='ltr'>in</span> <span class='ocrx_word' id='word_1_474' title='bbox 557 3153 620 3185; x_wconf 82' lang='lat' dir='ltr'>ipsis</span> <span class='ocrx_word' id='word_1_475' title='bbox 634 3154 807 3186; x_wconf 83' lang='lat' dir='ltr'>singularibus</span> <span class='ocrx_word' id='word_1_476' title='bbox 812 3162 820 3184; x_wconf 87' lang='lat'>;</span> <span class='ocrx_word' id='word_1_477' title='bbox 831 3162 862 3179; x_wconf 84' lang='lat' dir='ltr'>ex</span> <span class='ocrx_word' id='word_1_478' title='bbox 871 3163 924 3187; x_wconf 91' lang='lat' dir='ltr'>quo</span> <span class='ocrx_word' id='word_1_479' title='bbox 940 3163 963 3180; x_wconf 85' lang='lat'>2.</span> <span class='ocrx_word' id='word_1_480' title='bbox 974 3156 1051 3181; x_wconf 82' lang='lat' dir='ltr'>infert</span> <span class='ocrx_word' id='word_1_481' title='bbox 1061 3154 1226 3190; x_wconf 87' lang='lat' dir='ltr'>(Secundum</span> <span class='ocrx_word' id='word_1_482' title='bbox 1239 3158 1288 3183; x_wconf 85' lang='lat' dir='ltr'>hoc</span> <span class='ocrx_word' id='word_1_483' title='bbox 1297 3157 1356 3192; x_wconf 88' lang='lat' dir='ltr'>etc.)</span> 
     </span>
     <span class='ocr_line' id='line_1_73' title="bbox 297 3187 1358 3225; baseline 0.006 -14"><span class='ocrx_word' id='word_1_484' title='bbox 297 3187 369 3219; x_wconf 88' lang='lat' dir='ltr'>quod</span> <span class='ocrx_word' id='word_1_485' title='bbox 391 3187 535 3212; x_wconf 84' lang='lat' dir='ltr'>secundum</span> <span class='ocrx_word' id='word_1_486' title='bbox 559 3187 630 3212; x_wconf 84' lang='lat' dir='ltr'>illam</span> <span class='ocrx_word' id='word_1_487' title='bbox 653 3189 782 3221; x_wconf 88' lang='lat' dir='ltr'>duplicem</span> <span class='ocrx_word' id='word_1_488' title='bbox 806 3190 1038 3216; x_wconf 87' lang='lat' dir='ltr'>considerationem</span> <span class='ocrx_word' id='word_1_489' title='bbox 1063 3192 1239 3218; x_wconf 79' lang='lat' dir='ltr'>diversimode</span> <span class='ocrx_word' id='word_1_490' title='bbox 1262 3193 1358 3225; x_wconf 86' lang='lat' dir='ltr'>aliquid</span> 
     </span>
     <span class='ocr_line' id='line_1_74' title="bbox 296 3222 1359 3260; baseline 0.007 -14"><span class='ocrx_word' id='word_1_491' title='bbox 296 3222 435 3247; x_wconf 82' lang='lat' dir='ltr'>universali</span> <span class='ocrx_word' id='word_1_492' title='bbox 453 3222 583 3253; x_wconf 83' lang='lat' dir='ltr'>tribuitur;</span> <span class='ocrx_word' id='word_1_493' title='bbox 605 3222 628 3247; x_wconf 85' lang='lat'>3.</span> <span class='ocrx_word' id='word_1_494' title='bbox 643 3223 735 3248; x_wconf 90' lang='lat' dir='ltr'>deinde</span> <span class='ocrx_word' id='word_1_495' title='bbox 749 3224 809 3248; x_wconf 87' lang='lat' dir='ltr'>dicit</span> <span class='ocrx_word' id='word_1_496' title='bbox 822 3225 940 3257; x_wconf 79' lang='lat' dir='ltr'>generice</span> <span class='ocrx_word' id='word_1_497' title='bbox 955 3226 1007 3250; x_wconf 85' lang='lat' dir='ltr'>dari</span> <span class='ocrx_word' id='word_1_498' title='bbox 1021 3226 1144 3252; x_wconf 86' lang='lat' dir='ltr'>dictiones</span> <span class='ocrx_word' id='word_1_499' title='bbox 1163 3228 1195 3252; x_wconf 84' lang='lat' dir='ltr'>ad</span> <span class='ocrx_word' id='word_1_500' title='bbox 1213 3227 1359 3260; x_wconf 84' lang='lat' dir='ltr'>significan-</span> 
     </span>
     <span class='ocr_line' id='line_1_75' title="bbox 297 3257 1360 3296; baseline 0.005 -14"><span class='ocrx_word' id='word_1_501' title='bbox 297 3258 345 3282; x_wconf 88' lang='lat' dir='ltr'>dos</span> <span class='ocrx_word' id='word_1_502' title='bbox 364 3257 456 3282; x_wconf 77' lang='lat' dir='ltr'>modos</span> <span class='ocrx_word' id='word_1_503' title='bbox 469 3257 622 3282; x_wconf 84' lang='lat' dir='ltr'>attribuendi</span> <span class='ocrx_word' id='word_1_504' title='bbox 637 3259 734 3291; x_wconf 81' lang='lat' dir='ltr'>aliquid</span> <span class='ocrx_word' id='word_1_505' title='bbox 746 3259 884 3285; x_wconf 82' lang='lat' dir='ltr'>universali</span> <span class='ocrx_word' id='word_1_506' title='bbox 904 3258 957 3294; x_wconf 80' lang='lat' dir='ltr'>(Ad</span> <span class='ocrx_word' id='word_1_507' title='bbox 973 3261 1166 3294; x_wconf 83' lang='lat' dir='ltr'>designandum</span> <span class='ocrx_word' id='word_1_508' title='bbox 1181 3262 1255 3296; x_wconf 86' lang='lat' dir='ltr'>etc.);</span> <span class='ocrx_word' id='word_1_509' title='bbox 1270 3270 1296 3294; x_wconf 91' lang='lat'>4.</span> <span class='ocrx_word' id='word_1_510' title='bbox 1312 3263 1360 3287; x_wconf 88' lang='lat' dir='ltr'>sed</span> 
     </span>
     <span class='ocr_line' id='line_1_76' title="bbox 296 3293 1359 3325; baseline 0.006 -9"><span class='ocrx_word' id='word_1_511' title='bbox 296 3300 377 3325; x_wconf 91' lang='lat' dir='ltr'>penes</span> <span class='ocrx_word' id='word_1_512' title='bbox 396 3300 476 3317; x_wconf 86' lang='lat' dir='ltr'>usum</span> <span class='ocrx_word' id='word_1_513' title='bbox 494 3293 617 3325; x_wconf 90' lang='lat' dir='ltr'>loquendi</span> <span class='ocrx_word' id='word_1_514' title='bbox 637 3301 803 3318; x_wconf 89' lang='lat' dir='ltr'>communem</span> <span class='ocrx_word' id='word_1_515' title='bbox 821 3294 956 3320; x_wconf 90' lang='lat' dir='ltr'>hominum</span> <span class='ocrx_word' id='word_1_516' title='bbox 975 3304 1026 3320; x_wconf 90' lang='lat' dir='ltr'>non</span> <span class='ocrx_word' id='word_1_517' title='bbox 1041 3296 1169 3321; x_wconf 87' lang='lat' dir='ltr'>habentur</span> <span class='ocrx_word' id='word_1_518' title='bbox 1184 3297 1308 3322; x_wconf 85' lang='lat' dir='ltr'>dictiones</span> <span class='ocrx_word' id='word_1_519' title='bbox 1327 3298 1359 3321; x_wconf 87' lang='lat' dir='ltr'>ad</span> 
     </span>
     <span class='ocr_line' id='line_1_77' title="bbox 298 3327 1359 3364; baseline 0.006 -13"><span class='ocrx_word' id='word_1_520' title='bbox 298 3327 486 3359; x_wconf 82' lang='lat' dir='ltr'>designandum</span> <span class='ocrx_word' id='word_1_521' title='bbox 504 3327 611 3352; x_wconf 86' lang='lat' dir='ltr'>modum</span> <span class='ocrx_word' id='word_1_522' title='bbox 634 3328 796 3360; x_wconf 85' lang='lat' dir='ltr'>praedicandi</span> <span class='ocrx_word' id='word_1_523' title='bbox 816 3329 847 3354; x_wconf 88' lang='lat' dir='ltr'>de</span> <span class='ocrx_word' id='word_1_524' title='bbox 865 3330 1006 3355; x_wconf 86' lang='lat' dir='ltr'>universali</span> <span class='ocrx_word' id='word_1_525' title='bbox 1029 3336 1107 3363; x_wconf 90' lang='lat' dir='ltr'>prout</span> <span class='ocrx_word' id='word_1_526' title='bbox 1129 3339 1176 3364; x_wconf 88' lang='lat' dir='ltr'>per</span> <span class='ocrx_word' id='word_1_527' title='bbox 1198 3339 1226 3356; x_wconf 90' lang='lat' dir='ltr'>se</span> <span class='ocrx_word' id='word_1_528' title='bbox 1251 3332 1359 3356; x_wconf 85' lang='lat' dir='ltr'>existere</span> 
     </span>
     <span class='ocr_line' id='line_1_78' title="bbox 297 3361 1359 3399; baseline 0.005 -13"><span class='ocrx_word' id='word_1_529' title='bbox 297 3362 389 3387; x_wconf 88' lang='lat' dir='ltr'>dicitur</span> <span class='ocrx_word' id='word_1_530' title='bbox 402 3362 428 3387; x_wconf 89' lang='lat' dir='ltr'>in</span> <span class='ocrx_word' id='word_1_531' title='bbox 442 3362 612 3387; x_wconf 79' lang='lat' dir='ltr'>abstractione</span> <span class='ocrx_word' id='word_1_532' title='bbox 626 3371 640 3387; x_wconf 85' lang='lat' dir='ltr'>a</span> <span class='ocrx_word' id='word_1_533' title='bbox 654 3363 827 3396; x_wconf 81' lang='lat' dir='ltr'>singularibus</span> <span class='ocrx_word' id='word_1_534' title='bbox 842 3361 912 3397; x_wconf 83' lang='lat' dir='ltr'>(Sed</span> <span class='ocrx_word' id='word_1_535' title='bbox 925 3365 988 3397; x_wconf 81' lang='lat' dir='ltr'>quia</span> <span class='ocrx_word' id='word_1_536' title='bbox 1002 3364 1074 3399; x_wconf 86' lang='lat' dir='ltr'>etc.)‚</span> <span class='ocrx_word' id='word_1_537' title='bbox 1089 3366 1208 3399; x_wconf 86' lang='lat' dir='ltr'>quamvis</span> <span class='ocrx_word' id='word_1_538' title='bbox 1227 3367 1299 3391; x_wconf 83' lang='lat' dir='ltr'>Plato</span> <span class='ocrx_word' id='word_1_539' title='bbox 1314 3367 1359 3399; x_wconf 83' lang='lat' dir='ltr'>qui</span> 
     </span>
     <span class='ocr_line' id='line_1_79' title="bbox 296 3397 1358 3432; baseline 0.005 -11"><span class='ocrx_word' id='word_1_540' title='bbox 296 3397 384 3430; x_wconf 84' lang='lat' dir='ltr'>posuit</span> <span class='ocrx_word' id='word_1_541' title='bbox 402 3397 541 3430; x_wconf 80' lang='lat' dir='ltr'>praefatam</span> <span class='ocrx_word' id='word_1_542' title='bbox 564 3398 758 3423; x_wconf 81' lang='lat' dir='ltr'>subsistentiam</span> <span class='ocrx_word' id='word_1_543' title='bbox 771 3399 969 3430; x_wconf 83' lang='lat' dir='ltr'>universalium,</span> <span class='ocrx_word' id='word_1_544' title='bbox 981 3401 1122 3432; x_wconf 81' lang='lat' dir='ltr'>peculiares</span> <span class='ocrx_word' id='word_1_545' title='bbox 1137 3401 1358 3426; x_wconf 82' lang='lat' dir='ltr'>denominationes</span> 
     </span>
     <span class='ocr_line' id='line_1_80' title="bbox 297 3431 1359 3467; baseline 0.002 -9"><span class='ocrx_word' id='word_1_546' title='bbox 297 3433 456 3458; x_wconf 75' lang='lat' dir='ltr'>adinvenerit</span> <span class='ocrx_word' id='word_1_547' title='bbox 470 3432 542 3465; x_wconf 86' lang='lat' dir='ltr'>(Sed</span> <span class='ocrx_word' id='word_1_548' title='bbox 554 3431 654 3467; x_wconf 85' lang='lat' dir='ltr'>Plato);</span> <span class='ocrx_word' id='word_1_549' title='bbox 671 3432 694 3457; x_wconf 89' lang='grc'>5.</span> <span class='ocrx_word' id='word_1_550' title='bbox 704 3438 816 3458; x_wconf 84' lang='lat' dir='ltr'>attamen</span> <span class='ocrx_word' id='word_1_551' title='bbox 825 3441 906 3466; x_wconf 90' lang='lat' dir='ltr'>penes</span> <span class='ocrx_word' id='word_1_552' title='bbox 920 3442 999 3459; x_wconf 90' lang='lat' dir='ltr'>usum</span> <span class='ocrx_word' id='word_1_553' title='bbox 1014 3436 1136 3467; x_wconf 90' lang='lat' dir='ltr'>loquendi</span> <span class='ocrx_word' id='word_1_554' title='bbox 1151 3435 1286 3460; x_wconf 91' lang='lat' dir='ltr'>hominum</span> <span class='ocrx_word' id='word_1_555' title='bbox 1298 3441 1359 3460; x_wconf 87' lang='lat' dir='ltr'>sunt</span> 
     </span>
     <span class='ocr_line' id='line_1_81' title="bbox 298 3467 1358 3502; baseline 0.003 -10"><span class='ocrx_word' id='word_1_556' title='bbox 298 3467 422 3492; x_wconf 83' lang='lat' dir='ltr'>dictiones</span> <span class='ocrx_word' id='word_1_557' title='bbox 437 3468 534 3500; x_wconf 90' lang='lat' dir='ltr'>quibus</span> <span class='ocrx_word' id='word_1_558' title='bbox 548 3467 723 3500; x_wconf 85' lang='lat' dir='ltr'>significantur</span> <span class='ocrx_word' id='word_1_559' title='bbox 737 3468 807 3493; x_wconf 88' lang='lat' dir='ltr'>modi</span> <span class='ocrx_word' id='word_1_560' title='bbox 821 3469 975 3493; x_wconf 80' lang='lat' dir='ltr'>attribuendi</span> <span class='ocrx_word' id='word_1_561' title='bbox 989 3470 1085 3502; x_wconf 86' lang='lat' dir='ltr'>aliquid</span> <span class='ocrx_word' id='word_1_562' title='bbox 1100 3471 1249 3499; x_wconf 82' lang='lat' dir='ltr'>universali,</span> <span class='ocrx_word' id='word_1_563' title='bbox 1265 3478 1358 3495; x_wconf 87' lang='lat' dir='ltr'>secun-</span> 
     </span>
     <span class='ocr_line' id='line_1_82' title="bbox 298 3503 1357 3538; baseline 0.003 -11"><span class='ocrx_word' id='word_1_564' title='bbox 298 3503 360 3528; x_wconf 87' lang='lat' dir='ltr'>dum</span> <span class='ocrx_word' id='word_1_565' title='bbox 375 3503 447 3535; x_wconf 90' lang='lat' dir='ltr'>quod</span> <span class='ocrx_word' id='word_1_566' title='bbox 456 3507 496 3527; x_wconf 91' lang='lat' dir='ltr'>est</span> <span class='ocrx_word' id='word_1_567' title='bbox 510 3503 535 3527; x_wconf 91' lang='lat' dir='ltr'>in</span> <span class='ocrx_word' id='word_1_568' title='bbox 547 3503 866 3535; x_wconf 86' lang='lat' dir='ltr'>singularibus.-Quibus</span> <span class='ocrx_word' id='word_1_569' title='bbox 881 3504 981 3536; x_wconf 81' lang='lat' dir='ltr'>positis,</span> <span class='ocrx_word' id='word_1_570' title='bbox 1000 3505 1146 3537; x_wconf 86' lang='lat' dir='ltr'>relictisque</span> <span class='ocrx_word' id='word_1_571' title='bbox 1161 3505 1294 3538; x_wconf 88' lang='lat' dir='ltr'>platonicis</span> <span class='ocrx_word' id='word_1_572' title='bbox 1315 3506 1357 3530; x_wconf 90' lang='lat' dir='ltr'>de-</span> 
     </span>
     <span class='ocr_line' id='line_1_83' title="bbox 297 3538 1359 3572; baseline 0.003 -10"><span class='ocrx_word' id='word_1_573' title='bbox 297 3538 526 3569; x_wconf 86' lang='lat' dir='ltr'>nominationibus,</span> <span class='ocrx_word' id='word_1_574' title='bbox 544 3538 685 3570; x_wconf 85' lang='lat' dir='ltr'>Angelicus</span> <span class='ocrx_word' id='word_1_575' title='bbox 700 3547 726 3563; x_wconf 88' lang='lat' dir='ltr'>n.</span> <span class='ocrx_word' id='word_1_576' title='bbox 745 3538 774 3563; x_wconf 85' lang='grc'>13</span> <span class='ocrx_word' id='word_1_577' title='bbox 794 3539 904 3565; x_wconf 76' lang='lat' dir='ltr'>declarat</span> <span class='ocrx_word' id='word_1_578' title='bbox 918 3546 948 3563; x_wconf 82' lang='lat' dir='ltr'>ex</span> <span class='ocrx_word' id='word_1_579' title='bbox 966 3547 993 3564; x_wconf 88' lang='lat' dir='ltr'>n.</span> <span class='ocrx_word' id='word_1_580' title='bbox 1007 3547 1024 3572; x_wconf 86' lang='lat'><strong>9</strong></span> <span class='ocrx_word' id='word_1_581' title='bbox 1043 3540 1087 3572; x_wconf 89' lang='lat' dir='ltr'>qui</span> <span class='ocrx_word' id='word_1_582' title='bbox 1106 3540 1158 3564; x_wconf 88' lang='lat' dir='ltr'>sint</span> <span class='ocrx_word' id='word_1_583' title='bbox 1175 3540 1216 3565; x_wconf 83' lang='lat' dir='ltr'>isti</span> <span class='ocrx_word' id='word_1_584' title='bbox 1236 3540 1315 3571; x_wconf 87' lang='lat' dir='ltr'>modi,</span> <span class='ocrx_word' id='word_1_585' title='bbox 1334 3546 1359 3565; x_wconf 91' lang='lat' dir='ltr'>et</span> 
     </span>
     <span class='ocr_line' id='line_1_84' title="bbox 298 3573 1358 3608; baseline 0.002 -10"><span class='ocrx_word' id='word_1_586' title='bbox 298 3580 364 3606; x_wconf 79' lang='lat' dir='ltr'>quae</span> <span class='ocrx_word' id='word_1_587' title='bbox 378 3573 502 3598; x_wconf 86' lang='lat' dir='ltr'>dictiones</span> <span class='ocrx_word' id='word_1_588' title='bbox 518 3581 670 3598; x_wconf 85' lang='lat' dir='ltr'>communes</span> <span class='ocrx_word' id='word_1_589' title='bbox 689 3574 785 3606; x_wconf 88' lang='lat' dir='ltr'>quibus</span> <span class='ocrx_word' id='word_1_590' title='bbox 804 3573 908 3606; x_wconf 83' lang='lat' dir='ltr'>praefati</span> <span class='ocrx_word' id='word_1_591' title='bbox 922 3574 993 3598; x_wconf 88' lang='lat' dir='ltr'>modi</span> <span class='ocrx_word' id='word_1_592' title='bbox 1008 3574 1182 3607; x_wconf 81' lang='lat' dir='ltr'>designantur.</span> <span class='ocrx_word' id='word_1_593' title='bbox 1201 3575 1281 3600; x_wconf 87' lang='lat' dir='ltr'>Porro</span> <span class='ocrx_word' id='word_1_594' title='bbox 1298 3583 1358 3608; x_wconf 88' lang='lat' dir='ltr'>pro-</span> 
     </span>
     <span class='ocr_line' id='line_1_85' title="bbox 298 3608 1093 3635; baseline 0.003 -3"><span class='ocrx_word' id='word_1_595' title='bbox 298 3615 388 3633; x_wconf 81' lang='lat' dir='ltr'>cessus</span> <span class='ocrx_word' id='word_1_596' title='bbox 407 3608 456 3633; x_wconf 86' lang='lat' dir='ltr'>iste</span> <span class='ocrx_word' id='word_1_597' title='bbox 471 3608 588 3633; x_wconf 85' lang='lat' dir='ltr'>distincte</span> <span class='ocrx_word' id='word_1_598' title='bbox 606 3609 712 3633; x_wconf 84' lang='lat' dir='ltr'>traditur</span> <span class='ocrx_word' id='word_1_599' title='bbox 730 3613 786 3633; x_wconf 88' lang='lat' dir='ltr'>tum</span> <span class='ocrx_word' id='word_1_600' title='bbox 800 3616 815 3634; x_wconf 86' lang='lat' dir='ltr'>a</span> <span class='ocrx_word' id='word_1_601' title='bbox 829 3608 907 3634; x_wconf 88' lang='lat' dir='ltr'>Piana</span> <span class='ocrx_word' id='word_1_602' title='bbox 920 3614 976 3634; x_wconf 89' lang='lat' dir='ltr'>tum</span> <span class='ocrx_word' id='word_1_603' title='bbox 990 3617 1005 3633; x_wconf 90' lang='lat' dir='ltr'>a</span> <span class='ocrx_word' id='word_1_604' title='bbox 1018 3610 1093 3635; x_wconf 90' lang='lat' dir='ltr'>codd.</span> 
     </span>
    </p>
   </div>
   <div class='ocr_carea' id='block_1_16' title="bbox 439 3661 774 3701">
    <p class='ocr_par' dir='ltr' id='par_1_20' title="bbox 439 3661 774 3701">
     <span class='ocr_line' id='line_1_86' title="bbox 439 3661 774 3701; baseline -0.003 -14"><span class='ocrx_word' id='word_1_605' title='bbox 439 3662 508 3701; x_wconf 82' lang='lat' dir='ltr'>Opp.</span> <span class='ocrx_word' id='word_1_606' title='bbox 527 3662 558 3686; x_wconf 93' lang='lat' dir='ltr'>D.</span> <span class='ocrx_word' id='word_1_607' title='bbox 573 3662 686 3687; x_wconf 72' lang='lat' dir='ltr'>Tuom</span> <span class='ocrx_word' id='word_1_608' title='bbox 704 3661 736 3687; x_wconf 82' lang='lat' dir='ltr'>T.</span> <span class='ocrx_word' id='word_1_609' title='bbox 756 3662 774 3686; x_wconf 89' lang='lat'>1.</span> 
     </span>
    </p>
   </div>
   <div class='ocr_carea' id='block_1_17' title="bbox 2425 302 2476 338">
    <p class='ocr_par' dir='ltr' id='par_1_21' title="bbox 2425 302 2476 338">
     <span class='ocr_line' id='line_1_87' title="bbox 2425 302 2476 338; baseline 0.02 -1"><span class='ocrx_word' id='word_1_610' title='bbox 2425 302 2476 338; x_wconf 88' lang='grc'>49</span> 
     </span>
    </p>
   </div>
   <div class='ocr_carea' id='block_1_18' title="bbox 1411 363 2724 2787">
    <p class='ocr_par' dir='ltr' id='par_1_22' title="bbox 1411 363 2724 2787">
     <span class='ocr_line' id='line_1_88' title="bbox 1415 363 2480 416; baseline 0.006 -17"><span class='ocrx_word' id='word_1_611' title='bbox 1415 371 1450 400; x_wconf 91' lang='lat' dir='ltr'>et</span> <span class='ocrx_word' id='word_1_612' title='bbox 1478 363 1565 400; x_wconf 92' lang='lat' dir='ltr'>ideo</span> <span class='ocrx_word' id='word_1_613' title='bbox 1594 363 1684 401; x_wconf 90' lang='lat' dir='ltr'>nihil</span> <span class='ocrx_word' id='word_1_614' title='bbox 1705 365 1816 402; x_wconf 85' lang='lat' dir='ltr'>refert</span> <span class='ocrx_word' id='word_1_615' title='bbox 1836 374 2020 414; x_wconf 88' lang='lat' dir='ltr'>quantum</span> <span class='ocrx_word' id='word_1_616' title='bbox 2047 366 2096 403; x_wconf 89' lang='lat' dir='ltr'>ad</span> <span class='ocrx_word' id='word_1_617' title='bbox 2122 373 2295 403; x_wconf 84' lang='lat' dir='ltr'>naturam</span> <span class='ocrx_word' id='word_1_618' title='bbox 2320 368 2480 416; x_wconf 88' lang='lat' dir='ltr'>singula-</span> 
     </span>
     <span class='ocr_line' id='line_1_89' title="bbox 1413 416 2723 477; baseline 0.005 -25"><span class='ocrx_word' id='word_1_619' title='bbox 1413 416 1527 453; x_wconf 89' lang='lat' dir='ltr'>ritatis</span> <span class='ocrx_word' id='word_1_620' title='bbox 1542 417 1573 465; x_wconf 78' lang='lat'>*,</span> <span class='ocrx_word' id='word_1_621' title='bbox 1598 425 1726 455; x_wconf 92' lang='lat' dir='ltr'>utrum</span> <span class='ocrx_word' id='word_1_622' title='bbox 1755 418 1896 467; x_wconf 92' lang='lat' dir='ltr'>aliquid</span> <span class='ocrx_word' id='word_1_623' title='bbox 1922 418 2164 467; x_wconf 91' lang='lat' dir='ltr'>praedicetur</span> <span class='ocrx_word' id='word_1_624' title='bbox 2184 419 2231 456; x_wconf 91' lang='lat' dir='ltr'>de</span> <span class='ocrx_word' id='word_1_625' title='bbox 2260 432 2306 455; x_wconf 91' lang='lat' dir='ltr'>eo</span> <span class='ocrx_word' id='word_1_626' title='bbox 2336 421 2494 458; x_wconf 90' lang='lat' dir='ltr'>ratione·</span> <span class='ocrx_word' id='word_1_627' title='bbox 2510 428 2623 476; x_wconf 50' lang='lat' dir='ltr'>‘²233ng</span> <span class='ocrx_word' id='word_1_628' title='bbox 2632 429 2723 477; x_wconf 61' lang='lat' dir='ltr'>adirearf</span> 
     </span>
     <span class='ocr_line' id='line_1_90' title="bbox 1412 461 2723 528; baseline 0.003 -22"><span class='ocrx_word' id='word_1_629' title='bbox 1412 469 1635 507; x_wconf 90' lang='lat' dir='ltr'>universalis</span> <span class='ocrx_word' id='word_1_630' title='bbox 1663 479 1836 517; x_wconf 89' lang='lat' dir='ltr'>naturae;</span> <span class='ocrx_word' id='word_1_631' title='bbox 1863 479 1904 508; x_wconf 95' lang='lat' dir='ltr'>ut</span> <span class='ocrx_word' id='word_1_632' title='bbox 1933 484 2020 508; x_wconf 93' lang='lat' dir='ltr'>cum</span> <span class='ocrx_word' id='word_1_633' title='bbox 2051 471 2199 519; x_wconf 89' lang='lat' dir='ltr'>dicitur,</span> <span class='ocrx_word' id='word_1_634' title='bbox 2229 473 2400 509; x_wconf 87' lang='lat' dir='ltr'>Socrates</span> <span class='ocrx_word' id='word_1_635' title='bbox 2429 481 2480 510; x_wconf 84' lang='lat' dir='ltr'>est</span> <span class='ocrx_word' id='word_1_636' title='bbox 2510 461 2596 528; x_wconf 60' lang='lat' dir='ltr'>{¹3ng</span> <span class='ocrx_word' id='word_1_637' title='bbox 2612 482 2723 509; x_wconf 68' lang='lat' dir='ltr'>singula-</span> 
     </span>
     <span class='ocr_line' id='line_1_91' title="bbox 1413 513 2724 581; baseline 0.003 -22"><span class='ocrx_word' id='word_1_638' title='bbox 1413 513 1545 569; x_wconf 66' lang='lat' dir='ltr'>Homo,</span> <span class='ocrx_word' id='word_1_639' title='bbox 1566 524 1628 560; x_wconf 93' lang='lat' dir='ltr'>vel</span> <span class='ocrx_word' id='word_1_640' title='bbox 1658 524 1859 561; x_wconf 89' lang='lat' dir='ltr'>conveniat</span> <span class='ocrx_word' id='word_1_641' title='bbox 1888 524 1921 561; x_wconf 91' lang='lat' dir='ltr'>ei</span> <span class='ocrx_word' id='word_1_642' title='bbox 1950 524 2094 561; x_wconf 91' lang='lat' dir='ltr'>ratione</span> <span class='ocrx_word' id='word_1_643' title='bbox 2125 524 2386 572; x_wconf 89' lang='lat' dir='ltr'>singularitatis</span> <span class='ocrx_word' id='word_1_644' title='bbox 2407 527 2437 563; x_wconf 54' lang='grc' dir='ltr'>’ἢ</span> <span class='ocrx_word' id='word_1_645' title='bbox 2509 523 2724 581; x_wconf 50' lang='lat' dir='ltr'>{affigggesineu-</span> 
     </span>
     <span class='ocr_line' id='line_1_92' title="bbox 1474 576 2624 626; baseline 0.003 -14"><span class='ocrx_word' id='word_1_646' title='bbox 1474 577 1530 612; x_wconf 86' lang='lat'>16.</span> <span class='ocrx_word' id='word_1_647' title='bbox 1559 576 1599 613; x_wconf 90' lang='lat' dir='ltr'>Si</span> <span class='ocrx_word' id='word_1_648' title='bbox 1627 577 1736 624; x_wconf 88' lang='lat' dir='ltr'>igitur</span> <span class='ocrx_word' id='word_1_649' title='bbox 1764 577 1881 613; x_wconf 91' lang='lat' dir='ltr'>tribus</span> <span class='ocrx_word' id='word_1_650' title='bbox 1917 577 2119 626; x_wconf 89' lang='lat' dir='ltr'>praedictis</span> <span class='ocrx_word' id='word_1_651' title='bbox 2153 578 2480 616; x_wconf 89' lang='lat' dir='ltr'>enunciationibus</span> <span class='ocrx_word' id='word_1_652' title='bbox 2619 576 2624 581; x_wconf 77' lang='lat'>&#39;</span> 
     </span>
     <span class='ocr_line' id='line_1_93' title="bbox 1414 628 2479 679; baseline 0.003 -14"><span class='ocrx_word' id='word_1_653' title='bbox 1414 628 1575 666; x_wconf 87' lang='lat' dir='ltr'>addatur</span> <span class='ocrx_word' id='word_1_654' title='bbox 1609 629 1816 677; x_wconf 90' lang='lat' dir='ltr'>singularis,</span> <span class='ocrx_word' id='word_1_655' title='bbox 1838 638 1947 667; x_wconf 91' lang='lat' dir='ltr'>erunt</span> <span class='ocrx_word' id='word_1_656' title='bbox 1975 638 2137 679; x_wconf 90' lang='lat' dir='ltr'>quatuor</span> <span class='ocrx_word' id='word_1_657' title='bbox 2163 630 2269 667; x_wconf 90' lang='lat' dir='ltr'>modi</span> <span class='ocrx_word' id='word_1_658' title='bbox 2305 631 2479 668; x_wconf 93' lang='lat' dir='ltr'>enuncia-</span> 
     </span>
     <span class='ocr_line' id='line_1_94' title="bbox 1413 681 2481 732; baseline 0.003 -14"><span class='ocrx_word' id='word_1_659' title='bbox 1413 681 1525 718; x_wconf 87' lang='lat' dir='ltr'>tionis</span> <span class='ocrx_word' id='word_1_660' title='bbox 1553 682 1602 719; x_wconf 92' lang='lat' dir='ltr'>ad</span> <span class='ocrx_word' id='word_1_661' title='bbox 1639 682 1884 731; x_wconf 89' lang='lat' dir='ltr'>quantitatem</span> <span class='ocrx_word' id='word_1_662' title='bbox 1918 683 2035 732; x_wconf 90' lang='lat' dir='ltr'>ipsius</span> <span class='ocrx_word' id='word_1_663' title='bbox 2062 683 2312 732; x_wconf 85' lang='lat' dir='ltr'>pertinentes,</span> <span class='ocrx_word' id='word_1_664' title='bbox 2342 684 2481 721; x_wconf 90' lang='lat' dir='ltr'>scilicet</span> 
     </span>
     <span class='ocr_line' id='line_1_95' title="bbox 1415 735 2477 785; baseline 0.004 -15"><span class='ocrx_word' id='word_1_665' title='bbox 1415 735 1651 781; x_wconf 79' lang='lat' dir='ltr'>universalis,</span> <span class='ocrx_word' id='word_1_666' title='bbox 1677 735 1899 785; x_wconf 80' lang='lat' dir='ltr'>singularis,</span> <span class='ocrx_word' id='word_1_667' title='bbox 1927 736 2136 783; x_wconf 78' lang='lat' dir='ltr'>indefinitus</span> <span class='ocrx_word' id='word_1_668' title='bbox 2163 744 2198 772; x_wconf 91' lang='lat' dir='ltr'>et</span> <span class='ocrx_word' id='word_1_669' title='bbox 2223 737 2477 784; x_wconf 60' lang='lat' dir='ltr'>particularis.</span> 
     </span>
     <span class='ocr_line' id='line_1_96' title="bbox 1474 787 2479 835; baseline 0.004 -12"><span class='ocrx_word' id='word_1_670' title='bbox 1474 799 1530 835; x_wconf 91' lang='lat'>17.</span> <span class='ocrx_word' id='word_1_671' title='bbox 1554 787 1616 824; x_wconf 93' lang='lat' dir='ltr'>Sic</span> <span class='ocrx_word' id='word_1_672' title='bbox 1635 787 1744 835; x_wconf 90' lang='lat' dir='ltr'>igitur</span> <span class='ocrx_word' id='word_1_673' title='bbox 1763 788 1975 825; x_wconf 91' lang='lat' dir='ltr'>secundum</span> <span class='ocrx_word' id='word_1_674' title='bbox 1995 790 2063 825; x_wconf 90' lang='lat' dir='ltr'>has</span> <span class='ocrx_word' id='word_1_675' title='bbox 2084 789 2312 826; x_wconf 84' lang='lat' dir='ltr'>differentias</span> <span class='ocrx_word' id='word_1_676' title='bbox 2336 790 2479 827; x_wconf 91' lang='lat' dir='ltr'>Aristo-</span> 
     </span>
     <span class='ocr_line' id='line_1_97' title="bbox 1414 840 2480 889; baseline 0.004 -13"><span class='ocrx_word' id='word_1_677' title='bbox 1414 840 1506 876; x_wconf 90' lang='lat' dir='ltr'>teles</span> <span class='ocrx_word' id='word_1_678' title='bbox 1517 840 1680 888; x_wconf 88' lang='lat' dir='ltr'>assignat</span> <span class='ocrx_word' id='word_1_679' title='bbox 1690 840 1858 877; x_wconf 87' lang='lat' dir='ltr'>diversas</span> <span class='ocrx_word' id='word_1_680' title='bbox 1870 841 2128 889; x_wconf 90' lang='lat' dir='ltr'>oppositiones</span> <span class='ocrx_word' id='word_1_681' title='bbox 2140 842 2447 880; x_wconf 90' lang='lat' dir='ltr'>enunciationum</span> <span class='ocrx_word' id='word_1_682' title='bbox 2460 844 2480 865; x_wconf 86' lang='grc'><em>*</em></span> 
     </span>
     <span class='ocr_line' id='line_1_98' title="bbox 1411 888 2479 941; baseline 0.005 -13"><span class='ocrx_word' id='word_1_683' title='bbox 1411 888 1642 929; x_wconf 79' lang='lat' dir='ltr'>adinvicem.</span> <span class='ocrx_word' id='word_1_684' title='bbox 1664 894 1713 929; x_wconf 91' lang='lat' dir='ltr'>Et</span> <span class='ocrx_word' id='word_1_685' title='bbox 1730 893 1873 941; x_wconf 91' lang='lat' dir='ltr'>primo,</span> <span class='ocrx_word' id='word_1_686' title='bbox 1895 894 2106 931; x_wconf 91' lang='lat' dir='ltr'>secundum</span> <span class='ocrx_word' id='word_1_687' title='bbox 2127 894 2377 932; x_wconf 85' lang='lat' dir='ltr'>differentiam</span> <span class='ocrx_word' id='word_1_688' title='bbox 2397 896 2479 933; x_wconf 92' lang='lat' dir='ltr'>uni-</span> 
     </span>
     <span class='ocr_line' id='line_1_99' title="bbox 1414 945 2478 993; baseline 0.006 -13"><span class='ocrx_word' id='word_1_689' title='bbox 1414 945 1620 981; x_wconf 90' lang='lat' dir='ltr'>versalium</span> <span class='ocrx_word' id='word_1_690' title='bbox 1636 945 1685 982; x_wconf 93' lang='lat' dir='ltr'>ad</span> <span class='ocrx_word' id='word_1_691' title='bbox 1694 945 1926 992; x_wconf 89' lang='lat' dir='ltr'>indefinitas;</span> <span class='ocrx_word' id='word_1_692' title='bbox 1943 947 2123 993; x_wconf 92' lang='lat' dir='ltr'>secundo,</span> <span class='ocrx_word' id='word_1_693' title='bbox 2145 948 2355 985; x_wconf 90' lang='lat' dir='ltr'>secundum</span> <span class='ocrx_word' id='word_1_694' title='bbox 2372 949 2478 986; x_wconf 90' lang='lat' dir='ltr'>diffe—</span> 
     </span>
     <span class='ocr_line' id='line_1_100' title="bbox 1415 997 2482 1050; baseline 0.006 -17"><span class='ocrx_word' id='word_1_695' title='bbox 1415 997 1574 1034; x_wconf 91' lang='lat' dir='ltr'>rentiam</span> <span class='ocrx_word' id='word_1_696' title='bbox 1593 998 1865 1034; x_wconf 89' lang='lat' dir='ltr'>universalium</span> <span class='ocrx_word' id='word_1_697' title='bbox 1886 998 1934 1035; x_wconf 89' lang='lat' dir='ltr'>ad</span> <span class='ocrx_word' id='word_1_698' title='bbox 1952 999 2211 1047; x_wconf 89' lang='lat' dir='ltr'>particulares;</span> <span class='ocrx_word' id='word_1_699' title='bbox 2235 1001 2304 1037; x_wconf 89' lang='lat' dir='ltr'>ibi:</span> <span class='ocrx_word' id='word_1_700' title='bbox 2335 1002 2482 1050; x_wconf 82' lang='lat' dir='ltr'>Opponi</span> 
     </span>
     <span class='ocr_line' id='line_1_101' title="bbox 1415 1051 2477 1101; baseline 0.006 -16"><span class='ocrx_word' id='word_1_701' title='bbox 1415 1055 1540 1086; x_wconf 88' lang='lat' dir='ltr'>autem</span> <span class='ocrx_word' id='word_1_702' title='bbox 1555 1051 1848 1098; x_wconf 88' lang='lat' dir='ltr'>affirmationem</span> <span class='ocrx_word' id='word_1_703' title='bbox 1860 1052 1880 1070; x_wconf 74' lang='lat'>⁴*</span> <span class='ocrx_word' id='word_1_704' title='bbox 1891 1059 1978 1088; x_wconf 90' lang='lat' dir='ltr'>etc.-</span> <span class='ocrx_word' id='word_1_705' title='bbox 1990 1052 2099 1088; x_wconf 91' lang='lat' dir='ltr'>Circa</span> <span class='ocrx_word' id='word_1_706' title='bbox 2113 1053 2281 1101; x_wconf 91' lang='lat' dir='ltr'>primurn</span> <span class='ocrx_word' id='word_1_707' title='bbox 2295 1054 2365 1091; x_wconf 90' lang='lat' dir='ltr'>tria</span> <span class='ocrx_word' id='word_1_708' title='bbox 2379 1055 2477 1091; x_wconf 86' lang='lat' dir='ltr'>facit:</span> 
     </span>
     <span class='ocr_line' id='line_1_102' title="bbox 1414 1102 2479 1153; baseline 0.007 -16"><span class='ocrx_word' id='word_1_709' title='bbox 1414 1102 1552 1150; x_wconf 90' lang='lat' dir='ltr'>primo,</span> <span class='ocrx_word' id='word_1_710' title='bbox 1569 1103 1643 1150; x_wconf 88' lang='lat' dir='ltr'>agit</span> <span class='ocrx_word' id='word_1_711' title='bbox 1658 1102 1705 1139; x_wconf 89' lang='lat' dir='ltr'>de</span> <span class='ocrx_word' id='word_1_712' title='bbox 1721 1103 1960 1151; x_wconf 90' lang='lat' dir='ltr'>oppositione</span> <span class='ocrx_word' id='word_1_713' title='bbox 1974 1105 2279 1153; x_wconf 91' lang='lat' dir='ltr'>propositionum</span> <span class='ocrx_word' id='word_1_714' title='bbox 2295 1107 2315 1127; x_wconf 76' lang='lat'>&#39;¹‘</span> <span class='ocrx_word' id='word_1_715' title='bbox 2327 1107 2479 1144; x_wconf 91' lang='lat' dir='ltr'>univer-</span> 
     </span>
     <span class='ocr_line' id='line_1_103' title="bbox 1417 1154 2478 1206; baseline 0.007 -16"><span class='ocrx_word' id='word_1_716' title='bbox 1417 1154 1552 1191; x_wconf 89' lang='lat' dir='ltr'>salium</span> <span class='ocrx_word' id='word_1_717' title='bbox 1572 1155 1804 1201; x_wconf 88' lang='lat' dir='ltr'>adinvicem;</span> <span class='ocrx_word' id='word_1_718' title='bbox 1825 1157 2006 1203; x_wconf 90' lang='lat' dir='ltr'>secundo,</span> <span class='ocrx_word' id='word_1_719' title='bbox 2028 1158 2075 1194; x_wconf 91' lang='lat' dir='ltr'>de</span> <span class='ocrx_word' id='word_1_720' title='bbox 2092 1158 2331 1206; x_wconf 91' lang='lat' dir='ltr'>oppositione</span> <span class='ocrx_word' id='word_1_721' title='bbox 2345 1160 2478 1197; x_wconf 90' lang='lat' dir='ltr'>indefi-</span> 
     </span>
     <span class='ocr_line' id='line_1_104' title="bbox 1416 1207 2478 1259; baseline 0.008 -17"><span class='ocrx_word' id='word_1_722' title='bbox 1416 1207 1596 1253; x_wconf 88' lang='lat' dir='ltr'>nitarum;</span> <span class='ocrx_word' id='word_1_723' title='bbox 1618 1207 1685 1243; x_wconf 92' lang='lat' dir='ltr'>ibi:</span> <span class='ocrx_word' id='word_1_724' title='bbox 1710 1208 1868 1249; x_wconf 85' lang='lat' dir='ltr'>Quando</span> <span class='ocrx_word' id='word_1_725' title='bbox 1888 1215 2011 1246; x_wconf 89' lang='lat' dir='ltr'>autem</span> <span class='ocrx_word' id='word_1_726' title='bbox 2033 1210 2069 1246; x_wconf 90' lang='lat' dir='ltr'>in</span> <span class='ocrx_word' id='word_1_727' title='bbox 2097 1212 2366 1249; x_wconf 73' lang='lat' dir='ltr'>universalibus</span> <span class='ocrx_word' id='word_1_728' title='bbox 2391 1220 2478 1259; x_wconf 71' lang='lat' dir='ltr'>etc.,</span> 
     </span>
     <span class='ocr_line' id='line_1_105' title="bbox 1416 1259 2476 1313; baseline 0.007 -18"><span class='ocrx_word' id='word_1_729' title='bbox 1416 1259 1537 1307; x_wconf 90' lang='lat' dir='ltr'>tertio,</span> <span class='ocrx_word' id='word_1_730' title='bbox 1547 1260 1710 1297; x_wconf 85' lang='lat' dir='ltr'>excludit</span> <span class='ocrx_word' id='word_1_731' title='bbox 1720 1261 2007 1308; x_wconf 90' lang='lat' dir='ltr'>dubitationem;</span> <span class='ocrx_word' id='word_1_732' title='bbox 2020 1262 2082 1299; x_wconf 88' lang='lat' dir='ltr'>ibi:</span> <span class='ocrx_word' id='word_1_733' title='bbox 2090 1265 2136 1300; x_wconf 88' lang='lat' dir='ltr'>In</span> <span class='ocrx_word' id='word_1_734' title='bbox 2148 1276 2191 1300; x_wconf 91' lang='lat' dir='ltr'>eo</span> <span class='ocrx_word' id='word_1_735' title='bbox 2198 1276 2288 1301; x_wconf 79' lang='lat' dir='ltr'>vero</span> <span class='ocrx_word' id='word_1_736' title='bbox 2299 1266 2400 1313; x_wconf 85' lang='lat' dir='ltr'>quod</span> <span class='ocrx_word' id='word_1_737' title='bbox 2409 1273 2476 1303; x_wconf 91' lang='lat' dir='ltr'>etc.</span> 
     </span>
     <span class='ocr_line' id='line_1_106' title="bbox 1475 1313 2479 1365; baseline 0.006 -16"><span class='ocrx_word' id='word_1_738' title='bbox 1475 1314 1532 1349; x_wconf 89' lang='lat'>18.</span> <span class='ocrx_word' id='word_1_739' title='bbox 1559 1313 1659 1350; x_wconf 89' lang='lat' dir='ltr'>Dicit</span> <span class='ocrx_word' id='word_1_740' title='bbox 1687 1325 1775 1361; x_wconf 87' lang='lat' dir='ltr'>ergo</span> <span class='ocrx_word' id='word_1_741' title='bbox 1803 1314 1929 1362; x_wconf 91' lang='lat' dir='ltr'>primo</span> <span class='ocrx_word' id='word_1_742' title='bbox 1959 1316 2064 1363; x_wconf 93' lang='lat' dir='ltr'>quod</span> <span class='ocrx_word' id='word_1_743' title='bbox 2093 1316 2123 1352; x_wconf 91' lang='lat' dir='ltr'>si</span> <span class='ocrx_word' id='word_1_744' title='bbox 2143 1317 2275 1365; x_wconf 92' lang='lat' dir='ltr'>aliquis</span> <span class='ocrx_word' id='word_1_745' title='bbox 2304 1318 2479 1355; x_wconf 89' lang='lat' dir='ltr'>enunciet</span> 
     </span>
     <span class='ocr_line' id='line_1_107' title="bbox 1417 1365 2480 1416; baseline 0.006 -15"><span class='ocrx_word' id='word_1_746' title='bbox 1417 1365 1464 1402; x_wconf 90' lang='lat' dir='ltr'>de</span> <span class='ocrx_word' id='word_1_747' title='bbox 1493 1365 1662 1403; x_wconf 90' lang='lat' dir='ltr'>subiecto</span> <span class='ocrx_word' id='word_1_748' title='bbox 1691 1366 1894 1403; x_wconf 90' lang='lat' dir='ltr'>universali</span> <span class='ocrx_word' id='word_1_749' title='bbox 1923 1368 2200 1416; x_wconf 89' lang='lat' dir='ltr'>universaliter,</span> <span class='ocrx_word' id='word_1_750' title='bbox 2220 1369 2316 1406; x_wconf 91' lang='lat' dir='ltr'>idest</span> <span class='ocrx_word' id='word_1_751' title='bbox 2348 1383 2480 1407; x_wconf 92' lang='lat' dir='ltr'>secun-</span> 
     </span>
     <span class='ocr_line' id='line_1_108' title="bbox 1417 1418 2479 1470; baseline 0.006 -16"><span class='ocrx_word' id='word_1_752' title='bbox 1417 1418 1509 1455; x_wconf 92' lang='lat' dir='ltr'>dum</span> <span class='ocrx_word' id='word_1_753' title='bbox 1545 1419 1814 1456; x_wconf 85' lang='lat' dir='ltr'>continentiam</span> <span class='ocrx_word' id='word_1_754' title='bbox 1848 1432 1939 1456; x_wconf 92' lang='lat' dir='ltr'>suae</span> <span class='ocrx_word' id='word_1_755' title='bbox 1970 1421 2275 1468; x_wconf 87' lang='lat' dir='ltr'>universalitatis,</span> <span class='ocrx_word' id='word_1_756' title='bbox 2302 1424 2479 1470; x_wconf 89' lang='lat' dir='ltr'>quoniam</span> 
     </span>
     <span class='ocr_line' id='line_1_109' title="bbox 1415 1471 2478 1523; baseline 0.005 -16"><span class='ocrx_word' id='word_1_757' title='bbox 1415 1477 1478 1517; x_wconf 85' lang='lat' dir='ltr'>est,</span> <span class='ocrx_word' id='word_1_758' title='bbox 1499 1471 1595 1508; x_wconf 90' lang='lat' dir='ltr'>idest</span> <span class='ocrx_word' id='word_1_759' title='bbox 1623 1472 1862 1520; x_wconf 82' lang='lat' dir='ltr'>affirmative,</span> <span class='ocrx_word' id='word_1_760' title='bbox 1883 1480 1947 1510; x_wconf 90' lang='lat' dir='ltr'>aut</span> <span class='ocrx_word' id='word_1_761' title='bbox 1975 1486 2049 1510; x_wconf 89' lang='lat' dir='ltr'>non</span> <span class='ocrx_word' id='word_1_762' title='bbox 2078 1480 2141 1520; x_wconf 78' lang='lat' dir='ltr'>est,</span> <span class='ocrx_word' id='word_1_763' title='bbox 2162 1474 2258 1511; x_wconf 91' lang='lat' dir='ltr'>idest</span> <span class='ocrx_word' id='word_1_764' title='bbox 2284 1476 2478 1523; x_wconf 88' lang='lat' dir='ltr'>negative,</span> 
     </span>
     <span class='ocr_line' id='line_1_110' title="bbox 1416 1525 2480 1575; baseline 0.005 -15"><span class='ocrx_word' id='word_1_765' title='bbox 1416 1531 1525 1561; x_wconf 89' lang='lat' dir='ltr'>erunt</span> <span class='ocrx_word' id='word_1_766' title='bbox 1540 1525 1747 1561; x_wconf 89' lang='lat' dir='ltr'>contrariae</span> <span class='ocrx_word' id='word_1_767' title='bbox 1769 1525 2063 1573; x_wconf 88' lang='lat' dir='ltr'>enunciationes;</span> <span class='ocrx_word' id='word_1_768' title='bbox 2079 1535 2120 1564; x_wconf 91' lang='lat' dir='ltr'>ut</span> <span class='ocrx_word' id='word_1_769' title='bbox 2135 1527 2165 1563; x_wconf 90' lang='lat' dir='ltr'>si</span> <span class='ocrx_word' id='word_1_770' title='bbox 2181 1528 2335 1575; x_wconf 83' lang='lat' dir='ltr'>dicatur,</span> <span class='ocrx_word' id='word_1_771' title='bbox 2360 1529 2480 1565; x_wconf 84' lang='lat' dir='ltr'>omnis</span> 
     </span>
     <span class='ocr_line' id='line_1_111' title="bbox 1415 1578 2479 1623; baseline 0.004 -9"><span class='ocrx_word' id='word_1_772' title='bbox 1415 1578 1527 1614; x_wconf 89' lang='lat' dir='ltr'>homo</span> <span class='ocrx_word' id='word_1_773' title='bbox 1547 1583 1601 1614; x_wconf 81' lang='lat' dir='ltr'>est</span> <span class='ocrx_word' id='word_1_774' title='bbox 1626 1578 1744 1623; x_wconf 85' lang='lat' dir='ltr'>albus,</span> <span class='ocrx_word' id='word_1_775' title='bbox 1773 1578 1896 1615; x_wconf 84' lang='lat' dir='ltr'>nullus</span> <span class='ocrx_word' id='word_1_776' title='bbox 1915 1580 2028 1616; x_wconf 86' lang='lat' dir='ltr'>homo</span> <span class='ocrx_word' id='word_1_777' title='bbox 2047 1586 2103 1617; x_wconf 82' lang='lat' dir='ltr'>est</span> <span class='ocrx_word' id='word_1_778' title='bbox 2127 1580 2244 1617; x_wconf 86' lang='lat' dir='ltr'>albus.</span> <span class='ocrx_word' id='word_1_779' title='bbox 2272 1581 2395 1618; x_wconf 92' lang='lat' dir='ltr'>Huius</span> <span class='ocrx_word' id='word_1_780' title='bbox 2415 1594 2479 1618; x_wconf 89' lang='lat' dir='ltr'>au-</span> 
     </span>
     <span class='ocr_line' id='line_1_112' title="bbox 1414 1630 2478 1682; baseline 0.005 -16"><span class='ocrx_word' id='word_1_781' title='bbox 1414 1638 1493 1666; x_wconf 90' lang='lat' dir='ltr'>tem</span> <span class='ocrx_word' id='word_1_782' title='bbox 1522 1630 1615 1667; x_wconf 90' lang='lat' dir='ltr'>ratio</span> <span class='ocrx_word' id='word_1_783' title='bbox 1645 1638 1711 1677; x_wconf 88' lang='lat' dir='ltr'>est,</span> <span class='ocrx_word' id='word_1_784' title='bbox 1733 1630 1821 1679; x_wconf 92' lang='lat' dir='ltr'>quia</span> <span class='ocrx_word' id='word_1_785' title='bbox 1850 1632 2035 1668; x_wconf 88' lang='lat' dir='ltr'>contraria</span> <span class='ocrx_word' id='word_1_786' title='bbox 2064 1633 2238 1670; x_wconf 91' lang='lat' dir='ltr'>dicuntur</span> <span class='ocrx_word' id='word_1_787' title='bbox 2272 1646 2370 1682; x_wconf 87' lang='lat' dir='ltr'>quae</span> <span class='ocrx_word' id='word_1_788' title='bbox 2398 1646 2478 1671; x_wconf 91' lang='lat' dir='ltr'>ma-</span> 
     </span>
     <span class='ocr_line' id='line_1_113' title="bbox 1414 1683 2479 1735; baseline 0.005 -16"><span class='ocrx_word' id='word_1_789' title='bbox 1414 1683 1515 1719; x_wconf 90' lang='lat' dir='ltr'>xime</span> <span class='ocrx_word' id='word_1_790' title='bbox 1535 1696 1557 1719; x_wconf 93' lang='lat' dir='ltr'>a</span> <span class='ocrx_word' id='word_1_791' title='bbox 1582 1696 1623 1720; x_wconf 90' lang='lat' dir='ltr'>se</span> <span class='ocrx_word' id='word_1_792' title='bbox 1648 1683 1784 1720; x_wconf 88' lang='lat' dir='ltr'>distant</span> <span class='ocrx_word' id='word_1_793' title='bbox 1802 1685 1842 1720; x_wconf 79' lang='lat' dir='ltr'>*z</span> <span class='ocrx_word' id='word_1_794' title='bbox 1869 1697 1947 1721; x_wconf 91' lang='lat' dir='ltr'>non</span> <span class='ocrx_word' id='word_1_795' title='bbox 1973 1685 2075 1721; x_wconf 90' lang='lat' dir='ltr'>enim</span> <span class='ocrx_word' id='word_1_796' title='bbox 2096 1686 2236 1724; x_wconf 68' lang='lat' dir='ltr'>dicitur</span> <span class='ocrx_word' id='word_1_797' title='bbox 2257 1687 2397 1735; x_wconf 90' lang='lat' dir='ltr'>aliquid</span> <span class='ocrx_word' id='word_1_798' title='bbox 2425 1687 2479 1723; x_wconf 92' lang='lat' dir='ltr'>ni-</span> 
     </span>
     <span class='ocr_line' id='line_1_114' title="bbox 1414 1736 2479 1788; baseline 0.006 -17"><span class='ocrx_word' id='word_1_799' title='bbox 1414 1748 1524 1783; x_wconf 87' lang='lat' dir='ltr'>grum</span> <span class='ocrx_word' id='word_1_800' title='bbox 1540 1748 1586 1772; x_wconf 88' lang='lat' dir='ltr'>ex</span> <span class='ocrx_word' id='word_1_801' title='bbox 1599 1736 1675 1772; x_wconf 91' lang='grc'><strong>1106</strong></span> <span class='ocrx_word' id='word_1_802' title='bbox 1695 1737 1820 1773; x_wconf 92' lang='lat' dir='ltr'>solum</span> <span class='ocrx_word' id='word_1_803' title='bbox 1842 1737 1947 1785; x_wconf 94' lang='lat' dir='ltr'>quod</span> <span class='ocrx_word' id='word_1_804' title='bbox 1961 1750 2039 1774; x_wconf 92' lang='lat' dir='ltr'>non</span> <span class='ocrx_word' id='word_1_805' title='bbox 2055 1746 2110 1775; x_wconf 91' lang='lat' dir='ltr'>est</span> <span class='ocrx_word' id='word_1_806' title='bbox 2124 1739 2266 1786; x_wconf 90' lang='lat' dir='ltr'>album,</span> <span class='ocrx_word' id='word_1_807' title='bbox 2283 1739 2350 1776; x_wconf 87' lang='lat' dir='ltr'>sed</span> <span class='ocrx_word' id='word_1_808' title='bbox 2365 1752 2479 1788; x_wconf 91' lang='lat' dir='ltr'>super</span> 
     </span>
     <span class='ocr_line' id='line_1_115' title="bbox 1413 1788 2479 1839; baseline 0.006 -15"><span class='ocrx_word' id='word_1_809' title='bbox 1413 1789 1488 1824; x_wconf 92' lang='lat' dir='ltr'>hoc</span> <span class='ocrx_word' id='word_1_810' title='bbox 1507 1788 1612 1837; x_wconf 92' lang='lat' dir='ltr'>quod</span> <span class='ocrx_word' id='word_1_811' title='bbox 1631 1796 1687 1825; x_wconf 89' lang='lat' dir='ltr'>est</span> <span class='ocrx_word' id='word_1_812' title='bbox 1705 1801 1779 1826; x_wconf 91' lang='lat' dir='ltr'>non</span> <span class='ocrx_word' id='word_1_813' title='bbox 1799 1801 1877 1826; x_wconf 81' lang='lat' dir='ltr'>esse</span> <span class='ocrx_word' id='word_1_814' title='bbox 1894 1790 2034 1836; x_wconf 83' lang='lat' dir='ltr'>album,</span> <span class='ocrx_word' id='word_1_815' title='bbox 2051 1791 2155 1839; x_wconf 94' lang='lat' dir='ltr'>quod</span> <span class='ocrx_word' id='word_1_816' title='bbox 2174 1792 2357 1839; x_wconf 89' lang='lat' dir='ltr'>significat</span> <span class='ocrx_word' id='word_1_817' title='bbox 2375 1805 2479 1829; x_wconf 90' lang='lat' dir='ltr'>com-</span> 
     </span>
     <span class='ocr_line' id='line_1_116' title="bbox 1414 1841 2477 1892; baseline 0.005 -15"><span class='ocrx_word' id='word_1_818' title='bbox 1414 1841 1579 1878; x_wconf 91' lang='lat' dir='ltr'>muniter</span> <span class='ocrx_word' id='word_1_819' title='bbox 1597 1842 1851 1878; x_wconf 88' lang='lat' dir='ltr'>remotionem</span> <span class='ocrx_word' id='word_1_820' title='bbox 1872 1843 1957 1890; x_wconf 87' lang='lat' dir='ltr'>albi,</span> <span class='ocrx_word' id='word_1_821' title='bbox 1978 1844 2082 1880; x_wconf 90' lang='lat' dir='ltr'>addit</span> <span class='ocrx_word' id='word_1_822' title='bbox 2100 1844 2249 1892; x_wconf 87' lang='lat' dir='ltr'>nigrum</span> <span class='ocrx_word' id='word_1_823' title='bbox 2270 1853 2477 1883; x_wconf 88' lang='lat' dir='ltr'>extremam</span> 
     </span>
     <span class='ocr_line' id='line_1_117' title="bbox 1416 1894 2717 1945; baseline 0.007 -15"><span class='ocrx_word' id='word_1_824' title='bbox 1416 1894 1629 1931; x_wconf 88' lang='lat' dir='ltr'>distantiam</span> <span class='ocrx_word' id='word_1_825' title='bbox 1649 1895 1696 1931; x_wconf 89' lang='lat' dir='ltr'>ab</span> <span class='ocrx_word' id='word_1_826' title='bbox 1717 1895 1816 1932; x_wconf 86' lang='lat' dir='ltr'>albo.</span> <span class='ocrx_word' id='word_1_827' title='bbox 1839 1895 1901 1932; x_wconf 92' lang='lat' dir='ltr'>Sic</span> <span class='ocrx_word' id='word_1_828' title='bbox 1919 1896 2030 1943; x_wconf 89' lang='lat' dir='ltr'>igitur</span> <span class='ocrx_word' id='word_1_829' title='bbox 2048 1896 2085 1933; x_wconf 92' lang='lat' dir='ltr'>id</span> <span class='ocrx_word' id='word_1_830' title='bbox 2107 1898 2212 1945; x_wconf 93' lang='lat' dir='ltr'>quod</span> <span class='ocrx_word' id='word_1_831' title='bbox 2235 1898 2445 1936; x_wconf 89' lang='lat' dir='ltr'>affirmatur</span> <span class='ocrx_word' id='word_1_832' title='bbox 2458 1899 2479 1920; x_wconf 77' lang='grc'>*</span> <span class='ocrx_word' id='word_1_833' title='bbox 2506 1913 2549 1932; x_wconf 61' lang='lat' dir='ltr'>‘Ae</span> <span class='ocrx_word' id='word_1_834' title='bbox 2572 1912 2636 1932; x_wconf 79' lang='lat' dir='ltr'>ratio</span> <span class='ocrx_word' id='word_1_835' title='bbox 2656 1917 2717 1939; x_wconf 79' lang='lat' dir='ltr'>quae</span> 
     </span>
     <span class='ocr_line' id='line_1_118' title="bbox 1413 1938 2644 1997; baseline 0.005 -14"><span class='ocrx_word' id='word_1_836' title='bbox 1413 1960 1483 1996; x_wconf 89' lang='lat' dir='ltr'>per</span> <span class='ocrx_word' id='word_1_837' title='bbox 1510 1948 1609 1984; x_wconf 91' lang='lat' dir='ltr'>hanc</span> <span class='ocrx_word' id='word_1_838' title='bbox 1637 1947 1959 1995; x_wconf 88' lang='lat' dir='ltr'>enunciationem,</span> <span class='ocrx_word' id='word_1_839' title='bbox 1990 1950 2110 1986; x_wconf 82' lang='lat' dir='ltr'>omnis</span> <span class='ocrx_word' id='word_1_840' title='bbox 2136 1951 2248 1987; x_wconf 85' lang='lat' dir='ltr'>homo</span> <span class='ocrx_word' id='word_1_841' title='bbox 2277 1957 2331 1987; x_wconf 85' lang='lat' dir='ltr'>est</span> <span class='ocrx_word' id='word_1_842' title='bbox 2359 1952 2478 1997; x_wconf 84' lang='lat' dir='ltr'>albus,</span> <span class='ocrx_word' id='word_1_843' title='bbox 2505 1938 2644 1965; x_wconf 62' lang='lat' dir='ltr'><em>“ffimmr&#39;</em></span> 
     </span>
     <span class='ocr_line' id='line_1_119' title="bbox 1416 2001 2478 2050; baseline 0.004 -13"><span class='ocrx_word' id='word_1_844' title='bbox 1416 2008 1636 2038; x_wconf 90' lang='lat' dir='ltr'>removetur</span> <span class='ocrx_word' id='word_1_845' title='bbox 1648 2013 1718 2049; x_wconf 91' lang='lat' dir='ltr'>per</span> <span class='ocrx_word' id='word_1_846' title='bbox 1732 2001 1830 2037; x_wconf 90' lang='lat' dir='ltr'>hanc</span> <span class='ocrx_word' id='word_1_847' title='bbox 1848 2001 2102 2050; x_wconf 87' lang='lat' dir='ltr'>negationem,</span> <span class='ocrx_word' id='word_1_848' title='bbox 2129 2015 2202 2040; x_wconf 89' lang='lat' dir='ltr'>non</span> <span class='ocrx_word' id='word_1_849' title='bbox 2227 2004 2348 2041; x_wconf 84' lang='lat' dir='ltr'>omnis</span> <span class='ocrx_word' id='word_1_850' title='bbox 2366 2005 2478 2041; x_wconf 89' lang='lat' dir='ltr'>homo</span> 
     </span>
     <span class='ocr_line' id='line_1_120' title="bbox 1416 2053 2479 2103; baseline 0.005 -14"><span class='ocrx_word' id='word_1_851' title='bbox 1416 2059 1470 2090; x_wconf 82' lang='lat' dir='ltr'>est</span> <span class='ocrx_word' id='word_1_852' title='bbox 1486 2053 1604 2090; x_wconf 84' lang='lat' dir='ltr'>albus.</span> <span class='ocrx_word' id='word_1_853' title='bbox 1633 2054 1795 2102; x_wconf 91' lang='lat' dir='ltr'>Oportet</span> <span class='ocrx_word' id='word_1_854' title='bbox 1814 2066 1903 2101; x_wconf 88' lang='lat' dir='ltr'>ergo</span> <span class='ocrx_word' id='word_1_855' title='bbox 1924 2056 1944 2074; x_wconf 70' lang='lat'>⁴⁹</span> <span class='ocrx_word' id='word_1_856' title='bbox 1971 2055 2076 2103; x_wconf 93' lang='lat' dir='ltr'>quod</span> <span class='ocrx_word' id='word_1_857' title='bbox 2103 2056 2251 2103; x_wconf 87' lang='lat' dir='ltr'>negatio</span> <span class='ocrx_word' id='word_1_858' title='bbox 2281 2065 2479 2094; x_wconf 89' lang='lat' dir='ltr'>removeat</span> 
     </span>
     <span class='ocr_line' id='line_1_121' title="bbox 1415 2106 2477 2158; baseline 0.005 -16"><span class='ocrx_word' id='word_1_859' title='bbox 1415 2107 1569 2143; x_wconf 88' lang='lat' dir='ltr'>modum</span> <span class='ocrx_word' id='word_1_860' title='bbox 1585 2119 1661 2155; x_wconf 91' lang='lat' dir='ltr'>quo</span> <span class='ocrx_word' id='word_1_861' title='bbox 1676 2106 1936 2155; x_wconf 90' lang='lat' dir='ltr'>praedicatum</span> <span class='ocrx_word' id='word_1_862' title='bbox 1953 2107 2085 2145; x_wconf 89' lang='lat' dir='ltr'>dicitur</span> <span class='ocrx_word' id='word_1_863' title='bbox 2100 2108 2148 2145; x_wconf 92' lang='lat' dir='ltr'>de</span> <span class='ocrx_word' id='word_1_864' title='bbox 2163 2109 2344 2157; x_wconf 91' lang='lat' dir='ltr'>subiecto,</span> <span class='ocrx_word' id='word_1_865' title='bbox 2361 2122 2477 2158; x_wconf 90' lang='lat' dir='ltr'>quem</span> 
     </span>
     <span class='ocr_line' id='line_1_122' title="bbox 1417 2159 2476 2210; baseline 0.004 -14"><span class='ocrx_word' id='word_1_866' title='bbox 1417 2160 1587 2207; x_wconf 90' lang='lat' dir='ltr'>designat</span> <span class='ocrx_word' id='word_1_867' title='bbox 1613 2160 1709 2196; x_wconf 89' lang='lat' dir='ltr'>haec</span> <span class='ocrx_word' id='word_1_868' title='bbox 1737 2159 1862 2206; x_wconf 90' lang='lat' dir='ltr'>dictio,</span> <span class='ocrx_word' id='word_1_869' title='bbox 1884 2161 2014 2197; x_wconf 84' lang='lat' dir='ltr'>omnis.</span> <span class='ocrx_word' id='word_1_870' title='bbox 2047 2161 2124 2198; x_wconf 89' lang='lat' dir='ltr'>Sed</span> <span class='ocrx_word' id='word_1_871' title='bbox 2152 2174 2266 2210; x_wconf 88' lang='lat' dir='ltr'>super</span> <span class='ocrx_word' id='word_1_872' title='bbox 2292 2163 2391 2199; x_wconf 87' lang='lat' dir='ltr'>hanc</span> <span class='ocrx_word' id='word_1_873' title='bbox 2420 2175 2476 2200; x_wconf 94' lang='lat' dir='ltr'>re-</span> 
     </span>
     <span class='ocr_line' id='line_1_123' title="bbox 1415 2212 2481 2261; baseline 0.004 -13"><span class='ocrx_word' id='word_1_874' title='bbox 1415 2213 1627 2249; x_wconf 89' lang='lat' dir='ltr'>motionem</span> <span class='ocrx_word' id='word_1_875' title='bbox 1653 2212 1757 2249; x_wconf 89' lang='lat' dir='ltr'>addit</span> <span class='ocrx_word' id='word_1_876' title='bbox 1778 2213 1874 2249; x_wconf 91' lang='lat' dir='ltr'>haec</span> <span class='ocrx_word' id='word_1_877' title='bbox 1900 2213 2129 2261; x_wconf 90' lang='lat' dir='ltr'>enunciatio,</span> <span class='ocrx_word' id='word_1_878' title='bbox 2155 2215 2277 2251; x_wconf 84' lang='lat' dir='ltr'>nullus</span> <span class='ocrx_word' id='word_1_879' title='bbox 2294 2216 2406 2252; x_wconf 84' lang='lat' dir='ltr'>homo</span> <span class='ocrx_word' id='word_1_880' title='bbox 2426 2222 2481 2253; x_wconf 81' lang='lat' dir='ltr'>est</span> 
     </span>
     <span class='ocr_line' id='line_1_124' title="bbox 1414 2265 2478 2314; baseline 0.004 -13"><span class='ocrx_word' id='word_1_881' title='bbox 1414 2266 1532 2311; x_wconf 83' lang='lat' dir='ltr'>albus,</span> <span class='ocrx_word' id='word_1_882' title='bbox 1552 2266 1708 2302; x_wconf 88' lang='lat' dir='ltr'>totalem</span> <span class='ocrx_word' id='word_1_883' title='bbox 1737 2265 2001 2312; x_wconf 89' lang='lat' dir='ltr'>remotionem,</span> <span class='ocrx_word' id='word_1_884' title='bbox 2022 2278 2121 2314; x_wconf 87' lang='lat' dir='ltr'>quae</span> <span class='ocrx_word' id='word_1_885' title='bbox 2145 2275 2201 2303; x_wconf 90' lang='lat' dir='ltr'>est</span> <span class='ocrx_word' id='word_1_886' title='bbox 2228 2275 2395 2304; x_wconf 88' lang='lat' dir='ltr'>extrema</span> <span class='ocrx_word' id='word_1_887' title='bbox 2424 2269 2478 2306; x_wconf 92' lang='lat' dir='ltr'>di-</span> 
     </span>
     <span class='ocr_line' id='line_1_125' title="bbox 1415 2318 2616 2366; baseline 0.002 -11"><span class='ocrx_word' id='word_1_888' title='bbox 1415 2319 1549 2356; x_wconf 87' lang='lat' dir='ltr'>stantia</span> <span class='ocrx_word' id='word_1_889' title='bbox 1568 2331 1590 2355; x_wconf 90' lang='lat' dir='ltr'>a</span> <span class='ocrx_word' id='word_1_890' title='bbox 1608 2318 1734 2366; x_wconf 89' lang='lat' dir='ltr'>primo</span> <span class='ocrx_word' id='word_1_891' title='bbox 1754 2323 1784 2363; x_wconf 85' lang='lat'>⁰;</span> <span class='ocrx_word' id='word_1_892' title='bbox 1805 2318 1910 2366; x_wconf 90' lang='lat' dir='ltr'>quod</span> <span class='ocrx_word' id='word_1_893' title='bbox 1928 2319 2089 2366; x_wconf 87' lang='lat' dir='ltr'>pertinet</span> <span class='ocrx_word' id='word_1_894' title='bbox 2113 2320 2163 2356; x_wconf 91' lang='lat' dir='ltr'>ad</span> <span class='ocrx_word' id='word_1_895' title='bbox 2182 2321 2368 2357; x_wconf 91' lang='lat' dir='ltr'>rationem</span> <span class='ocrx_word' id='word_1_896' title='bbox 2388 2334 2477 2358; x_wconf 91' lang='lat' dir='ltr'>con·</span> <span class='ocrx_word' id='word_1_897' title='bbox 2603 2333 2616 2349; x_wconf 76' lang='grc' dir='ltr'>ο</span> 
     </span>
     <span class='ocr_line' id='line_1_126' title="bbox 1413 2370 2477 2421; baseline 0.003 -13"><span class='ocrx_word' id='word_1_898' title='bbox 1413 2371 1620 2408; x_wconf 88' lang='lat' dir='ltr'>trarietatis.</span> <span class='ocrx_word' id='word_1_899' title='bbox 1656 2372 1704 2407; x_wconf 91' lang='lat' dir='ltr'>Et</span> <span class='ocrx_word' id='word_1_900' title='bbox 1730 2370 1817 2407; x_wconf 89' lang='lat' dir='ltr'>ideo</span> <span class='ocrx_word' id='word_1_901' title='bbox 1848 2371 2119 2408; x_wconf 90' lang='lat' dir='ltr'>convenienter</span> <span class='ocrx_word' id='word_1_902' title='bbox 2145 2373 2244 2410; x_wconf 92' lang='lat' dir='ltr'>hanc</span> <span class='ocrx_word' id='word_1_903' title='bbox 2272 2374 2477 2421; x_wconf 90' lang='lat' dir='ltr'>oppositio-</span> 
     </span>
     <span class='ocr_line' id='line_1_127' title="bbox 1412 2424 1958 2462; baseline -0.002 0"><span class='ocrx_word' id='word_1_904' title='bbox 1412 2437 1502 2462; x_wconf 90' lang='lat' dir='ltr'>nem</span> <span class='ocrx_word' id='word_1_905' title='bbox 1532 2424 1619 2461; x_wconf 92' lang='lat' dir='ltr'>dicit</span> <span class='ocrx_word' id='word_1_906' title='bbox 1646 2424 1958 2461; x_wconf 87' lang='lat' dir='ltr'>contrarietatem.</span> 
     </span>
     <span class='ocr_line' id='line_1_128' title="bbox 1472 2476 2478 2525; baseline 0.002 -11"><span class='ocrx_word' id='word_1_907' title='bbox 1472 2490 1528 2525; x_wconf 86' lang='lat'>19.</span> <span class='ocrx_word' id='word_1_908' title='bbox 1546 2476 1694 2513; x_wconf 90' lang='lat' dir='ltr'>Deinde</span> <span class='ocrx_word' id='word_1_909' title='bbox 1711 2489 1798 2513; x_wconf 90' lang='lat' dir='ltr'>cum</span> <span class='ocrx_word' id='word_1_910' title='bbox 1815 2476 1917 2513; x_wconf 89' lang='lat' dir='ltr'>dicit:</span> <span class='ocrx_word' id='word_1_911' title='bbox 1942 2477 2100 2518; x_wconf 88' lang='lat' dir='ltr'>Quando</span> <span class='ocrx_word' id='word_1_912' title='bbox 2115 2484 2239 2514; x_wconf 87' lang='lat' dir='ltr'>autem</span> <span class='ocrx_word' id='word_1_913' title='bbox 2256 2485 2337 2525; x_wconf 89' lang='lat' dir='ltr'>etc.,</span> <span class='ocrx_word' id='word_1_914' title='bbox 2355 2487 2478 2516; x_wconf 89' lang='lat' dir='ltr'>osten-</span> 
     </span>
     <span class='ocr_line' id='line_1_129' title="bbox 1413 2529 2477 2579; baseline 0.002 -12"><span class='ocrx_word' id='word_1_915' title='bbox 1413 2530 1465 2567; x_wconf 93' lang='lat' dir='ltr'>dit</span> <span class='ocrx_word' id='word_1_916' title='bbox 1493 2529 1613 2579; x_wconf 88' lang='lat' dir='ltr'>qualis</span> <span class='ocrx_word' id='word_1_917' title='bbox 1633 2529 1678 2566; x_wconf 92' lang='lat' dir='ltr'>sit</span> <span class='ocrx_word' id='word_1_918' title='bbox 1706 2529 1894 2578; x_wconf 89' lang='lat' dir='ltr'>oppositio</span> <span class='ocrx_word' id='word_1_919' title='bbox 1925 2530 2185 2566; x_wconf 83' lang='lat' dir='ltr'>affirmationis</span> <span class='ocrx_word' id='word_1_920' title='bbox 2212 2538 2247 2567; x_wconf 93' lang='lat' dir='ltr'>et</span> <span class='ocrx_word' id='word_1_921' title='bbox 2270 2532 2477 2579; x_wconf 88' lang='lat' dir='ltr'>negationis</span> 
     </span>
     <span class='ocr_line' id='line_1_130' title="bbox 1413 2582 2475 2632; baseline 0.002 -12"><span class='ocrx_word' id='word_1_922' title='bbox 1413 2583 1451 2620; x_wconf 93' lang='lat' dir='ltr'>in</span> <span class='ocrx_word' id='word_1_923' title='bbox 1479 2582 1693 2620; x_wconf 90' lang='lat' dir='ltr'>indefinitis.</span> <span class='ocrx_word' id='word_1_924' title='bbox 1726 2583 1775 2618; x_wconf 91' lang='lat' dir='ltr'>Et</span> <span class='ocrx_word' id='word_1_925' title='bbox 1797 2582 1935 2630; x_wconf 91' lang='lat' dir='ltr'>prim0,</span> <span class='ocrx_word' id='word_1_926' title='bbox 1955 2582 2135 2631; x_wconf 92' lang='lat' dir='ltr'>proponit</span> <span class='ocrx_word' id='word_1_927' title='bbox 2163 2583 2268 2632; x_wconf 92' lang='lat' dir='ltr'>quod</span> <span class='ocrx_word' id='word_1_928' title='bbox 2295 2584 2475 2632; x_wconf 78' lang='lat' dir='ltr'>intendit3</span> 
     </span>
     <span class='ocr_line' id='line_1_131' title="bbox 1414 2635 2476 2685; baseline 0.002 -13"><span class='ocrx_word' id='word_1_929' title='bbox 1414 2635 1596 2682; x_wconf 91' lang='lat' dir='ltr'>secundo,</span> <span class='ocrx_word' id='word_1_930' title='bbox 1617 2635 1830 2671; x_wconf 87' lang='lat' dir='ltr'>manifestat</span> <span class='ocrx_word' id='word_1_931' title='bbox 1846 2635 2086 2684; x_wconf 88' lang='lat' dir='ltr'>propositum</span> <span class='ocrx_word' id='word_1_932' title='bbox 2106 2649 2176 2684; x_wconf 92' lang='lat' dir='ltr'>per</span> <span class='ocrx_word' id='word_1_933' title='bbox 2195 2638 2385 2685; x_wconf 80' lang='lat' dir='ltr'>exempla3</span> <span class='ocrx_word' id='word_1_934' title='bbox 2406 2638 2476 2674; x_wconf 91' lang='lat' dir='ltr'>ibi:</span> 
     </span>
     <span class='ocr_line' id='line_1_132' title="bbox 1413 2688 2477 2738; baseline 0.002 -12"><span class='ocrx_word' id='word_1_935' title='bbox 1413 2690 1510 2726; x_wconf 88' lang='lat' dir='ltr'>Dico</span> <span class='ocrx_word' id='word_1_936' title='bbox 1538 2694 1662 2725; x_wconf 91' lang='lat' dir='ltr'>autem</span> <span class='ocrx_word' id='word_1_937' title='bbox 1688 2700 1762 2724; x_wconf 90' lang='lat' dir='ltr'>non</span> <span class='ocrx_word' id='word_1_938' title='bbox 1779 2688 2037 2725; x_wconf 78' lang='lat' dir='ltr'>universaliter</span> <span class='ocrx_word' id='word_1_939' title='bbox 2060 2696 2148 2735; x_wconf 85' lang='lat' dir='ltr'>etc.;</span> <span class='ocrx_word' id='word_1_940' title='bbox 2173 2689 2293 2736; x_wconf 90' lang='lat' dir='ltr'>tertio,</span> <span class='ocrx_word' id='word_1_941' title='bbox 2316 2690 2477 2738; x_wconf 89' lang='lat' dir='ltr'>assignat</span> 
     </span>
     <span class='ocr_line' id='line_1_133' title="bbox 1414 2741 2620 2787; baseline 0.002 -9"><span class='ocrx_word' id='word_1_942' title='bbox 1414 2741 1600 2778; x_wconf 88' lang='lat' dir='ltr'>rationem</span> <span class='ocrx_word' id='word_1_943' title='bbox 1634 2741 1945 2778; x_wconf 84' lang='lat' dir='ltr'>manifestationis</span> <span class='ocrx_word' id='word_1_944' title='bbox 1972 2747 2008 2787; x_wconf 72' lang='lat'>⁷¹3</span> <span class='ocrx_word' id='word_1_945' title='bbox 2038 2741 2107 2778; x_wconf 93' lang='lat' dir='ltr'>ibi:</span> <span class='ocrx_word' id='word_1_946' title='bbox 2141 2743 2235 2778; x_wconf 89' lang='lat' dir='ltr'>Cum</span> <span class='ocrx_word' id='word_1_947' title='bbox 2264 2743 2363 2779; x_wconf 91' lang='lat' dir='ltr'>enim</span> <span class='ocrx_word' id='word_1_948' title='bbox 2397 2744 2476 2780; x_wconf 89' lang='lat' dir='ltr'>uni-</span> <span class='ocrx_word' id='word_1_949' title='bbox 2602 2753 2620 2769; x_wconf 66' lang='grc' dir='ltr'><em>π</em></span> 
     </span>
    </p>
   </div>
   <div class='ocr_carea' id='block_1_19' title="bbox 2507 848 2719 897">
    <p class='ocr_par' dir='ltr' id='par_1_23' title="bbox 2507 848 2719 897">
     <span class='ocr_line' id='line_1_134' title="bbox 2507 848 2719 871; baseline 0.005 -1"><span class='ocrx_word' id='word_1_950' title='bbox 2507 850 2516 858; x_wconf 89' lang='grc'>·</span> <span class='ocrx_word' id='word_1_951' title='bbox 2524 848 2719 871; x_wconf 79' lang='lat' dir='ltr'>Enunciationum</span> 
     </span>
     <span class='ocr_line' id='line_1_135' title="bbox 2507 875 2615 897; baseline 0.009 -1"><span class='ocrx_word' id='word_1_952' title='bbox 2507 881 2536 896; x_wconf 86' lang='lat' dir='ltr'>ex</span> <span class='ocrx_word' id='word_1_953' title='bbox 2546 875 2615 897; x_wconf 90' lang='lat' dir='ltr'>codd.</span> 
     </span>
    </p>
   </div>
   <div class='ocr_carea' id='block_1_20' title="bbox 2506 1063 2629 1085">
    <p class='ocr_par' dir='ltr' id='par_1_24' title="bbox 2506 1063 2629 1085">
     <span class='ocr_line' id='line_1_136' title="bbox 2506 1063 2629 1085; baseline 0.016 -2"><span class='ocrx_word' id='word_1_954' title='bbox 2506 1064 2515 1074; x_wconf 85' lang='grc'><em>“</em></span> <span class='ocrx_word' id='word_1_955' title='bbox 2525 1063 2587 1084; x_wconf 83' lang='lat' dir='ltr'>Lect.</span> <span class='ocrx_word' id='word_1_956' title='bbox 2598 1070 2629 1085; x_wconf 82' lang='lat' dir='ltr'>xi.</span> 
     </span>
    </p>
   </div>
   <div class='ocr_carea' id='block_1_21' title="bbox 2507 1121 2719 1169">
    <p class='ocr_par' dir='ltr' id='par_1_25' title="bbox 2507 1121 2719 1169">
     <span class='ocr_line' id='line_1_137' title="bbox 2507 1121 2719 1148; baseline 0.005 -7"><span class='ocrx_word' id='word_1_957' title='bbox 2507 1123 2515 1131; x_wconf 94' lang='grc'>·</span> <span class='ocrx_word' id='word_1_958' title='bbox 2526 1121 2719 1148; x_wconf 71' lang='lat' dir='ltr'>Propositionum</span> 
     </span>
     <span class='ocr_line' id='line_1_138' title="bbox 2507 1147 2615 1169; baseline 0 -1"><span class='ocrx_word' id='word_1_959' title='bbox 2507 1154 2535 1168; x_wconf 84' lang='lat' dir='ltr'>ex</span> <span class='ocrx_word' id='word_1_960' title='bbox 2546 1147 2615 1169; x_wconf 87' lang='lat' dir='ltr'>codd.</span> 
     </span>
    </p>
   </div>
   <div class='ocr_carea' id='block_1_22' title="bbox 2506 1701 2717 1748">
    <p class='ocr_par' dir='ltr' id='par_1_26' title="bbox 2506 1701 2717 1748">
     <span class='ocr_line' id='line_1_139' title="bbox 2506 1701 2717 1748; baseline 0.009 -27"><span class='ocrx_word' id='word_1_961' title='bbox 2506 1701 2605 1748; x_wconf 37' lang='lat' dir='ltr'>¹235th</span> <span class='ocrx_word' id='word_1_962' title='bbox 2614 1701 2717 1729; x_wconf 67' lang='lat' dir='ltr'>Physic„</span> 
     </span>
    </p>
   </div>
   <div class='ocr_carea' id='block_1_23' title="bbox 2507 2069 2649 2090">
    <p class='ocr_par' dir='ltr' id='par_1_27' title="bbox 2507 2069 2649 2090">
     <span class='ocr_line' id='line_1_140' title="bbox 2507 2069 2649 2090; baseline 0.007 -1"><span class='ocrx_word' id='word_1_963' title='bbox 2507 2070 2515 2078; x_wconf 83' lang='lat'><strong>·</strong></span> <span class='ocrx_word' id='word_1_964' title='bbox 2526 2075 2566 2090; x_wconf 75' lang='lat' dir='ltr'>ac:</span> <span class='ocrx_word' id='word_1_965' title='bbox 2582 2069 2649 2090; x_wconf 84' lang='lat' dir='ltr'>enim.</span> 
     </span>
    </p>
   </div>
   <div class='ocr_carea' id='block_1_24' title="bbox 1413 2841 2477 3297">
    <p class='ocr_par' dir='ltr' id='par_1_28' title="bbox 1413 2841 2477 3252">
     <span class='ocr_line' id='line_1_141' title="bbox 1466 2841 2475 2876; baseline 0.002 -10"><span class='ocrx_word' id='word_1_966' title='bbox 1466 2841 1490 2876; x_wconf 78' lang='grc' dir='ltr'>ξ)</span> <span class='ocrx_word' id='word_1_967' title='bbox 1504 2842 1670 2867; x_wconf 76' lang='lat' dir='ltr'>Attribuitur</span> <span class='ocrx_word' id='word_1_968' title='bbox 1683 2842 1798 2867; x_wconf 87' lang='lat' dir='ltr'>subiecto</span> <span class='ocrx_word' id='word_1_969' title='bbox 1812 2842 1956 2867; x_wconf 84' lang='lat' dir='ltr'>universali</span> <span class='ocrx_word' id='word_1_970' title='bbox 1965 2847 2012 2867; x_wconf 91' lang='lat' dir='ltr'>etc.</span> <span class='ocrx_word' id='word_1_971' title='bbox 2022 2842 2087 2867; x_wconf 89' lang='lat' dir='ltr'>Tres</span> <span class='ocrx_word' id='word_1_972' title='bbox 2097 2842 2163 2866; x_wconf 88' lang='lat' dir='ltr'>Ven.</span> <span class='ocrx_word' id='word_1_973' title='bbox 2174 2843 2298 2867; x_wconf 87' lang='lat' dir='ltr'>editiones</span> <span class='ocrx_word' id='word_1_974' title='bbox 2312 2843 2407 2868; x_wconf 88' lang='lat' dir='ltr'>saeculi</span> <span class='ocrx_word' id='word_1_975' title='bbox 2417 2844 2475 2875; x_wconf 86' lang='lat' dir='ltr'>XV,</span> 
     </span>
     <span class='ocr_line' id='line_1_142' title="bbox 1414 2877 2476 2909; baseline 0.001 -6"><span class='ocrx_word' id='word_1_976' title='bbox 1414 2882 1439 2904; x_wconf 86' lang='lat' dir='ltr'>et</span> <span class='ocrx_word' id='word_1_977' title='bbox 1457 2879 1522 2902; x_wconf 88' lang='lat' dir='ltr'>duae</span> <span class='ocrx_word' id='word_1_978' title='bbox 1536 2877 1599 2902; x_wconf 87' lang='lat' dir='ltr'>aliae</span> <span class='ocrx_word' id='word_1_979' title='bbox 1613 2877 1707 2902; x_wconf 87' lang='lat' dir='ltr'>saeculi</span> <span class='ocrx_word' id='word_1_980' title='bbox 1721 2877 1787 2908; x_wconf 89' lang='lat' dir='ltr'>XVI,</span> <span class='ocrx_word' id='word_1_981' title='bbox 1802 2877 1903 2909; x_wconf 82' lang='lat' dir='ltr'>legunt:</span> <span class='ocrx_word' id='word_1_982' title='bbox 1918 2877 2075 2902; x_wconf 84' lang='lat' dir='ltr'>attribuitur</span> <span class='ocrx_word' id='word_1_983' title='bbox 2087 2877 2202 2902; x_wconf 81' lang='lat' dir='ltr'>subiecto</span> <span class='ocrx_word' id='word_1_984' title='bbox 2217 2878 2361 2903; x_wconf 86' lang='lat' dir='ltr'>universali</span> <span class='ocrx_word' id='word_1_985' title='bbox 2373 2879 2476 2904; x_wconf 86' lang='lat' dir='ltr'>ratione</span> 
     </span>
     <span class='ocr_line' id='line_1_143' title="bbox 1414 2912 2477 2945; baseline 0 -7"><span class='ocrx_word' id='word_1_986' title='bbox 1414 2913 1496 2945; x_wconf 50' lang='lat' dir='ltr'>nysius</span> <span class='ocrx_word' id='word_1_987' title='bbox 1509 2912 1685 2944; x_wconf 80' lang='lat' dir='ltr'>particularis</span> <span class='ocrx_word' id='word_1_988' title='bbox 1691 2920 1700 2941; x_wconf 90' lang='lat'>,·</span> <span class='ocrx_word' id='word_1_989' title='bbox 1719 2912 1789 2937; x_wconf 88' lang='lat' dir='ltr'>unde</span> <span class='ocrx_word' id='word_1_990' title='bbox 1808 2912 1906 2937; x_wconf 82' lang='lat' dir='ltr'>dicitur</span> <span class='ocrx_word' id='word_1_991' title='bbox 1920 2912 2086 2937; x_wconf 80' lang='lat' dir='ltr'>individuum</span> <span class='ocrx_word' id='word_1_992' title='bbox 2103 2920 2209 2945; x_wconf 84' lang='lat' dir='ltr'>vagum.</span> <span class='ocrx_word' id='word_1_993' title='bbox 2225 2913 2314 2937; x_wconf 89' lang='lat' dir='ltr'>Cetera</span> <span class='ocrx_word' id='word_1_994' title='bbox 2326 2913 2477 2939; x_wconf 89' lang='lat' dir='ltr'>intermedia</span> 
     </span>
     <span class='ocr_line' id='line_1_144' title="bbox 1413 2947 2475 2981; baseline 0.002 -9"><span class='ocrx_word' id='word_1_995' title='bbox 1413 2948 1572 2973; x_wconf 87' lang='lat' dir='ltr'>omittuntur.</span> <span class='ocrx_word' id='word_1_996' title='bbox 1592 2948 1703 2972; x_wconf 85' lang='lat' dir='ltr'>Venetas</span> <span class='ocrx_word' id='word_1_997' title='bbox 1719 2947 1843 2972; x_wconf 89' lang='lat' dir='ltr'>editiones</span> <span class='ocrx_word' id='word_1_998' title='bbox 1858 2947 2027 2972; x_wconf 84' lang='lat' dir='ltr'>adhibuerunt</span> <span class='ocrx_word' id='word_1_999' title='bbox 2041 2948 2150 2972; x_wconf 88' lang='lat' dir='ltr'>editores</span> <span class='ocrx_word' id='word_1_1000' title='bbox 2163 2947 2281 2977; x_wconf 87' lang='lat' dir='ltr'>Romani,</span> <span class='ocrx_word' id='word_1_1001' title='bbox 2292 2956 2358 2980; x_wconf 90' lang='lat' dir='ltr'>quos</span> <span class='ocrx_word' id='word_1_1002' title='bbox 2373 2949 2475 2981; x_wconf 90' lang='lat' dir='ltr'>sequuti</span> 
     </span>
     <span class='ocr_line' id='line_1_145' title="bbox 1414 2982 2474 3016; baseline 0.001 -9"><span class='ocrx_word' id='word_1_1003' title='bbox 1414 2988 1472 3008; x_wconf 90' lang='lat' dir='ltr'>sunt</span> <span class='ocrx_word' id='word_1_1004' title='bbox 1490 2988 1545 3007; x_wconf 91' lang='lat' dir='ltr'>tum</span> <span class='ocrx_word' id='word_1_1005' title='bbox 1565 2982 1642 3007; x_wconf 88' lang='lat' dir='ltr'>editio</span> <span class='ocrx_word' id='word_1_1006' title='bbox 1661 2982 1821 3012; x_wconf 85' lang='lat' dir='ltr'>Parisiensis,</span> <span class='ocrx_word' id='word_1_1007' title='bbox 1834 2987 1889 3006; x_wconf 84' lang='lat' dir='ltr'>tum</span> <span class='ocrx_word' id='word_1_1008' title='bbox 1903 2983 2001 3007; x_wconf 89' lang='lat' dir='ltr'>Veneta</span> <span class='ocrx_word' id='word_1_1009' title='bbox 2014 2983 2083 3015; x_wconf 90' lang='lat' dir='ltr'>Opp.</span> <span class='ocrx_word' id='word_1_1010' title='bbox 2098 2991 2119 3006; x_wconf 78' lang='lat' dir='ltr'>s-</span> <span class='ocrx_word' id='word_1_1011' title='bbox 2129 2982 2247 3007; x_wconf 83' lang='lat' dir='ltr'>Thomae</span> <span class='ocrx_word' id='word_1_1012' title='bbox 2267 2982 2346 3016; x_wconf 83' lang='lat'>1595,</span> <span class='ocrx_word' id='word_1_1013' title='bbox 2361 2989 2415 3008; x_wconf 88' lang='lat' dir='ltr'>tum</span> <span class='ocrx_word' id='word_1_1014' title='bbox 2431 2984 2474 3008; x_wconf 87' lang='lat' dir='ltr'>de-</span> 
     </span>
     <span class='ocr_line' id='line_1_146' title="bbox 1413 3017 2475 3051; baseline 0.002 -9"><span class='ocrx_word' id='word_1_1015' title='bbox 1413 3018 1491 3051; x_wconf 89' lang='lat' dir='ltr'>nique</span> <span class='ocrx_word' id='word_1_1016' title='bbox 1509 3017 1712 3050; x_wconf 86' lang='lat' dir='ltr'>Antuerpiensis.</span> <span class='ocrx_word' id='word_1_1017' title='bbox 1732 3018 1888 3042; x_wconf 89' lang='lat' dir='ltr'>Germanam</span> <span class='ocrx_word' id='word_1_1018' title='bbox 1908 3018 2042 3042; x_wconf 90' lang='lat' dir='ltr'>lectionem</span> <span class='ocrx_word' id='word_1_1019' title='bbox 2061 3017 2217 3042; x_wconf 89' lang='lat' dir='ltr'>restituimus</span> <span class='ocrx_word' id='word_1_1020' title='bbox 2237 3026 2267 3042; x_wconf 81' lang='lat' dir='ltr'>ex</span> <span class='ocrx_word' id='word_1_1021' title='bbox 2285 3018 2358 3042; x_wconf 87' lang='lat' dir='ltr'>codd.</span> <span class='ocrx_word' id='word_1_1022' title='bbox 2376 3019 2475 3044; x_wconf 83' lang='lat' dir='ltr'>Revera</span> 
     </span>
     <span class='ocr_line' id='line_1_147' title="bbox 1413 3052 2473 3086; baseline 0.002 -9"><span class='ocrx_word' id='word_1_1023' title='bbox 1413 3061 1466 3085; x_wconf 91' lang='lat' dir='ltr'>quo</span> <span class='ocrx_word' id='word_1_1024' title='bbox 1484 3058 1559 3086; x_wconf 88' lang='lat' dir='ltr'>pacto</span> <span class='ocrx_word' id='word_1_1025' title='bbox 1578 3052 1699 3077; x_wconf 81' lang='lat' dir='ltr'>inferatur</span> <span class='ocrx_word' id='word_1_1026' title='bbox 1717 3053 1788 3085; x_wconf 89' lang='lat' dir='ltr'>quod</span> <span class='ocrx_word' id='word_1_1027' title='bbox 1806 3052 1951 3077; x_wconf 90' lang='lat' dir='ltr'>universale</span> <span class='ocrx_word' id='word_1_1028' title='bbox 1969 3053 2088 3077; x_wconf 82' lang='lat' dir='ltr'>affectum</span> <span class='ocrx_word' id='word_1_1029' title='bbox 2107 3052 2180 3084; x_wconf 81' lang='lat' dir='ltr'>signo</span> <span class='ocrx_word' id='word_1_1030' title='bbox 2200 3053 2352 3084; x_wconf 85' lang='lat' dir='ltr'>particulari,</span> <span class='ocrx_word' id='word_1_1031' title='bbox 2370 3053 2473 3086; x_wconf 83' lang='lat' dir='ltr'>aliquis,</span> 
     </span>
     <span class='ocr_line' id='line_1_148' title="bbox 1413 3087 2474 3120; baseline 0 -7"><span class='ocrx_word' id='word_1_1032' title='bbox 1413 3088 1530 3120; x_wconf 84' lang='lat' dir='ltr'>quidam,</span> <span class='ocrx_word' id='word_1_1033' title='bbox 1546 3093 1652 3112; x_wconf 89' lang='lat' dir='ltr'>vocetur</span> <span class='ocrx_word' id='word_1_1034' title='bbox 1670 3087 1837 3112; x_wconf 83' lang='lat' dir='ltr'>individuum</span> <span class='ocrx_word' id='word_1_1035' title='bbox 1856 3095 1953 3120; x_wconf 85' lang='lat' dir='ltr'>vagum</span> <span class='ocrx_word' id='word_1_1036' title='bbox 1972 3095 2024 3117; x_wconf 85' lang='lat' dir='ltr'>non</span> <span class='ocrx_word' id='word_1_1037' title='bbox 2043 3087 2104 3112; x_wconf 87' lang='lat' dir='ltr'>satis</span> <span class='ocrx_word' id='word_1_1038' title='bbox 2123 3093 2228 3119; x_wconf 85' lang='lat' dir='ltr'>apparet</span> <span class='ocrx_word' id='word_1_1039' title='bbox 2245 3088 2272 3112; x_wconf 91' lang='lat' dir='ltr'>in</span> <span class='ocrx_word' id='word_1_1040' title='bbox 2291 3088 2371 3113; x_wconf 85' lang='lat' dir='ltr'>citatis</span> <span class='ocrx_word' id='word_1_1041' title='bbox 2386 3089 2474 3113; x_wconf 89' lang='lat' dir='ltr'>editio-</span> 
     </span>
     <span class='ocr_line' id='line_1_149' title="bbox 1413 3122 2474 3155; baseline 0.001 -8"><span class='ocrx_word' id='word_1_1042' title='bbox 1413 3123 1488 3147; x_wconf 88' lang='lat' dir='ltr'>nibus</span> <span class='ocrx_word' id='word_1_1043' title='bbox 1495 3131 1503 3154; x_wconf 83' lang='lat'><em>3</em></span> <span class='ocrx_word' id='word_1_1044' title='bbox 1523 3123 1568 3147; x_wconf 88' lang='lat' dir='ltr'>sed</span> <span class='ocrx_word' id='word_1_1045' title='bbox 1587 3122 1666 3147; x_wconf 87' lang='lat' dir='ltr'>illatio</span> <span class='ocrx_word' id='word_1_1046' title='bbox 1685 3127 1724 3147; x_wconf 89' lang='lat' dir='ltr'>est</span> <span class='ocrx_word' id='word_1_1047' title='bbox 1742 3122 1876 3147; x_wconf 83' lang='lat' dir='ltr'>manifesta</span> <span class='ocrx_word' id='word_1_1048' title='bbox 1895 3131 1924 3147; x_wconf 82' lang='lat' dir='ltr'>ex</span> <span class='ocrx_word' id='word_1_1049' title='bbox 1944 3123 1999 3147; x_wconf 85' lang='lat' dir='ltr'>data</span> <span class='ocrx_word' id='word_1_1050' title='bbox 2018 3122 2123 3152; x_wconf 81' lang='lat' dir='ltr'>ratione,</span> <span class='ocrx_word' id='word_1_1051' title='bbox 2142 3130 2208 3154; x_wconf 89' lang='lat' dir='ltr'>quae</span> <span class='ocrx_word' id='word_1_1052' title='bbox 2229 3128 2267 3147; x_wconf 86' lang='lat' dir='ltr'>est</span> <span class='ocrx_word' id='word_1_1053' title='bbox 2285 3123 2310 3147; x_wconf 92' lang='lat' dir='ltr'>in</span> <span class='ocrx_word' id='word_1_1054' title='bbox 2330 3123 2474 3155; x_wconf 85' lang='lat' dir='ltr'>codicibus,</span> 
     </span>
     <span class='ocr_line' id='line_1_150' title="bbox 1413 3157 2475 3190; baseline 0.001 -8"><span class='ocrx_word' id='word_1_1055' title='bbox 1413 3166 1507 3190; x_wconf 88' lang='lat' dir='ltr'>nempe</span> <span class='ocrx_word' id='word_1_1056' title='bbox 1526 3158 1596 3190; x_wconf 90' lang='lat' dir='ltr'>quod</span> <span class='ocrx_word' id='word_1_1057' title='bbox 1615 3157 1758 3182; x_wconf 87' lang='lat' dir='ltr'>universale</span> <span class='ocrx_word' id='word_1_1058' title='bbox 1774 3157 1816 3181; x_wconf 85' lang='lat' dir='ltr'>tali</span> <span class='ocrx_word' id='word_1_1059' title='bbox 1831 3157 1904 3189; x_wconf 87' lang='lat' dir='ltr'>signo</span> <span class='ocrx_word' id='word_1_1060' title='bbox 1919 3157 2037 3182; x_wconf 83' lang='lat' dir='ltr'>affectum</span> <span class='ocrx_word' id='word_1_1061' title='bbox 2051 3158 2098 3182; x_wconf 90' lang='lat' dir='ltr'>sub</span> <span class='ocrx_word' id='word_1_1062' title='bbox 2114 3157 2225 3189; x_wconf 91' lang='lat' dir='ltr'>quadam</span> <span class='ocrx_word' id='word_1_1063' title='bbox 2237 3157 2475 3184; x_wconf 85' lang='lat' dir='ltr'>indeterminatione</span> 
     </span>
     <span class='ocr_line' id='line_1_151' title="bbox 1413 3192 2474 3226; baseline 0.002 -10"><span class='ocrx_word' id='word_1_1064' title='bbox 1413 3193 1543 3225; x_wconf 85' lang='lat' dir='ltr'>singulare</span> <span class='ocrx_word' id='word_1_1065' title='bbox 1557 3192 1673 3224; x_wconf 84' lang='lat' dir='ltr'>designat</span> <span class='ocrx_word' id='word_1_1066' title='bbox 1678 3200 1686 3222; x_wconf 85' lang='lat'>;</span> <span class='ocrx_word' id='word_1_1067' title='bbox 1706 3192 1865 3224; x_wconf 89' lang='lat' dir='ltr'>proindeque</span> <span class='ocrx_word' id='word_1_1068' title='bbox 1883 3197 1952 3217; x_wconf 90' lang='lat' dir='ltr'>recte</span> <span class='ocrx_word' id='word_1_1069' title='bbox 1968 3192 2057 3217; x_wconf 88' lang='lat' dir='ltr'>dicitur</span> <span class='ocrx_word' id='word_1_1070' title='bbox 2076 3193 2242 3217; x_wconf 82' lang='lat' dir='ltr'>individuum</span> <span class='ocrx_word' id='word_1_1071' title='bbox 2262 3200 2358 3226; x_wconf 74' lang='lat' dir='ltr'>uagum</span> <span class='ocrx_word' id='word_1_1072' title='bbox 2375 3201 2422 3218; x_wconf 87' lang='lat' dir='ltr'>seu</span> <span class='ocrx_word' id='word_1_1073' title='bbox 2436 3194 2474 3218; x_wconf 91' lang='lat' dir='ltr'>in-</span> 
     </span>
     <span class='ocr_line' id='line_1_152' title="bbox 1413 3227 1617 3252; baseline -0.005 0"><span class='ocrx_word' id='word_1_1074' title='bbox 1413 3227 1617 3252; x_wconf 88' lang='lat' dir='ltr'>determinatum.</span> 
     </span>
    </p>

    <p class='ocr_par' dir='ltr' id='par_1_29' title="bbox 1466 3260 2473 3297">
     <span class='ocr_line' id='line_1_153' title="bbox 1466 3260 2473 3297; baseline 0.001 -11"><span class='ocrx_word' id='word_1_1075' title='bbox 1466 3260 1491 3295; x_wconf 84' lang='grc' dir='ltr'>ο)</span> <span class='ocrx_word' id='word_1_1076' title='bbox 1509 3262 1583 3292; x_wconf 88' lang='lat' dir='ltr'>Quae</span> <span class='ocrx_word' id='word_1_1077' title='bbox 1601 3265 1641 3286; x_wconf 85' lang='lat' dir='ltr'>est</span> <span class='ocrx_word' id='word_1_1078' title='bbox 1658 3265 1782 3286; x_wconf 86' lang='lat' dir='ltr'>extrema</span> <span class='ocrx_word' id='word_1_1079' title='bbox 1797 3260 1866 3296; x_wconf 81' lang='lat' dir='ltr'>(cod.</span> <span class='ocrx_word' id='word_1_1080' title='bbox 1880 3262 1914 3292; x_wconf 83' lang='lat' dir='ltr'>E,</span> <span class='ocrx_word' id='word_1_1081' title='bbox 1934 3267 1959 3287; x_wconf 87' lang='lat' dir='ltr'>et</span> <span class='ocrx_word' id='word_1_1082' title='bbox 1978 3263 2035 3287; x_wconf 89' lang='lat' dir='ltr'>edd.</span> <span class='ocrx_word' id='word_1_1083' title='bbox 2050 3270 2095 3288; x_wconf 79' lang='lat' dir='ltr'>ac.-</span> <span class='ocrx_word' id='word_1_1084' title='bbox 2114 3263 2139 3287; x_wconf 85' lang='lat' dir='ltr'>in</span> <span class='ocrx_word' id='word_1_1085' title='bbox 2157 3261 2295 3297; x_wconf 86' lang='lat' dir='ltr'>extrema)</span> <span class='ocrx_word' id='word_1_1086' title='bbox 2315 3262 2443 3287; x_wconf 85' lang='lat' dir='ltr'>distantia</span> <span class='ocrx_word' id='word_1_1087' title='bbox 2456 3270 2473 3287; x_wconf 90' lang='lat' dir='ltr'>a</span> 
     </span>
    </p>
   </div>
   <div class='ocr_carea' id='block_1_25' title="bbox 1408 3295 2474 3330">
    <p class='ocr_par' dir='ltr' id='par_1_30' title="bbox 1408 3295 2474 3330">
     <span class='ocr_line' id='line_1_154' title="bbox 1408 3295 2474 3330; baseline 0.001 -9"><span class='ocrx_word' id='word_1_1088' title='bbox 1408 3298 1508 3329; x_wconf 78' lang='lat' dir='ltr'>primo.</span> <span class='ocrx_word' id='word_1_1089' title='bbox 1523 3297 1550 3321; x_wconf 93' lang='lat' dir='ltr'>In</span> <span class='ocrx_word' id='word_1_1090' title='bbox 1563 3297 1621 3321; x_wconf 83' lang='lat' dir='ltr'>edd.</span> <span class='ocrx_word' id='word_1_1091' title='bbox 1636 3296 1712 3320; x_wconf 86' lang='lat' dir='ltr'>Piana</span> <span class='ocrx_word' id='word_1_1092' title='bbox 1723 3302 1748 3321; x_wconf 90' lang='lat' dir='ltr'>et</span> <span class='ocrx_word' id='word_1_1093' title='bbox 1757 3298 1822 3321; x_wconf 85' lang='lat' dir='ltr'>Ven.</span> <span class='ocrx_word' id='word_1_1094' title='bbox 1837 3295 1911 3326; x_wconf 85' lang='lat'>1526,</span> <span class='ocrx_word' id='word_1_1095' title='bbox 1929 3296 1993 3330; x_wconf 88' lang='lat'>1557</span> <span class='ocrx_word' id='word_1_1096' title='bbox 2008 3298 2080 3322; x_wconf 89' lang='lat' dir='ltr'>deest</span> <span class='ocrx_word' id='word_1_1097' title='bbox 2092 3305 2109 3322; x_wconf 86' lang='lat' dir='ltr'>a</span> <span class='ocrx_word' id='word_1_1098' title='bbox 2117 3298 2216 3330; x_wconf 84' lang='lat' dir='ltr'>primo.</span> <span class='ocrx_word' id='word_1_1099' title='bbox 2232 3298 2302 3330; x_wconf 91' lang='lat' dir='ltr'>quod</span> <span class='ocrx_word' id='word_1_1100' title='bbox 2315 3298 2474 3322; x_wconf 89' lang='lat' dir='ltr'>concorditer</span> 
     </span>
    </p>
   </div>
   <div class='ocr_carea' id='block_1_26' title="bbox 1412 3331 2473 3643">
    <p class='ocr_par' dir='ltr' id='par_1_31' title="bbox 1412 3331 2473 3565">
     <span class='ocr_line' id='line_1_155' title="bbox 1412 3331 2473 3365; baseline 0.002 -10"><span class='ocrx_word' id='word_1_1101' title='bbox 1412 3332 1507 3356; x_wconf 89' lang='lat' dir='ltr'>habent</span> <span class='ocrx_word' id='word_1_1102' title='bbox 1521 3331 1594 3356; x_wconf 91' lang='lat' dir='ltr'>codd.</span> <span class='ocrx_word' id='word_1_1103' title='bbox 1610 3335 1635 3355; x_wconf 87' lang='lat' dir='ltr'>et</span> <span class='ocrx_word' id='word_1_1104' title='bbox 1645 3331 1703 3356; x_wconf 88' lang='lat' dir='ltr'>edd.</span> <span class='ocrx_word' id='word_1_1105' title='bbox 1717 3331 1783 3356; x_wconf 86' lang='lat' dir='ltr'>Ven.</span> <span class='ocrx_word' id='word_1_1106' title='bbox 1797 3339 1863 3356; x_wconf 88' lang='lat' dir='ltr'>saec.</span> <span class='ocrx_word' id='word_1_1107' title='bbox 1876 3332 1952 3356; x_wconf 82' lang='lat' dir='ltr'>XV.—</span> <span class='ocrx_word' id='word_1_1108' title='bbox 1962 3332 2153 3365; x_wconf 76' lang='lat' dir='ltr'>propositiones</span> <span class='ocrx_word' id='word_1_1109' title='bbox 2168 3333 2236 3357; x_wconf 88' lang='lat' dir='ltr'>enim</span> <span class='ocrx_word' id='word_1_1110' title='bbox 2252 3332 2391 3357; x_wconf 87' lang='lat' dir='ltr'>contrariae</span> <span class='ocrx_word' id='word_1_1111' title='bbox 2405 3333 2473 3358; x_wconf 88' lang='lat' dir='ltr'>desi-</span> 
     </span>
     <span class='ocr_line' id='line_1_156' title="bbox 1412 3365 2473 3400; baseline 0.002 -10"><span class='ocrx_word' id='word_1_1112' title='bbox 1412 3372 1491 3399; x_wconf 87' lang='lat' dir='ltr'>gnant</span> <span class='ocrx_word' id='word_1_1113' title='bbox 1505 3371 1645 3390; x_wconf 85' lang='lat' dir='ltr'>extremam</span> <span class='ocrx_word' id='word_1_1114' title='bbox 1659 3366 1803 3391; x_wconf 83' lang='lat' dir='ltr'>distantiam</span> <span class='ocrx_word' id='word_1_1115' title='bbox 1813 3366 1878 3390; x_wconf 87' lang='lat' dir='ltr'>inter</span> <span class='ocrx_word' id='word_1_1116' title='bbox 1888 3365 2082 3392; x_wconf 83' lang='lat' dir='ltr'>affirmationem</span> <span class='ocrx_word' id='word_1_1117' title='bbox 2090 3367 2243 3399; x_wconf 82' lang='lat' dir='ltr'>praedicati</span> <span class='ocrx_word' id='word_1_1118' title='bbox 2256 3368 2288 3392; x_wconf 91' lang='lat' dir='ltr'>de</span> <span class='ocrx_word' id='word_1_1119' title='bbox 2300 3372 2354 3391; x_wconf 88' lang='lat' dir='ltr'>toto</span> <span class='ocrx_word' id='word_1_1120' title='bbox 2363 3367 2473 3400; x_wconf 80' lang='lat' dir='ltr'>(omnis)</span> 
     </span>
     <span class='ocr_line' id='line_1_157' title="bbox 1413 3401 2471 3434; baseline 0.001 -8"><span class='ocrx_word' id='word_1_1121' title='bbox 1413 3402 1536 3431; x_wconf 82' lang='lat' dir='ltr'>subiecto,</span> <span class='ocrx_word' id='word_1_1122' title='bbox 1552 3406 1580 3430; x_wconf 70' lang='lat' dir='ltr'>et</span> <span class='ocrx_word' id='word_1_1123' title='bbox 1589 3401 1760 3425; x_wconf 88' lang='lat' dir='ltr'>remotionem</span> <span class='ocrx_word' id='word_1_1124' title='bbox 1779 3401 1896 3425; x_wconf 87' lang='lat' dir='ltr'>eiusdem</span> <span class='ocrx_word' id='word_1_1125' title='bbox 1911 3402 2046 3433; x_wconf 86' lang='lat' dir='ltr'>praedicati</span> <span class='ocrx_word' id='word_1_1126' title='bbox 2061 3402 2092 3426; x_wconf 85' lang='lat' dir='ltr'>ab</span> <span class='ocrx_word' id='word_1_1127' title='bbox 2107 3402 2199 3427; x_wconf 85' lang='lat' dir='ltr'>eodem</span> <span class='ocrx_word' id='word_1_1128' title='bbox 2211 3407 2265 3427; x_wconf 89' lang='lat' dir='ltr'>toto</span> <span class='ocrx_word' id='word_1_1129' title='bbox 2277 3402 2397 3434; x_wconf 85' lang='lat' dir='ltr'>(nullus)</span> <span class='ocrx_word' id='word_1_1130' title='bbox 2410 3403 2471 3427; x_wconf 86' lang='lat' dir='ltr'>sub-</span> 
     </span>
     <span class='ocr_line' id='line_1_158' title="bbox 1412 3435 2471 3469; baseline 0.001 -8"><span class='ocrx_word' id='word_1_1131' title='bbox 1412 3436 1626 3461; x_wconf 61' lang='lat' dir='ltr'>icem—omnes</span> <span class='ocrx_word' id='word_1_1132' title='bbox 1646 3435 1746 3460; x_wconf 89' lang='lat' dir='ltr'>codices</span> <span class='ocrx_word' id='word_1_1133' title='bbox 1766 3441 1792 3460; x_wconf 92' lang='lat' dir='ltr'>et</span> <span class='ocrx_word' id='word_1_1134' title='bbox 1810 3436 1867 3460; x_wconf 90' lang='lat' dir='ltr'>edd.</span> <span class='ocrx_word' id='word_1_1135' title='bbox 1887 3436 1927 3460; x_wconf 84' lang='lat' dir='ltr'>cit.</span> <span class='ocrx_word' id='word_1_1136' title='bbox 1947 3437 2047 3468; x_wconf 85' lang='lat' dir='ltr'>legunt:</span> <span class='ocrx_word' id='word_1_1137' title='bbox 2067 3437 2138 3469; x_wconf 86' lang='lat' dir='ltr'>quod</span> <span class='ocrx_word' id='word_1_1138' title='bbox 2150 3437 2268 3469; x_wconf 77' lang='lat' dir='ltr'>pertinet</span> <span class='ocrx_word' id='word_1_1139' title='bbox 2286 3437 2323 3462; x_wconf 87' lang='lat' dir='ltr'>ad</span> <span class='ocrx_word' id='word_1_1140' title='bbox 2341 3437 2471 3463; x_wconf 88' lang='lat' dir='ltr'>rationem</span> 
     </span>
     <span class='ocr_line' id='line_1_159' title="bbox 1412 3470 2472 3505; baseline 0.001 -9"><span class='ocrx_word' id='word_1_1141' title='bbox 1412 3470 1618 3496; x_wconf 83' lang='lat' dir='ltr'>contrarietatis.</span> <span class='ocrx_word' id='word_1_1142' title='bbox 1629 3484 1640 3488; x_wconf 98' lang='lat'>-</span> <span class='ocrx_word' id='word_1_1143' title='bbox 1654 3470 1691 3495; x_wconf 85' lang='lat' dir='ltr'>P.:</span> <span class='ocrx_word' id='word_1_1144' title='bbox 1705 3470 1776 3502; x_wconf 83' lang='lat' dir='ltr'>quod</span> <span class='ocrx_word' id='word_1_1145' title='bbox 1784 3470 1876 3502; x_wconf 78' lang='lat' dir='ltr'>primo</span> <span class='ocrx_word' id='word_1_1146' title='bbox 1884 3471 2017 3502; x_wconf 80' lang='lat' dir='ltr'>pertinet;</span> <span class='ocrx_word' id='word_1_1147' title='bbox 2032 3477 2057 3496; x_wconf 93' lang='lat' dir='ltr'>et</span> <span class='ocrx_word' id='word_1_1148' title='bbox 2070 3472 2104 3496; x_wconf 89' lang='lat' dir='ltr'>ita</span> <span class='ocrx_word' id='word_1_1149' title='bbox 2118 3472 2175 3497; x_wconf 91' lang='lat' dir='ltr'>edd.</span> <span class='ocrx_word' id='word_1_1150' title='bbox 2190 3473 2254 3496; x_wconf 88' lang='lat' dir='ltr'>Ven.</span> <span class='ocrx_word' id='word_1_1151' title='bbox 2271 3471 2337 3497; x_wconf 86' lang='lat'><strong>1526</strong></span> <span class='ocrx_word' id='word_1_1152' title='bbox 2353 3477 2378 3497; x_wconf 91' lang='lat' dir='ltr'>et</span> <span class='ocrx_word' id='word_1_1153' title='bbox 2393 3472 2472 3505; x_wconf 80' lang='lat'>15573</span> 
     </span>
     <span class='ocr_line' id='line_1_160' title="bbox 1412 3505 2471 3539; baseline 0.002 -9"><span class='ocrx_word' id='word_1_1154' title='bbox 1412 3507 1458 3531; x_wconf 92' lang='lat' dir='ltr'>sed</span> <span class='ocrx_word' id='word_1_1155' title='bbox 1476 3506 1576 3530; x_wconf 91' lang='lat' dir='ltr'>videtur</span> <span class='ocrx_word' id='word_1_1156' title='bbox 1594 3505 1702 3529; x_wconf 91' lang='lat' dir='ltr'>verbum</span> <span class='ocrx_word' id='word_1_1157' title='bbox 1721 3505 1813 3536; x_wconf 79' lang='lat' dir='ltr'>primo</span> <span class='ocrx_word' id='word_1_1158' title='bbox 1837 3513 1867 3530; x_wconf 87' lang='lat' dir='ltr'>ex</span> <span class='ocrx_word' id='word_1_1159' title='bbox 1885 3505 1982 3530; x_wconf 86' lang='lat' dir='ltr'>incuria</span> <span class='ocrx_word' id='word_1_1160' title='bbox 1999 3506 2080 3531; x_wconf 83' lang='lat' dir='ltr'>fuisse</span> <span class='ocrx_word' id='word_1_1161' title='bbox 2099 3507 2284 3539; x_wconf 83' lang='lat' dir='ltr'>transpositum</span> <span class='ocrx_word' id='word_1_1162' title='bbox 2303 3515 2317 3531; x_wconf 84' lang='lat' dir='ltr'>a</span> <span class='ocrx_word' id='word_1_1163' title='bbox 2335 3507 2407 3538; x_wconf 85' lang='lat' dir='ltr'>loco,</span> <span class='ocrx_word' id='word_1_1164' title='bbox 2427 3507 2471 3532; x_wconf 91' lang='lat' dir='ltr'>ubi</span> 
     </span>
     <span class='ocr_line' id='line_1_161' title="bbox 1412 3540 1821 3565; baseline -0.002 0"><span class='ocrx_word' id='word_1_1165' title='bbox 1412 3540 1559 3565; x_wconf 87' lang='lat' dir='ltr'>immediate</span> <span class='ocrx_word' id='word_1_1166' title='bbox 1578 3545 1636 3564; x_wconf 80' lang='lat' dir='ltr'>ante</span> <span class='ocrx_word' id='word_1_1167' title='bbox 1655 3540 1821 3564; x_wconf 87' lang='lat' dir='ltr'>desideratur.</span> 
     </span>
    </p>

    <p class='ocr_par' dir='ltr' id='par_1_32' title="bbox 1412 3574 2472 3643">
     <span class='ocr_line' id='line_1_162' title="bbox 1465 3574 2472 3609; baseline 0.003 -10"><span class='ocrx_word' id='word_1_1168' title='bbox 1465 3574 1495 3609; x_wconf 86' lang='grc' dir='ltr'>π)</span> <span class='ocrx_word' id='word_1_1169' title='bbox 1518 3575 1646 3608; x_wconf 78' lang='lat' dir='ltr'>Assignat</span> <span class='ocrx_word' id='word_1_1170' title='bbox 1664 3575 1794 3600; x_wconf 85' lang='lat' dir='ltr'>rationem</span> <span class='ocrx_word' id='word_1_1171' title='bbox 1813 3575 2042 3609; x_wconf 80' lang='lat' dir='ltr'>manifestationis.</span> <span class='ocrx_word' id='word_1_1172' title='bbox 2061 3577 2162 3602; x_wconf 90' lang='lat' dir='ltr'>Omnes</span> <span class='ocrx_word' id='word_1_1173' title='bbox 2185 3577 2260 3602; x_wconf 88' lang='lat' dir='ltr'>codd.</span> <span class='ocrx_word' id='word_1_1174' title='bbox 2278 3577 2358 3602; x_wconf 87' lang='lat' dir='ltr'>nostri</span> <span class='ocrx_word' id='word_1_1175' title='bbox 2377 3577 2472 3603; x_wconf 83' lang='lat' dir='ltr'>habent</span> 
     </span>
     <span class='ocr_line' id='line_1_163' title="bbox 1412 3609 2471 3643; baseline 0.002 -8"><span class='ocrx_word' id='word_1_1176' title='bbox 1412 3610 1477 3635; x_wconf 87' lang='lat' dir='ltr'>hanc</span> <span class='ocrx_word' id='word_1_1177' title='bbox 1496 3610 1641 3641; x_wconf 84' lang='lat' dir='ltr'>lectionem,</span> <span class='ocrx_word' id='word_1_1178' title='bbox 1661 3618 1740 3643; x_wconf 88' lang='lat' dir='ltr'>quam</span> <span class='ocrx_word' id='word_1_1179' title='bbox 1759 3609 1902 3636; x_wconf 86' lang='lat' dir='ltr'>sufficimus</span> <span class='ocrx_word' id='word_1_1180' title='bbox 1921 3611 2015 3636; x_wconf 83' lang='lat' dir='ltr'>Pianae</span> <span class='ocrx_word' id='word_1_1181' title='bbox 2033 3617 2058 3636; x_wconf 87' lang='lat' dir='ltr'>et</span> <span class='ocrx_word' id='word_1_1182' title='bbox 2076 3613 2134 3637; x_wconf 88' lang='lat' dir='ltr'>edd.</span> <span class='ocrx_word' id='word_1_1183' title='bbox 2148 3613 2213 3637; x_wconf 86' lang='lat' dir='ltr'>Ven.</span> <span class='ocrx_word' id='word_1_1184' title='bbox 2224 3620 2290 3638; x_wconf 89' lang='lat' dir='ltr'>saec.</span> <span class='ocrx_word' id='word_1_1185' title='bbox 2300 3613 2348 3637; x_wconf 92' lang='lat' dir='ltr'>XV</span> <span class='ocrx_word' id='word_1_1186' title='bbox 2362 3617 2388 3638; x_wconf 91' lang='lat' dir='ltr'>et</span> <span class='ocrx_word' id='word_1_1187' title='bbox 2399 3612 2471 3637; x_wconf 85' lang='lat' dir='ltr'>XVI:</span> 
     </span>
    </p>
   </div>
   <div class='ocr_carea' id='block_1_27' title="bbox 2292 3667 2328 3699">
    <p class='ocr_par' dir='ltr' id='par_1_33' title="bbox 2292 3667 2328 3699">
     <span class='ocr_line' id='line_1_164' title="bbox 2292 3667 2328 3699; baseline 0 -18"><span class='ocrx_word' id='word_1_1188' title='bbox 2292 3667 2328 3699; x_wconf 69' lang='grc'>7*</span> 
     </span>
    </p>
   </div>
  </div>
 </body>
</html>
