2788 4204
279 249 323 273 10

272 323 308 353 et
333 328 403 364 per
432 328 669 365 consequens
699 315 817 352 oratio
853 314 1255 351 mundatione-Sed
1285 313 1338 350 di-

272 369 437 406 cendum
467 369 588 418 quod,
620 369 708 418 quia
728 381 750 405 a
768 368 937 417 partibus
963 367 1155 415 inceperat
1181 379 1338 403 enume-

271 420 391 469 rare2,
412 422 584 471 procedit
612 435 634 458 a
652 421 822 470 partibus
851 421 900 457 ad
924 427 1058 456 totum.
1081 419 1337 467 Negationem

271 483 410 522 autem,
433 488 530 524 quae
560 475 786 512 divisionem
817 473 998 518 eontinet,
1026 472 1163 509 eadem
1192 472 1338 509 ratione

269 529 470 578 praeponit
497 527 750 573 affirmationi,
772 538 870 575 quae
891 525 1058 562 consistit
1080 525 1118 561 in
1148 526 1337 574 composi-

270 582 390 618 tione:
412 581 499 630 quia
520 580 654 618 divisio
684 579 803 627 magis
823 578 969 615 accedit
996 579 1046 615 ad
1072 586 1210 627 partes,
1233 591 1337 615 com-

270 635 406 683 positio
434 646 528 671 vero
558 633 677 681 magis
706 631 851 668 accedit
878 631 927 668 ad
955 639 1089 668 toturn.
1115 632 1185 668 Vel
1213 639 1339 680 potest

321 814 349 849 λ)
370 814 424 839 Sed
443 814 582 839 dicendum
601 814 672 846 quod
691 814 753 847 quia
772 821 789 838 a
803 814 929 845 partibus
956 813 1092 846 inceperat
1112 821 1270 839 enumerare
1289 818 1337 838 etc.

269 851 304 876 Ita
318 850 377 875 edit.
388 850 473 874 Piana.
483 849 593 874 —Codd.
604 850 647 874 BC
663 850 765 882 legunt:
780 849 828 874 sed
843 850 985 875 dicendum
1001 850 1032 884 (C
1048 850 1188 874 dicendum
1202 848 1250 884 est)
1267 849 1339 882 quod

268 886 330 919 quia
344 893 361 910 α
375 885 499 917 partibus
523 885 658 917 inceperat
682 885 824 910 enunciare
830 892 840 914 ;
863 890 889 910 et
913 885 940 909 in
965 885 1012 910 hac
1038 885 1148 910 lectione
1172 885 1339 909 consentiunt

269 921 342 946 codd.
364 921 416 945 DE.
436 921 503 945 Nolo
522 921 696 945 contradicere
715 920 857 945 auctoritati
877 925 990 953 quatuor
1009 921 1098 951 codd.‚
1119 921 1270 953 praesertim
1291 921 1338 945 Pa-

269 957 428 986 risiensium;
446 961 471 981 at
485 963 641 981 enumerare
656 957 713 980 edd.
725 956 819 981 Pinnae
829 961 856 981 et
870 956 936 980 Ven.
948 957 1056 987 retineo,
1073 956 1134 988 quia
1150 964 1258 981 sensum
1280 963 1337 989 per-

269 992 387 1025 spicuum
411 991 528 1022 exhibet,
557 999 617 1016 cum
635 992 778 1017 enunciare
803 992 920 1016 nonnihil
940 992 1045 1016 obscuri
1070 992 1170 1016 habeat.
1194 991 1283 1016 Posito
1301 996 1339 1016 ta-

268 1035 328 1052 men
347 1034 517 1056 enumerare,
542 1027 649 1051 dubium
674 1027 742 1052 subit
767 1035 829 1052 num
853 1027 919 1052 forte
943 1027 969 1051 in
993 1027 1118 1060 principio
1142 1027 1218 1051 huius
1238 1026 1339 1052 numeri

268 1063 407 1094 legendum
426 1063 459 1088 sit
478 1062 544 1088 ordo
564 1062 783 1092 enumerationis,
804 1062 891 1095 potius
905 1070 985 1095 quam
1001 1063 1068 1087 ordo
1086 1063 1287 1092 enunciationis,
1302 1063 1339 1087 uti

267 1098 363 1123 habent
381 1098 454 1123 codd.
470 1103 496 1123 et
509 1098 567 1123 edd.
580 1106 711 1124 omnes.-
727 1099 790 1124 Cod.
806 1104 893 1123 autem
907 1099 930 1123 A
943 1098 1055 1131 primam
1070 1104 1170 1131 partem
1184 1098 1261 1123 huius
1280 1106 1338 1123 sen-

1026 237 1144 272 PERI
1176 235 1522 272 HERMENEIAS
1553 236 1647 272 LIB.
1679 237 1692 271 I

1395 313 1479 362 dici,
1497 314 1710 351 secundum
1735 314 1937 364 quosdam,
1959 314 2065 363 quod
2079 314 2331 363 praemittitur
2350 326 2464 362 nega-

1393 367 1460 413 tio,
1496 367 1585 416 quia
1612 368 1650 404 in
1679 367 1722 404 iis
1753 380 1851 417 quae
1884 375 2045 416 possunt
2074 380 2156 404 esse
2186 375 2222 404 et
2250 380 2329 404 non
2362 380 2463 414 esse,

1392 420 1497 468 prius
1527 428 1581 457 est
1609 433 1683 457 non
1713 433 1801 467 esse,
1829 420 1935 470 quod
1958 421 2143 468 significat
2163 421 2325 469 negatio,
2347 416 2464 470 quarn

1393 485 1482 519 esse,
1495 473 1601 522 quod
1616 474 1801 521 significat
1821 474 2035 510 affirmatio.
2049 495 2073 501 -
2086 474 2164 511 Sed
2183 482 2313 511 tamen
2327 474 2358 520 *,
2376 473 2465 522 quia

1393 533 1481 563 sunt
1508 527 1654 575 species
1684 539 1729 563 ex
1757 539 1882 576 aequo
1910 527 2122 564 dividentes
2150 540 2281 575 genus,
2303 534 2390 563 sunt
2418 527 2464 564 si-

1394 580 1474 616 mul
1502 587 1654 626 natura;
1674 580 1776 617 unde
1806 592 1884 616 non
1913 580 2025 617 refert
2053 581 2159 630 quod
2192 592 2328 617 eorum
2356 592 2464 629 prae-

1392 640 1568 680 ponatur.

1391 814 1485 839 tentiae
1497 814 1544 839 sed
1559 814 1700 839 dicendum
1715 818 1763 838 etc.
1776 814 1883 838 omnino
1897 814 2003 845 omittit;
2013 815 2120 839 alteram
2130 822 2193 839 vero
2206 819 2307 848 partem
2322 815 2464 848 corrumpit

1393 849 1519 882 legendo:
1538 849 1571 874 ab
1590 849 1772 874 enuntiatione
1787 849 1913 881 procedit
1930 850 1968 874 ad
1986 852 2080 874 totum.
2105 850 2156 874 Sed
2175 855 2201 875 et
2219 854 2367 883 corruptam
2386 851 2464 876 etiam

1394 885 1531 909 lectionem
1550 885 1628 909 habet
1646 885 1672 909 in
1691 884 1817 918 principio
1831 884 1908 909 huius
1928 885 2043 915 numeri;
2058 885 2184 910 videntur
2199 888 2288 910 autem
2304 885 2465 919 affirmatio-

1394 927 1439 945 nes
1462 927 1517 945 esse
1534 920 1686 952 posterius:
1709 927 1770 944 nam
1796 920 1944 954 affirmatio
1967 923 2007 945 est
2025 920 2106 952 prior
2124 926 2172 945 etc.
2197 920 2264 945 Infra
2288 920 2366 945 etiam
2389 921 2464 953 legit:

1394 956 1561 989 negationem
1585 956 1693 981 etiam...
1712 956 1804 980 eadem
1828 956 1933 981 ratione
1950 956 2124 988 postponitur
2142 953 2379 989 (praeponituri)...
2397 963 2468 988 quae

1394 991 1465 1016 ratio
1483 991 1630 1016 consistit...
1648 998 1728 1024 quam
1748 991 1820 1024 quod
1837 991 1997 1024 significat...
2016 991 2040 1016 si
2058 995 2147 1016 tamen
2166 994 2229 1016 sunt
2246 991 2344 1023 species
2358 997 2396 1015 ex
2413 999 2466 1024 quo

1395 1027 1580 1052 dividentes.-
1595 1027 1665 1052 Haec
1685 1032 1746 1051 noto
1765 1027 1791 1051 in
1815 1027 1949 1059 specimen
1968 1027 2139 1060 corruptionis
2163 1026 2241 1051 huius
2265 1026 2373 1056 codicis,
2393 1027 2465 1052 cuius

1394 1070 1514 1095 gemmae
1533 1062 1646 1095 plurimo
1666 1063 1720 1087 luto
1739 1062 1886 1093 foedantur;
1906 1070 1940 1087 ne
1958 1070 1973 1087 a
1991 1070 2034 1087 me
2049 1063 2163 1095 postulet
2178 1063 2259 1087 lector
2276 1067 2305 1087 ut
2323 1058 2467 1096 σφάλματα

1394 1098 1482 1123 omnia
1500 1103 1555 1123 tum
1574 1098 1658 1129 huius,
1673 1103 1729 1123 tum
1748 1097 1865 1130 aliorum,
1881 1098 1975 1131 quibus
1994 1103 2060 1130 utor,
2079 1098 2154 1123 codd.
2173 1105 2331 1123 recenseam.

2494 475 2503 483 ·
2512 479 2582 496 Acon:
2597 474 2622 495 ,η’
2630 476 2708 496 tamen

2493 502 2555 522 sunt.
2564 512 2574 516 -
2582 506 2604 522 1³:
2617 501 2661 522 sed
2669 503 2707 522 ta-

2492 533 2544 549 men
2558 528 2621 549 sunt.
