2788 4204
69 428 79 437 ·
89 427 124 449 Cf.
140 427 191 448 lect.
209 433 276 455 prae-

69 453 118 475 ced.
129 459 152 474 n.
164 459 195 481 ¹3-

60 1173 72 1183 ·
81 1173 117 1195 ci.
133 1179 203 1200 supra
217 1180 240 1195 n.
251 1173 273 1201 8,

62 1207 113 1226 not.
123 1209 148 1234 η.

60 1381 138 1403 'net
152 1380 177 1402 η’
208 1380 270 1403 ειν-α·-

57 1406 150 1429 culaeriae
163 1413 176 1429 e
205 1409 287 1429 stem?

55 1544 70 1557 ⁴
83 1544 174 1567 Codda
190 1528 272 1573 vpotest

55 1570 166 1620 effuga
177 1598 269 1627 quidem

54 1623 135 1646 nodo.

1155 295 1266 332 CAP.
1296 296 1381 342 vn,
1412 296 1562 333 LECT.
1593 298 1645 333 XI

309 371 490 408 affirmari
519 372 662 409 ratione
691 372 878 420 suiipsius,
899 374 960 409 vel
982 373 1124 410 ratione
1149 374 1263 422 partis
1285 387 1372 410 con—

308 431 432 461 tentae
461 425 531 460 sub
562 437 608 461 eo
627 426 663 470 *;
692 425 795 462 unde
825 426 962 462 sufficit
990 426 1038 463 ad
1061 426 1260 463 veritatem
1294 427 1373 463 eius

309 477 414 526 quod
441 477 702 525 praedicatum
731 478 796 514 uni
816 478 913 526 parti
934 478 1135 515 conveniat
1155 479 1280 527 (quod
1310 479 1372 516 de-

309 530 474 577 signatur
499 542 570 578 per
597 530 747 578 signum
772 531 1033 579 particulare);
1064 539 1100 568 et
1127 531 1213 568 ideo
1234 532 1372 569 veritas

306 582 539 631 particularis
568 583 817 620 affirmativae
852 583 989 620 sufficit
1016 583 1065 620 ad
1091 584 1290 621 veritatem
1319 585 1372 621 in-

308 635 484 672 definitae
501 636 761 673 affirmativae.
783 637 832 673 Et
847 636 958 673 simili
977 637 1120 673 ratione
1135 637 1273 674 veritas
1288 650 1373 686 par-

306 687 470 725 ticularis
503 688 700 736 negativae
733 689 869 726 sufficit
897 689 945 726 ad
972 689 1172 727 veritatem
1200 690 1372 727 indefini-

306 748 365 777 tae
402 741 619 789 negativae,
655 742 742 791 quia
770 742 938 779 similiter
973 749 1098 791 potest
1134 743 1275 792 aliquid
1309 757 1373 780 ne-

306 794 384 841 gari
400 794 447 831 de
466 794 670 831 universali
689 795 750 832 vel
772 795 915 836 ratione
936 795 1123 844 suiipsius,
1144 797 1207 833 vel
1226 796 1370 833 ratione

306 859 396 883 suae
423 847 540 895 partis
558 853 588 884 ¹¹⁴.

358 901 523 937 Utuntur
551 908 679 937 autem
714 901 945 950 quandoque
983 901 1201 950 philosophi
1238 902 1371 939 indefi-

305 952 390 990 nitis
418 953 600 1001 negativis
627 966 698 1002 pro
727 954 1005 991 universalibus
1033 954 1071 991 in
1090 954 1159 1002 his,
1187 967 1284 1003 quae
1302 967 1372 1003 per

305 1019 345 1043 se
365 1015 613 1044 removentur
632 1007 680 1044 ab
708 1007 1003 1053 universalibus3
1034 1007 1129 1044 sicut
1158 1015 1193 1043 et
1215 1015 1372 1044 utuntur

304 1059 507 1096 indefinitis
541 1059 777 1096 affirmativis
813 1072 884 1108 pro
918 1059 1196 1096 universalibus
1225 1060 1264 1096 in
1291 1060 1370 1106 his,

304 1124 403 1161 quae
429 1124 500 1160 per
527 1125 567 1149 se
596 1112 644 1149 de
671 1112 949 1149 universalibus
976 1112 1252 1162 praedicantur.

363 1177 418 1201 10.
440 1164 589 1202 Deinde
610 1177 698 1201 curn
721 1165 828 1202 dicit:
855 1166 898 1202 Si
919 1166 1018 1202 enim
1038 1165 1155 1213 turpis
1178 1171 1233 1201 est
1248 1165 1268 1186 *
1288 1172 1370 1211 etc.,

301 1217 439 1266 probat
464 1217 705 1266 propositum
732 1230 802 1266 per
830 1218 879 1264 id,
902 1218 1006 1266 quod
1026 1225 1082 1254 est
1109 1217 1157 1254 ab
1187 1217 1368 1253 omnibus

302 1282 539 1307 concessum.
563 1271 710 1308 Omnes
740 1270 841 1308 enim
866 1270 1080 1307 concedunt
1108 1270 1210 1319 quod
1236 1270 1369 1307 indefi-

301 1323 378 1360 nita
405 1323 633 1365 affirmativa
651 1323 879 1370 verificatur,
901 1323 931 1360 si
949 1323 1183 1371 particularis
1204 1323 1369 1360 affirma-

296 1375 443 1414 tiva-sit
454 1382 548 1413 vera
561 1377 591 1412 *.
611 1376 802 1424 Contingit
816 1384 944 1413 autern
960 1375 1078 1424 accipi
1094 1375 1188 1412 duas
1203 1376 1368 1412 affirma-

299 1428 395 1466 tivas
414 1428 639 1476 indefinitas,
667 1441 830 1478 quarum
855 1441 932 1466 una
951 1428 1107 1466 includit
1125 1429 1367 1476 negationem

299 1482 462 1530 alterius,
480 1477 573 1531 puta
593 1494 682 1519 curn
702 1490 788 1519 sunt
807 1482 983 1531 opposita
1007 1481 1245 1531 praedicata:
1266 1494 1366 1530 quae

299 1534 456 1584 quidem
475 1534 664 1584 oppositio
693 1543 818 1584 potest
846 1535 1061 1583 contingere
1076 1536 1096 1556 ³⁶
1116 1534 1322 1584 dupliciter.
1341 1556 1364 1562 -

298 1588 386 1627 Uno
405 1588 524 1625 modo
536 1589 568 1635 ⁴,
585 1588 798 1626 secundum
817 1589 1024 1637 perfectam
1045 1588 1364 1635 contrarietatem,

298 1641 394 1678 sicut
411 1642 540 1690 turpis,
551 1641 648 1678 idest
666 1642 890 1687 inhonestus,
903 1641 1109 1690 opponitur
1121 1642 1257 1689 probo,
1269 1640 1366 1678 idest

297 1695 461 1740 honeste,
488 1702 524 1731 et
539 1695 692 1742 foedus,
717 1694 814 1731 idest
841 1695 1020 1743 deformis
1043 1694 1254 1731 seeundum
1284 1706 1364 1730 cor-

296 1759 381 1796 pus,
403 1747 609 1796 opponitur
628 1748 802 1796 pulchro.
839 1748 916 1784 Sed
943 1760 1013 1796 per
1040 1759 1156 1796 quarn
1179 1746 1364 1783 rationem

297 1799 368 1836 ista
382 1800 610 1838 affirmativa
625 1808 680 1837 est
693 1813 796 1848 vera,
817 1801 929 1837 homo
949 1806 1004 1837 est
1012 1801 1169 1848 probus,
1191 1799 1362 1848 quodam

296 1852 454 1893 homine
492 1852 670 1890 existente
697 1854 843 1902 probo,
872 1866 942 1902 per
970 1852 1149 1890 eamdem
1178 1852 1363 1889 rationem

296 2011 450 2036 statuendum
468 2010 664 2044 particulariter,
686 2018 734 2043 pro
752 2010 944 2041 universaliter,
966 2010 1025 2043 quia
1040 2010 1199 2043 particularis
1213 2011 1356 2044 propositio

295 2045 445 2071 affimativa
460 2051 500 2071 est
513 2046 650 2080 indignior
665 2045 815 2071 affirmativa
825 2045 975 2076 universali,
986 2051 1011 2070 et
1026 2045 1155 2071 indefinita
1169 2051 1218 2071 stat
1227 2054 1275 2078 pro
1294 2047 1357 2071 indi-

295 2081 387 2114 gniori.
401 2082 429 2106 Id
448 2086 517 2114 patet
532 2089 563 2107 ex
581 2089 660 2114 supra
679 2081 751 2106 dictis
766 2081 791 2106 in
807 2081 856 2106 hoc
875 2089 992 2106 numero.
1007 2082 1059 2106 Sed
1073 2089 1125 2106 non
1141 2082 1200 2114 quia
1214 2082 1358 2114 propositio

394 2117 444 2142 tiva
462 2117 621 2150 particularis
640 2117 778 2150 indignior
796 2120 836 2141 est
849 2117 1000 2147 universali,
1022 2116 1104 2149 inquit
1122 2125 1142 2141 s.
1153 2116 1283 2147 Thomas,
1298 2125 1359 2150 pro-

295 2152 389 2184 positio
408 2151 538 2177 indefinita
556 2151 706 2177 affirmativa
728 2152 855 2176 sumenda
878 2156 918 2176 est
940 2159 987 2184 pro
1006 2152 1163 2184 particulari,
1187 2153 1234 2177 sed
1253 2152 1301 2177 alia
1319 2160 1358 2177 ra-

295 2187 376 2217 tione,
396 2195 491 2220 nempe
509 2187 572 2220 quia
591 2188 624 2212 de
643 2187 787 2212 universali
799 2190 890 2219 potest
908 2187 1011 2220 aliquid
1028 2187 1162 2221 affirmari
1182 2193 1229 2212 etc.

349 2222 378 2257 μ)
399 2223 469 2253 Quia
481 2223 604 2248 similiter
616 2226 732 2255 potest...
751 2222 791 2247 vel
813 2222 916 2248 ratione
933 2230 997 2248 suae
1010 2223 1210 2255 partis.—Edit.
1232 2223 1310 2247 Plana
1329 2230 1359 2247 ex

2444 298 2488 334 55

1427 374 1496 411 ista
1525 383 1580 412 est
1606 388 1710 423 vera,
1748 377 1860 413 homo
1889 381 1943 412 est
1968 377 2101 424 turpis,
2131 376 2300 425 quodam
2333 376 2489 413 homine

1428 428 1605 466 existente
1625 429 1735 477 turpi.
1764 429 1859 466 Sunt
1883 441 1971 476 ergo
1993 429 2084 466 istae
2110 429 2207 466 duae
2227 441 2342 466 verae
2362 429 2485 476 simul,

1426 481 1538 517 homo
1558 487 1612 518 est
1630 482 1790 529 probus,
1824 483 1936 518 homo
1965 488 2019 518 est
2044 482 2180 530 turpis;
2200 481 2267 518 sed
2296 481 2345 518 ad
2372 482 2487 528 hane,

1426 534 1538 570 homo
1553 540 1608 571 est
1619 535 1746 583 turpis,
1763 534 1931 583 sequitur
1948 534 2028 582 ista,
2040 536 2152 571 homo
2172 547 2246 571 non
2267 540 2321 570 est
2328 535 2490 582 probus,-

1428 598 1516 633 ergo
1546 587 1638 623 istae
1677 587 1774 624 duae
1803 594 1890 624 sunt
1908 587 2019 624 simul
2047 600 2174 634 verae,
2195 588 2307 624 homo
2327 592 2381 623 est
2395 598 2487 634 pro-

1427 639 1506 685 bus,
1526 640 1639 676 homo
1659 652 1732 676 non
1762 646 1815 676 est
1826 641 1989 688 probus.-
2009 648 2047 677 et
2074 641 2210 677 eadem
2230 639 2374 677 ratione
2397 639 2488 676 istae

1429 691 1537 738 duae,
1558 693 1669 729 homo
1699 698 1754 729 est
1778 693 1955 741 pulcher,
1985 695 2096 730 homo
2125 705 2199 730 non
2220 699 2274 729 est
2284 692 2487 740 pulcher.-

1426 744 1511 781 Alia
1548 753 1674 782 autem
1710 746 1898 794 oppositio
1928 746 2129 783 attenditur
2163 746 2375 782 secundum
2402 757 2487 793 per-

1426 797 1567 834 fectum
1596 805 1632 834 et
1668 797 1952 846 imperfectum,
1982 799 2077 836 sicut
2107 799 2254 836 moveri
2285 798 2490 847 opponitur

1426 850 1475 886 ad
1503 856 1645 886 motum
1673 863 1761 896 esse,
1783 858 1819 887 et
1835 852 1931 898 fieri
1956 851 2004 888 ad
2021 853 2173 900 factum
2202 864 2297 888 esse:
2316 851 2418 888 unde
2439 850 2488 887 ad

1414 903 1511 949 fieri
1536 903 1704 951 sequitur
1731 915 1805 939 non
1835 915 1912 940 esse
1953 904 2032 940 eius
2071 905 2175 953 quod
2202 905 2244 941 fit
2271 904 2310 940 in
2337 916 2486 953 perma-

1425 955 1613 1003 nentibus,
1634 967 1799 1004 quorum
1819 967 1896 992 esse
1916 963 1971 993 est
1988 957 2209 1005 perfecturn;
2231 968 2338 994 secus
2358 964 2486 993 autem

1426 1014 1481 1044 est
1508 1008 1546 1044 in
1566 1008 1800 1054 successivis,
1817 1021 1982 1056 quorum
2002 1021 2079 1046 esse
2099 1018 2153 1046 est
2171 1010 2433 1058 imperfectum
2453 1010 2483 1046 ³¹³.
2514 1016 2725 1064 ia‘ig'sstdssnfflt-ssf.

1426 1060 1488 1096 Sic
1517 1073 1606 1108 ergo
1626 1061 1722 1097 haec
1760 1068 1814 1097 est
1840 1073 1943 1107 vera,
1964 1063 2075 1098 homo
2099 1068 2154 1099 est
2178 1063 2295 1108 albus,
2316 1061 2485 1111 quodam
2508 1069 2649 1098 perstem-

1424 1113 1580 1149 homine
1610 1113 1788 1150 existente
1818 1114 1921 1159 albo;
1943 1122 1979 1150 et
2005 1114 2086 1162 pari
2116 1115 2269 1161 ratione,
2292 1115 2379 1164 quia
2405 1115 2485 1164 qui-

1426 1164 1515 1201 dam
1548 1166 1667 1202 homo
1697 1166 1740 1202 fit
1772 1166 1899 1213 albus,
1929 1167 2024 1203 haec
2048 1174 2103 1203 est
2129 1180 2231 1214 vera,
2265 1169 2376 1204 homo
2399 1169 2419 1189 '¹‘
2435 1169 2488 1215 fit

1424 1218 1551 1262 albus,·
1579 1218 1628 1254 ad
1662 1230 1778 1266 quam
1805 1219 1991 1267 sequitur,
2028 1221 2139 1256 homo
2174 1232 2247 1256 non
2282 1226 2336 1256 θεῖ
2365 1221 2481 1257 albus.

1424 1271 1526 1318 Ergo
1546 1271 1638 1308 istae
1659 1271 1757 1308 duae
1777 1279 1864 1308 sunt
1888 1271 1999 1308 simul
2017 1285 2144 1321 verae,
2164 1274 2276 1309 homo
2296 1278 2350 1309 est
2365 1273 2483 1320 albus,

1424 1324 1536 1360 homo
1565 1336 1639 1360 non
1668 1330 1723 1360 est
1747 1324 1864 1361 albus.

1482 1388 1539 1412 11.
1569 1376 1718 1414 Deinde
1753 1389 1840 1413 cum
1871 1377 1978 1414 dicit:
2018 1377 2206 1414 Videbitur
2238 1383 2362 1414 autem
2395 1385 2483 1425 etc.,

1423 1429 1585 1466 excludit
1611 1429 1650 1466 id
1679 1430 1783 1478 quod
1803 1430 1942 1466 faceret
1961 1430 2233 1467 dubitationem
2259 1430 2356 1466 circa
2377 1443 2485 1478 prae-

1423 1482 1540 1528 dicta;
1571 1489 1607 1518 et
1635 1482 1723 1519 dicit
1746 1483 1851 1531 quod
1877 1483 2013 1529 subito,
2038 1483 2077 1519 id
2101 1490 2156 1520 est
2182 1483 2307 1532 primo
2332 1490 2486 1531 aspectu

1420 1534 1571 1573 videtur
1613 1536 1688 1573 hoc
1731 1548 1812 1572 esse
1855 1535 2151 1583 inconveniens,
2196 1535 2300 1584 quod
2344 1535 2485 1572 dictum

1421 1596 1496 1633 est;
1531 1587 1619 1636 quia
1646 1589 1721 1624 hoc
1753 1588 1858 1637 quod
1887 1588 1988 1635 dico,
2017 1590 2129 1625 homo
2162 1601 2237 1625 non
2275 1594 2329 1625 θεῖ
2362 1589 2484 1633 albus,

1418 1641 1569 1678 videtur
1587 1641 1691 1678 idem
1710 1641 1920 1688 significare
1946 1654 2034 1678 curn
2053 1642 2128 1678 1106
2147 1641 2252 1690 quod
2278 1649 2334 1678 est
2350 1642 2384 1688 *‚
2405 1641 2493 1678 nul·¹
2513 1653 2654 1680 unmquoa
2664 1653 2724 1674 asco.

1419 1693 1476 1730 lus
1506 1695 1619 1730 homo
1652 1699 1706 1730 θεῖ
1735 1694 1852 1731 albus.
1889 1694 1966 1731 Sed
1998 1694 2078 1742 ipse
2114 1695 2190 1730 hoc
2223 1701 2398 1731 removet
2431 1694 2484 1731 di-

1419 1759 1508 1783 cens
1551 1746 1655 1795 quod
1699 1759 1823 1795 neque
1869 1746 1972 1784 idem
2014 1747 2224 1795 significant
2265 1759 2390 1796 neque
2437 1759 2482 1783 ex

1418 1794 1639 1836 necessitate
1668 1807 1754 1836 sunt
1781 1799 1892 1836 simul
1920 1811 2012 1836 vera
2030 1801 2060 1847 ³¹³,
2091 1800 2185 1837 sicut
2213 1812 2258 1836 ex
2283 1799 2483 1848 praedictis

1419 1852 1662 1889 manifestum
1691 1860 1757 1889 est.

2512 1170 2573 1191 nnc.
2586 1182 2595 1186 -
2608 1176 2645 1191 ιιι

2513 1196 2567 1217 dam
2580 1196 2656 1217 homo.
2671 1176 2723 1197 qm-

2511 1805 2520 1813 ·
2536 1803 2612 1824 Simul
2630 1810 2657 1825 ex
2676 1810 2718 1825 ,ωε

2511 1830 2554 1856 (Cf.
2565 1832 2635 1856 ηιμ).

1411 2011 1543 2036 oscitantia
1557 2012 1710 2045 typographi
1725 2012 1798 2043 legit;
1813 2012 1854 2037 vel
1863 2012 1975 2037 rationis
1988 2019 2051 2037 suae
2060 2012 2180 2044 partis.—-
2186 2012 2263 2037 BCE:
2282 2012 2345 2044 quia
2358 2010 2480 2037 similiter

1411 2047 1543 2080 contingit
1560 2047 1662 2080 aliquid
1681 2047 1776 2080 negari
1789 2046 1848 2080 (ΑΕ
1863 2047 1999 2080 negare)...
2019 2048 2058 2072 vel
2076 2047 2180 2072 ratione
2198 2054 2262 2072 suae
2281 2047 2379 2079 partis.
2398 2048 2430 2072 Et
2448 2047 2482 2072 ita

1412 2083 1442 2113 A,
1458 2082 1506 2106 nisi
1521 2083 1590 2115 quod
1611 2083 1695 2113 habet,
1710 2083 1814 2108 ratione
1827 2083 1951 2114 partis.—
1961 2083 1995 2107 D:
2011 2082 2072 2115 quia
2086 2082 2208 2107 similiter
2217 2086 2307 2115 potest
2320 2083 2422 2115 aliquid
2436 2090 2479 2108 ne-

1411 2118 1531 2150 gativam
1547 2117 1676 2150 (corrupte
1691 2126 1738 2150 pro
1748 2117 1880 2152 negari)...
1892 2119 1932 2143 vel
1945 2118 2048 2143 ratione
2061 2125 2124 2143 suae
2138 2118 2261 2150 partis.-
2274 2119 2357 2150 Supra
2371 2118 2480 2150 legimus

1412 2161 1471 2177 cum
1491 2153 1578 2178 codd.:
1596 2153 1644 2178 sed
1661 2153 1754 2185 quia...
1774 2154 1814 2178 vel
1832 2153 1935 2178 ratione
1949 2153 2038 2185 partis
2056 2157 2194 2178 contentae
2211 2154 2258 2178 sub
2276 2160 2319 2178 eo:
2339 2161 2398 2177 narn
2417 2153 2480 2178 haec

1412 2188 1487 2213 lectio
1506 2188 1663 2213 conformior
1677 2194 1716 2213 est
1729 2188 1760 2213 iis
1774 2196 1841 2221 quae
1860 2193 2013 2221 sequuntur.
2032 2189 2069 2213 P.:
2084 2189 2131 2213 sed
2139 2189 2232 2221 quia...
2248 2189 2289 2214 vel
2302 2189 2405 2214 ratione
2418 2196 2480 2213 con-

1413 2224 1479 2248 tenti
1497 2223 1544 2248 sub
1563 2231 1602 2249 eo.
