2788 4204
10 2304 12 2306 .
0 2120 12 2278 ,W‘WW
0 2080 6 2114 ”³⁴
0 2063 9 2070 ¹-

83 524 208 546 Diodorus.

87 679 168 701 Stoici.

83 706 95 718 ⁴
109 712 131 727 Β.
139 717 149 722 -
159 712 189 727 m
201 706 249 727 hoc.

86 742 93 750 ·
109 740 202 762 Codd.-
215 747 243 762 1²-:
259 741 295 762 di-

85 769 145 789 cunt.

84 1005 93 1014 '¹
108 1010 130 1025 e:
138 1004 296 1032 incompetens

83 1032 107 1052 et
122 1030 295 1053 inconveniens.

83 1330 133 1352 ἰε
153 1329 197 1352 κά
214 1330 296 1358 potius

83 1356 139 1385 quia

181 378 195 395 Z

181 468 198 493 λ

183 561 201 586 μ.

182 1067 195 1083 ν

82 1827 201 1850 Boethius.

83 1854 191 1881 'eodd.;
210 1856 235 1876 et
252 1854 296 1876 hoc

84 1933 162 1956 Philo.

182 1960 195 1992 t

1163 284 1274 320 CAP.
1303 283 1374 330 IX,
1405 285 1556 321 LECT.
1586 284 1673 321 XIV
2450 287 2498 334 67

275 365 277 367 '
326 360 424 397 thius
458 359 545 398 dicit
572 361 633 397 hic
661 361 700 397 in
729 362 961 398 Commento
984 368 1008 408 ³,
1031 362 1128 399 circa
1148 363 1324 411 possibile
1352 370 1387 399 et

325 414 575 450 necessarium
597 414 852 451 diversimode
873 415 985 463 aliqui
1014 423 1101 452 sunt
1120 416 1272 464 opinati.
1295 416 1386 462 Qui-

325 466 414 503 dam
435 466 538 503 enim>
557 466 802 503 distinxerunt
814 464 827 488 λ
843 480 887 504 83
901 468 1112 505 secundum
1133 477 1324 516 eventum,
1341 470 1387 506 si-

325 519 589 556 cutDiodorus
603 526 634 566 ff,
647 520 711 568 qui
727 520 816 556 dixit
833 520 923 557 illud
940 533 1020 557 esse
1036 521 1267 570 impossibile
1284 524 1388 570 quod

323 584 521 620 nunquam
538 572 605 609 erit
613 585 628 618 ;μ
638 573 894 609 necessarium
909 586 1002 610 vero
1019 574 1123 623 quod
1139 587 1290 623 semper
1305 576 1386 622 erit;

322 625 501 673 possibile
529 637 623 661 vero
653 626 757 673 quod
787 626 1017 675 quandoque
1048 628 1127 674 erit,
1157 629 1387 678 quandoque

323 690 402 714 non
422 678 500 715 erit.
523 678 639 715 Stoici
661 691 754 715 vero
772 679 1016 717 distinxerunt
1034 681 1129 717 haec
1143 682 1163 702 ³²
1177 683 1388 719 secundum

324 730 507 768 exteriora
520 732 770 780 prohibentia.
787 733 971 770 Dixerunt
983 734 1002 754 '¹‘
1017 734 1118 771 enirn
1133 736 1389 772 necessarium

325 795 406 820 esse
435 784 524 821 illud
544 785 648 833 quod
668 798 746 822 non
773 794 898 835 potest
915 787 1108 835 prohiberi
1137 788 1228 837 quin
1256 789 1302 825 sit
1323 802 1388 826 ve-

324 849 428 882 rum;
448 837 681 886 impossibile
699 851 794 875 vero
824 840 928 888 quod
953 853 1104 889 semper
1126 841 1349 890 prohibetur
1368 856 1390 879 a

323 889 497 936 veritate3
517 891 696 939 possibile
715 905 808 929 vero
835 894 939 942 quod
966 901 1091 942 potest
1109 895 1301 943 prohiberi
1328 897 1390 932 vel

324 955 403 980 non
430 944 634 992 prohiberi.
660 945 828 994 Utraque
864 954 992 983 autem
1027 947 1212 984 distinctio
1241 948 1391 985 videtur

325 1008 406 1033 esse
435 997 698 1046 incompetens
721 999 752 1035 ³².
782 1000 886 1036 Nam
914 1000 1038 1049 prima
1067 1000 1251 1038 distinctio
1286 1010 1341 1038 est
1369 1014 1391 1038 a

323 1050 540 1098 posteriori:
557 1063 636 1088 non
651 1051 753 1088 enim
767 1052 854 1089 ideo
865 1059 877 1072 ¹'
896 1053 1035 1102 aliquid
1052 1061 1107 1090 est
1120 1055 1389 1101 necessarium,

325 1103 413 1151 quia
441 1116 592 1152 semper
621 1105 706 1150 erit;
735 1105 802 1142 sed
838 1107 964 1154 potius
992 1107 1078 1143 ideo
1117 1120 1269 1156 semper
1302 1108 1390 1154 erit,

325 1156 414 1204 quia
442 1164 497 1192 est
524 1158 797 1194 necessarium:
825 1166 860 1195 et
888 1159 991 1196 idem
1018 1167 1121 1208 patet
1147 1160 1186 1197 in
1206 1161 1296 1197 aliis.
1325 1162 1391 1197 Se-

325 1209 450 1245 cunda
477 1217 606 1246 autem
635 1211 835 1258 assignatio
861 1220 916 1249 est
943 1213 991 1249 ab
1019 1212 1191 1250 exteriori
1220 1221 1256 1250 et
1284 1213 1391 1262 quasi

322 1273 392 1310 per
420 1261 616 1299 accidens:
637 1276 716 1300 non
745 1264 847 1301 enim
866 1265 953 1302 ideo
974 1265 1114 1314 aliquid
1136 1274 1191 1303 est
1218 1279 1390 1303 necessa-

323 1314 444 1361 rium,
474 1315 563 1363 quia
590 1329 669 1353 non
688 1318 803 1354 habet
830 1318 1160 1367 impedimentum,
1182 1320 1249 1357 sed
1265 1320 1353 1368 quia
1371 1320 1392 1341 ’¹‘

319 1369 675 1416 838118685531111111,
695 1370 782 1407 ideo
802 1370 1120 1420 impedimentum
1148 1373 1289 1410 habere
1313 1386 1392 1410 non

322 1428 459 1470 potest.
481 1423 530 1458 Et
543 1422 630 1460 ideo
651 1423 711 1460 alii
735 1424 871 1461 melius
895 1425 964 1462 ista
989 1426 1235 1463 distinxerunt
1258 1439 1391 1464 secun-

324 1473 417 1511 dum
445 1473 620 1513 naturam
649 1489 790 1524 rerum,
809 1486 851 1515 ut
879 1478 1018 1516 scilicet
1046 1479 1191 1517 dicatur
1218 1480 1308 1517 illud
1327 1493 1391 1518 ne-

324 1528 542 1576 cessarium,
569 1530 674 1578 quod
694 1530 732 1567 in
758 1543 827 1569 sua
854 1539 988 1569 natura
1013 1533 1307 1571 determinatum
1337 1542 1394 1571 est

323 1581 449 1618 solum
469 1582 517 1619 ad
547 1595 645 1629 esse;
666 1583 899 1632 impossibile
920 1593 1047 1623 autem
1068 1587 1173 1635 quo-d
1198 1595 1253 1624 est
1272 1587 1392 1624 deter-

323 1633 510 1672 minatum
529 1637 655 1673 solum
674 1636 723 1674 ad
738 1650 816 1675 non
832 1651 930 1684 esse;
946 1639 1124 1688 possibile
1140 1648 1268 1678 autem
1288 1642 1392 1690 quod

323 1686 373 1724 ad
401 1697 579 1726 neutrum
618 1698 673 1727 est
701 1691 859 1728 omnino
898 1692 1212 1742 determinatum,
1242 1695 1321 1731 sive
1351 1708 1391 1732 58

323 1740 462 1779 habeat
489 1743 610 1791 magis
638 1744 686 1781 ad
722 1757 844 1782 unum
883 1759 1000 1795 quam
1029 1747 1077 1784 ad
1106 1747 1285 1793 alterum,
1311 1748 1391 1785 sive

324 1806 364 1830 se
392 1794 532 1833 habeat
559 1797 764 1846 aequaliter
791 1798 840 1835 ad
867 1807 1094 1849 utrumque,
1124 1801 1229 1850 quod
1259 1801 1394 1838 dicitur

325 1848 544 1897 contingens
573 1850 621 1887 ad
639 1851 870 1889 utrumlibet.
896 1854 945 1889 Et
972 1854 1047 1890 hoc
1080 1862 1135 1891 est
1162 1854 1267 1903 quod
1295 1855 1393 1891 Boe-

323 1900 423 1938 thius
450 1903 470 1923 *
497 1903 663 1941 attribuit
690 1904 839 1941 Philoni
867 1902 891 1942 ε.

378 1954 455 1992 Sed
483 1956 679 1994 manifeste
708 1958 804 1995 haec
832 1966 887 1995 est
915 1959 1099 1996 sententia
1123 1959 1332 1997 Aristotelis
1355 1960 1394 1997 in

324 2146 387 2164 vero
405 2137 474 2172 etc.)
494 2138 534 2163 bis
553 2138 641 2172 ponit,
665 2143 691 2163 et
709 2139 814 2164 alteram
834 2139 952 2164 eiusdem
980 2141 1121 2166 sententiae
1149 2146 1249 2174 partem
1269 2140 1336 2175 (sed
1355 2145 1394 2167 ta-

324 2181 383 2200 men
398 2172 457 2208 etc.)
476 2173 578 2205 omittit,
592 2178 622 2198 ut
639 2182 670 2199 ex
688 2179 808 2200 contextu
827 2180 866 2200 est
883 2183 930 2208 per
949 2183 978 2200 se
997 2176 1171 2202 manifestum.

377 2208 403 2244 κ)
425 2209 501 2234 Sicut
518 2209 645 2234 Boethius
664 2210 730 2235 dicit
747 2210 789 2235 hic
807 2210 834 2235 in
848 2211 1000 2236 Commenta
1019 2216 1068 2236 etc.
1083 2212 1156 2242 Quae
1171 2220 1201 2237 ex
1219 2211 1269 2237 hoc
1284 2213 1396 2237 Auctore

324 2245 432 2270 citantur
443 2253 459 2270 a
477 2244 611 2269 s.‘1·homa
626 2245 659 2270 de
672 2245 835 2278 opinionibus
850 2246 963 2276 Diodori,
979 2247 1121 2271 Stoicorum
1137 2252 1162 2272 et
1181 2247 1295 2272 Philonis
1310 2249 1396 2281 quoad

325 2286 443 2305 naturam
466 2280 620 2309 necessarii,
639 2280 806 2313 impossibilis
826 2287 851 2306 et
867 2282 1003 2314 possibilis
1023 2282 1150 2307 habentur
1163 2283 1189 2307 in
1208 2283 1263 2308 eius
1282 2284 1396 2308 secunda

325 2316 373 2341 Ed.
390 2316 432 2341 De
447 2316 584 2348 interpret.
604 2316 647 2340 lib.
664 2317 707 2347 111,
731 2317 772 2342 De
787 2317 892 2351 suturis
908 2318 1133 2351 contingentibus,
1154 2326 1233 2351 super
1251 2319 1294 2343 illa
1316 2319 1394 2344 verba

325 2351 484 2420 pristotelis:
506 2351 542 2421 ΕΞ
561 2351 686 2384 quoniam
707 2355 747 2377 est
768 2353 913 2378 omnino...
926 2354 965 2378 Ac
981 2354 1065 2378 multa
1085 2354 1160 2379 nobis
1184 2354 1325 2388 manifesta
1347 2359 1394 2379 etc.

344 2395 370 2420 p.
385 2386 449 2420 373,
469 2394 525 2419 seq.
545 2404 552 2411 .

379 2421 408 2456 λ)
430 2422 546 2452 Quidam
569 2422 639 2446 enim
664 2422 856 2448 distinxerunt.
880 2424 916 2448 Ita
935 2425 1009 2449 codd.
1028 2424 1132 2449 BCE.-
1146 2425 1212 2449 Edit.
1232 2425 1310 2449 Plana
1335 2433 1394 2450 cum

327 2458 402 2482 codd.
421 2458 467 2482 AD
486 2458 588 2490 legunt:
608 2458 717 2490 quidam
735 2459 804 2483 enim
825 2459 963 2484 dixerunt.
982 2460 1015 2484 Et
1034 2459 1068 2484 ita
1082 2459 1146 2484 infra
1169 2460 1243 2484 codd.
1262 2461 1327 2485 BCE
1342 2468 1395 2485 non

328 2493 413 2518 Stoici
427 2500 490 2518 vero
504 2493 646 2522 dixerunt,
663 2494 710 2518 sed
726 2494 910 2519 distinxerunt
925 2494 1027 2519 habent.
1046 2495 1164 2527 Denique
1182 2495 1256 2520 tertio
1270 2497 1328 2520 loco
1343 2504 1395 2520 non

328 2529 380 2559 ista
400 2525 442 2562 (P.
460 2526 513 2563 ita)
529 2528 673 2559 dixerunt,
689 2537 749 2554 cum
764 2530 822 2559 CP.,
843 2531 889 2555 sed
910 2530 962 2555 ista
983 2530 1168 2555 distinxerunt
1190 2531 1330 2563 legendum
1355 2537 1395 2556 est

328 2565 519 2597 consequenter
536 2571 596 2588 curn
616 2564 694 2589 ADE.
714 2565 787 2595 Quae
805 2565 895 2590 ultima
911 2566 986 2590 lectio
1005 2566 1097 2590 suadet
1115 2566 1191 2590 etiarn
1210 2574 1287 2599 supra
1307 2567 1393 2599 legen-

329 2600 391 2624 dum
415 2607 474 2624 esse
493 2606 552 2623 cum
571 2599 653 2624 tribus
673 2600 746 2624 codd.
757 2601 909 2633 praecitatis.
928 2602 1002 2626 Adde
1016 2602 1087 2634 quod
1102 2601 1174 2632 infra,
1189 2602 1263 2626 codd.
1278 2607 1303 2627 et
1317 2602 1395 2627 Piana

329 2634 563 2666 consentientibus,
589 2643 610 2659 s.
624 2635 721 2660 Doctor
746 2636 890 2668 subiungit:
910 2640 1023 2669 utraque
1047 2639 1136 2661 autem
1162 2637 1297 2662 distinctio
1323 2638 1394 2663 vide-

328 2673 374 2695 tur
392 2675 440 2695 etc.

382 2704 409 2740 μ)
431 2705 506 2731 Sicut
525 2705 662 2731 Diodorus
685 2711 732 2731 etc.
749 2715 763 2730 «ι
779 2706 824 2732 1118
843 2707 920 2738 enim,
940 2707 1026 2739 inquit
1047 2707 1161 2736 Tullius,
1181 2707 1207 2732 id
1230 2709 1317 2733 solum
1340 2707 1395 2733 fieri

329 2749 344 2765 ›
358 2749 438 2774 posse
457 2741 523 2772 dicit,
539 2741 609 2773 quod
628 2746 672 2766 aut
690 2741 723 2765 sit
740 2749 832 2766 verum
852 2747 895 2767 aut
913 2742 1030 2767 futurum
1048 2743 1082 2767 sit
1099 2750 1188 2767 verum
1194 2751 1201 2774 ;
1217 2748 1250 2774 et,
1270 2744 1395 2776 quidquid

329 2784 344 2799 2
358 2776 474 2801 futurum
493 2776 533 2807 sit,
548 2777 574 2801 id
592 2776 652 2801 dicit
669 2776 723 2802 fieri
743 2785 851 2802 necesse
870 2785 937 2808 esse,
952 2783 986 2808 et,
999 2778 1131 2811 quidquid*
1143 2787 1194 2803 non
1214 2779 1247 2803 sit
1269 2779 1394 2810 futurum,

329 2820 344 2835 a·
359 2811 386 2836 id
403 2817 479 2844 negat
497 2811 551 2837 fieri
565 2820 670 2845 posse...
684 2813 771 2838 Placet
789 2813 864 2845 igitur
877 2813 1000 2844 Diodoro,
1015 2814 1040 2838 id
1059 2814 1145 2838 solum
1163 2813 1218 2839 fieri
1230 2822 1309 2847 posse
1324 2816 1394 2847 quod

330 2855 344 2870 »
360 2852 403 2872 aut
420 2855 511 2872 verum
530 2847 570 2878 sit,
586 2853 629 2872 aut
646 2855 738 2872 verum
757 2848 872 2873 fumrum
893 2849 932 2873 sit.
948 2849 999 2879 Qui
1018 2849 1091 2873 locus
1115 2849 1214 2881 attingit
1231 2850 1297 2875 hanc
1316 2858 1395 2883 quae-

330 2890 344 2905 »
360 2881 484 2907 stionem:
499 2882 567 2907 Nihil
582 2882 645 2914 fieri,
660 2884 730 2915 quod
745 2892 797 2908 non
811 2892 919 2909 necesse
933 2884 1021 2909 fuerit:
1037 2891 1069 2915 et,
1089 2884 1220 2917 Quidquid
1234 2884 1290 2910 fieri
1304 2886 1394 2918 possit,

331 2925 345 2940 w
360 2917 386 2941 id
405 2922 448 2942 aut
465 2925 526 2942 esse
543 2918 594 2942 iam
613 2923 656 2943 aut
674 2918 789 2944 futurum
807 2927 881 2944 esse:
896 2927 943 2944 nec
962 2920 1044 2953 magis
1068 2921 1219 2945 commutari
1239 2929 1269 2945 ex
1287 2921 1355 2946 veris
1370 2922 1396 2946 in

331 2961 346 2975 »
360 2952 426 2977 falsa
444 2960 475 2977 ea
492 2961 580 2986 posse,
599 2961 666 2986 quae
688 2954 773 2979 futura
792 2960 859 2985 sunt,
880 2963 959 2988 quam
982 2963 1019 2986 ea,
1041 2963 1108 2988 quae
1132 2956 1198 2980 facta
1217 2962 1289 2981 sunt:
1308 2957 1355 2981 sed
1369 2957 1396 2981 in

332 2995 346 3010 »
361 2987 434 3012 factis
452 2987 686 3013 immutabilitatem
704 2997 840 3022 apparere3
854 2990 880 3014 in
899 2990 990 3015 futuris
1015 2991 1179 3023 quibusdam,
1199 2992 1259 3024 quia
1278 2999 1330 3016 non
1350 3000 1395 3025 ap-

332 3031 346 3046 »
362 3027 450 3055 pareat
469 3020 519 3057 (al.
534 3023 688 3057 apparent),
707 3032 740 3049 ne
758 3025 844 3049 inesse
863 3025 968 3058 quidem
985 3026 1066 3051 videri
1088 3035 1102 3049 »
1119 3023 1128 3059 s
1137 3027 1178 3051 De
1190 3027 1261 3060 sate,
1283 3035 1338 3060 cap.
1359 3036 1397 3052 v11

330 3062 356 3082 et
373 3065 407 3089 lx,
426 3066 469 3082 nn.
487 3057 516 3082 13
536 3063 562 3082 et
584 3059 728 3092 17.·-Opp.
742 3065 806 3084 torn.
821 3061 863 3091 IX,
878 3069 936 3093 pag.
953 3060 1012 3094 287,
1027 3069 1110 3094 seq.-
1124 3062 1236 3094 Lypsiae
1255 3061 1342 3096 1849).
1357 3063 1394 3087 Ex

330 3093 371 3118 his
399 3098 505 3126 apparet
526 3094 652 3125 possibile
676 3102 691 3118 a
709 3095 824 3119 Diodoro
846 3096 932 3120 verbis
951 3096 1056 3128 quidem
1080 3097 1150 3129 poni,
1169 3105 1198 3121 re
1216 3103 1302 3122 autem
1326 3098 1394 3122 tolli:

331 3135 392 3153 narn
406 3128 428 3152 si
442 3128 567 3161 possibile
580 3137 722 3162 numquam
737 3130 791 3161 erit,
806 3135 847 3155 est
860 3131 1033 3163 impossibile,·
1047 3132 1069 3156 si
1083 3137 1169 3156 autem
1188 3132 1235 3157 erit
1248 3133 1394 3165 aliquando,

331 3168 371 3188 est
385 3163 569 3188 necessarium.
581 3164 660 3197 Atqui
678 3169 766 3189 utrum
784 3165 899 3191 futurum
918 3166 951 3191 sit
968 3167 1009 3191 vel
1033 3175 1085 3192 non
1104 3167 1145 3197 sit,
1164 3175 1216 3192 non
1231 3175 1262 3192 ex
1276 3176 1304 3192 se
1320 3166 1396 3202 (sicut

331 3199 358 3223 in
376 3198 407 3223 iis
422 3206 489 3231 quae
507 3199 652 3224 necessaria
669 3199 808 3234 videntur),
823 3202 869 3225 sed
886 3209 916 3226 ex
931 3207 1024 3227 eventu
1044 3210 1187 3235 possumus
1201 3203 1347 3234 decernere,
1362 3204 1396 3228 ita

332 3234 429 3259 scilicet
446 3239 475 3258 ut
492 3234 608 3259 futurum
627 3234 708 3259 fuisse
725 3236 767 3260 vel
786 3243 869 3267 secus,
885 3242 910 3261 et
928 3237 986 3262 ideo
1013 3238 1188 3262 necessarium
1213 3238 1254 3262 vel
1273 3238 1395 3271 impossi-

331 3269 383 3294 bile
393 3287 399 3299 ,
421 3277 451 3293 ex
470 3277 502 3293 eo
520 3269 590 3302 quod
609 3269 704 3295 factum
719 3271 760 3295 vel
779 3279 831 3295 non
844 3271 939 3296 factum
955 3277 994 3297 est
1007 3273 1150 3305 intelligere
1164 3273 1314 3298 debeamus.
1329 3275 1396 3298 Ante

333 3312 395 3337 ergo
414 3309 535 3329 eventurn
555 3312 697 3337 possumus
717 3305 800 3330 dicere
819 3307 889 3338 quod
905 3307 1029 3339 possibile
1047 3308 1204 3340 quandoque
1223 3309 1288 3337 erit,
1312 3316 1396 3340 quan-

333 3340 418 3372 doque
437 3347 487 3364 non
501 3340 560 3368 erit,
576 3347 629 3364 non
643 3340 669 3364 in
681 3348 717 3372 se,
733 3341 779 3365 sed
793 3342 880 3374 quoad
894 3347 1010 3367 nostram
1029 3343 1210 3375 cognitionem,
1227 3343 1287 3375 quia
1301 3351 1396 3377 nempe

333 3375 534 3400 immutabilitas
546 3375 618 3408 facti
636 3383 687 3400 non
707 3380 828 3408 apparet.

386 3409 410 3445 ν)
430 3411 490 3435 Νοη
514 3410 583 3435 enim
607 3411 667 3436 ideo
690 3411 793 3443 aliquid
811 3417 858 3436 etc.
887 3412 1001 3444 Suppleo
1025 3412 1084 3437 ideo
1103 3420 1133 3437 ex
1156 3413 1278 3437 omnibus
1301 3413 1397 3437 nostris

334 3446 423 3476 codd.,
442 3446 513 3478 quod
532 3445 690 3470 desideratur
707 3446 733 3470 in
747 3447 786 3471 ed.
806 3446 901 3471 Piana..
914 3447 947 3471 Et
959 3447 1017 3472 hinc
1030 3447 1114 3472 statim
1133 3447 1225 3472 habes:
1245 3448 1292 3473 sed
1304 3449 1397 3480 potius

334 3481 393 3506 ideo
414 3488 518 3513 semper
539 3486 586 3506 etc.
610 3482 643 3506 Et
665 3481 744 3506 infra:
767 3482 882 3506 secunda
904 3485 993 3507 autem
1015 3482 1163 3515 assignatio
1170 3499 1235 3508 .....
1255 3490 1306 3508 non
1327 3483 1396 3508 enim

334 3516 393 3541 ideo
412 3521 459 3541 etc.

388 3549 410 3586 ξ)
432 3552 468 3577 Et
486 3552 535 3576 hoc
547 3555 587 3577 est
609 3551 681 3585 quod
698 3551 825 3577 Boethius
843 3552 967 3577 attribuit
984 3552 1096 3577 Philoni.
1112 3562 1126 3576 «
1141 3552 1208 3578 Τ183
1227 3558 1295 3583 sunt,
1313 3553 1398 3585 inquit

335 3595 349 3610 »
365 3587 499 3618 Boethius,
521 3587 662 3612 sententiae
681 3588 712 3612 de
731 3587 907 3620 possibilitate.
928 3587 1003 3612 Philo
1022 3588 1090 3612 enim
1114 3588 1173 3612 dicit
1192 3588 1315 3621 possibile
1340 3596 1398 3613 esse

335 3631 350 3645 ›
366 3623 436 3655 quod
451 3627 540 3647 natura
555 3623 657 3656 propria
672 3622 854 3655 enunciationis
874 3623 996 3656 suscipiat
1008 3623 1149 3654 veritatem,
1159 3628 1188 3647 ut
1202 3631 1261 3648 cum
1276 3623 1340 3654 dico,
1355 3631 1398 3648 me

1442 364 1517 400 hoc
1540 365 1637 401 loco.
1668 364 1843 412 Assignat
1863 365 1971 401 enimn
1993 364 2177 401 rationem
2196 364 2447 413 possibilitatis
2468 372 2502 400 et

1443 417 1737 464 contingentiae,
1766 418 1805 454 in
1832 418 1890 454 his
1919 418 2074 466 quidem
2099 430 2195 466 quae
2231 424 2316 453 sunt
2344 429 2366 453 a
2393 417 2503 453 nobis

1444 482 1488 506 ex
1512 483 1558 506 eo
1588 471 1691 519 quod
1717 483 1849 508 sumus
1878 471 2109 517 consiliativi,
2130 471 2168 507 in
2197 470 2275 507 aliis
2304 477 2430 506 autem
2460 482 2504 505 ex

1444 535 1489 559 eo
1511 524 1615 572 quod
1644 525 1800 561 materia
1826 533 1881 562 est
1904 524 1942 561 in
1961 524 2129 574 potentia
2147 523 2196 560 ad
2214 531 2418 571 utrumque
2439 535 2505 570 op-

1443 584 1666 625 posnorum.

1499 642 1534 677 9.
1557 630 1633 666 Sed
1660 630 1810 667 videtur
1844 631 1938 667 haec
1967 630 2060 667 ratio
2081 643 2159 667 non
2192 642 2273 666 8558
2303 628 2504 665 sufficiens.

1446 682 1550 719 Sicut
1578 683 1738 720 enimin
1767 684 1990 732 corporibus
2017 683 2320 732 corruptibilibus
2348 681 2505 718 materia

1444 735 1632 772 invenitur
1659 736 1697 772 in
1733 737 1901 785 potentia
1937 749 1976 774 se
2005 737 2149 773 habens
2178 736 2227 772 ad
2256 748 2336 772 esse
2366 742 2402 772 et
2429 747 2507 771 non

1446 801 1539 836 esse,
1559 789 1610 825 ita
1629 790 1741 826 etiarn
1770 790 1808 826 in
1829 790 2051 838 corporibus
2072 789 2292 826 caelestibus
2320 788 2508 825 invenitur

1445 842 1613 890 potentia
1632 843 1680 879 ad
1700 842 1849 879 diversa
1870 843 1933 879 uhi
1941 871 1951 888 ,
1974 851 2009 879 et
2027 850 2155 880 tamen
2174 842 2264 879 nihil
2283 842 2322 878 in
2347 842 2400 878 eis
2420 854 2506 878 eve-

1446 895 1499 931 nit
1528 895 1795 943 contingenter,
1816 896 1883 932 sed
1908 896 2032 932 solum
2061 908 2106 932 ex
2135 895 2366 932 necessitate.
2396 894 2506 932 Unde

1447 948 1652 985 dicendum
1668 955 1723 985 est
1747 948 1851 996 quod
1865 949 2090 996 possibilitas
2106 949 2284 986 materiae
2300 949 2348 985 ad
2362 956 2506 985 utrum-

1447 1013 1533 1049 que,
1555 1001 1585 1038 si
1615 1001 1868 1038 communiter
1891 1002 2105 1050 loquamur,
2127 1014 2204 1038 non
2234 1010 2289 1038 est
2316 1001 2506 1038 sufficiens

1447 1054 1540 1090 ratio
1570 1054 1864 1101 contingentiae,
1891 1054 1961 1090 nisi
1999 1055 2111 1091 etiam
2140 1055 2298 1092 addatur
2326 1067 2372 1091 ex
2402 1061 2506 1103 parte

1445 1107 1636 1155 potentiae
1665 1107 1808 1143 activae
1838 1107 1942 1155 quod
1970 1120 2049 1144 non
2074 1107 2119 1144 sit
2147 1108 2303 1144 omnino
2333 1107 2506 1144 determi-

1447 1167 1535 1196 nata
1562 1159 1610 1196 ad
1638 1172 1776 1206 unum;
1798 1160 1964 1208 alioquin
1992 1160 2022 1196 si
2050 1160 2100 1196 ita
2120 1161 2165 1197 sit
2193 1160 2439 1197 determinata
2459 1160 2507 1197 ad

1446 1224 1568 1249 unum
1584 1212 1688 1261 quod
1708 1212 1881 1261 impediri
1901 1225 1979 1249 non
1998 1221 2122 1261 potest
2139 1214 2169 1260 ²¹⁸,
2199 1226 2433 1262 consequens
2454 1220 2508 1250 est

1448 1266 1552 1314 quod
1586 1278 1631 1302 ex
1667 1266 1887 1302 necessitate
1907 1266 2062 1303 reducat
2080 1266 2118 1303 in
2146 1274 2272 1303 actum
2300 1266 2507 1316 potentiam

1447 1318 1640 1368 passivam
1662 1320 1681 1340 '¹‘
1710 1319 1848 1356 eodem
1876 1319 2007 1356 modo.

1507 1385 1564 1409 10.
1595 1373 1681 1409 Hoc
1708 1372 1818 1420 igitur
1852 1372 2008 1421 quidam
2036 1372 2269 1409 attendentes
2301 1380 2509 1421 posuerunt

1448 1425 1553 1474 quod
1580 1426 1768 1474 potentia,
1798 1438 1895 1474 quae
1926 1433 1981 1462 est
2007 1425 2046 1462 in
2074 1425 2162 1474 ipsis
2191 1426 2304 1462 rebus
2337 1426 2508 1462 naturali-

1448 1480 1530 1526 bus,
1552 1479 1704 1516 sortitur
1731 1479 1993 1516 necessitatem
2023 1491 2068 1515 ex
2096 1479 2221 1528 aliqua
2249 1491 2362 1516 causa
2391 1479 2509 1515 deter-

1448 1533 1622 1569 minata*
1636 1533 1684 1569 ad
1699 1545 1820 1569 unum
1841 1545 1956 1581 quam
1978 1532 2150 1570 dixerunt
2164 1534 2309 1581 fatum.
2331 1533 2509 1579 Quorum

1449 1586 1564 1623 Stoici
1582 1594 1792 1635 posuerunt
1819 1586 1938 1623 fatum
1958 1586 1996 1623 in
2016 1586 2183 1635 quadam
2212 1586 2319 1633 serie,
2335 1598 2403 1622 seu
2423 1597 2510 1622 con-

1447 1639 1639 1676 nexione*
1659 1652 1871 1686 causarum,
1884 1647 2140 1688 supponentes
2156 1640 2260 1688 quod
2276 1651 2390 1675 omne
2406 1639 2510 1687 quod

1447 1693 1486 1729 in
1513 1693 1588 1729 hoc
1616 1693 1762 1730 mundo
1783 1693 1917 1730 accidit
1940 1694 2055 1730 habet
2083 1706 2236 1730 causam
2251 1693 2291 1739 *3
2313 1705 2426 1729 631153
2445 1705 2509 1729 au-

1446 1754 1525 1783 tem
1552 1746 1686 1795 posita,
1707 1758 1861 1783 necesse
1887 1754 1941 1783 est
1961 1746 2138 1783 effectum
2166 1746 2268 1795 poni.
2296 1746 2345 1782 Et
2377 1745 2407 1782 si
2434 1758 2511 1782 una

1448 1812 1562 1836 causa
1588 1812 1657 1848 per
1685 1812 1724 1835 se
1753 1812 1831 1836 non
1859 1800 2007 1846 sufficit,
2028 1800 2167 1836 multae
2197 1812 2332 1836 causae
2361 1799 2409 1836 ad
2436 1800 2511 1836 hoc

1449 1860 1715 1889 concurrentes
1735 1853 1923 1902 accipiunt
1942 1853 2127 1890 rationem
2146 1853 2258 1890 unius
2279 1865 2414 1889 causae
2435 1853 2509 1889 suf-

1447 1906 1623 1952 ficienti53
1646 1913 1682 1942 et
1708 1906 1758 1942 ita
1787 1906 2062 1943 concludebant
2090 1906 2194 1955 quod
2222 1906 2351 1943 omnia
2379 1918 2424 1942 ex
2446 1919 2510 1943 ne-

1449 1959 1618 1996 cessitate
1648 1960 1838 1997 eveniunt.

1450 2151 1464 2165 »
1480 2142 1558 2168 11οά18
1573 2151 1632 2168 8338
1645 2143 1775 2169 Theocriti
1791 2144 1910 2169 Bucolica
1924 2145 2092 2175 relecturum,
2112 2143 2161 2169 hoc
2176 2144 2197 2169 si
2218 2143 2279 2169 nihil
2295 2149 2364 2169 extra
2378 2144 2511 2177 prohibeat

1451 2188 1464 2200 ι
1480 2184 1605 2211 quantum
1619 2179 1645 2204 in
1656 2187 1685 2204 se
1694 2185 1733 2204 est
1747 2184 1833 2212 potest
1841 2180 1964 2204 veraciter
1973 2180 2119 2212 praedicari.
2134 2180 2234 2204 Eodem
2251 2185 2336 2204 autem
2351 2180 2429 2204 modo
2444 2180 2512 2205 idem

1451 2223 1464 2236 »
1480 2214 1537 2247 ipse
1547 2214 1621 2239 Philo
1636 2215 1809 2239 necessatium
1820 2223 1878 2239 8558
1891 2214 1985 2245 definit,
1996 2215 2066 2248 quod
2081 2223 2140 2239 cum
2153 2223 2244 2240 verum
2254 2215 2294 2245 sit,
2309 2221 2434 2248 quantum
2443 2215 2468 2239 in
2484 2223 2513 2240 se

1451 2259 1463 2271 »
1480 2255 1526 2279 est,
1537 2258 1670 2282 nunquam
1681 2250 1764 2282 possit
1777 2250 1952 2283 susceptivum
1963 2258 2021 2275 esse
2031 2250 2168 2281 mendacii;
2180 2259 2231 2275 non
2242 2251 2416 2275 necessarium
2426 2256 2511 2275 autem

1451 2294 1463 2307 ι
1480 2285 1548 2310 idem
1564 2293 1622 2310 esse
1633 2285 1791 2316 determinat,
1806 2286 1883 2318 quod,
1894 2290 2020 2318 quantum
2033 2285 2059 2310 in
2074 2293 2103 2310 se
2117 2291 2164 2316 est,
2179 2286 2261 2318 possit
2273 2286 2404 2318 suscipere
2418 2286 2512 2311 salsita-

1451 2330 1463 2342 »
1479 2325 1540 2345 tem.
1556 2321 1719 2353 Impossibile
1737 2328 1799 2345 vero
1818 2321 1960 2346 secundum
1979 2321 2110 2354 propriam
2128 2327 2253 2352 naturam,
2278 2330 2411 2354 nunquam
2430 2322 2512 2354 possit

1450 2364 1464 2378 »
1480 2356 1611 2388 suscipere
1629 2356 1770 2380 veritatem.
1790 2357 1860 2381 Idem
1874 2361 1961 2381 tamen
1976 2356 2031 2388 ipse
2045 2362 2070 2381 et
2084 2357 2234 2389 contingens
2249 2362 2274 2381 et
2291 2357 2416 2389 possibile
2429 2365 2510 2381 unum

1450 2401 1463 2414 »
1479 2399 1538 2416 8358
1558 2390 1692 2416 confirmat
1708 2402 1720 2414 ι
1737 2390 1800 2425 (Op.
1815 2397 1839 2416 et
1855 2392 1903 2416 loc.
1914 2392 1954 2416 cit.
1969 2399 2027 2424 pag.
2040 2392 2110 2426 373).
2126 2393 2188 2417 Vult
2206 2397 2292 2417 autem
2305 2392 2430 2417 Boethius
2452 2400 2510 2417 sen-

1447 2427 1552 2451 tentiam
1573 2426 1688 2451 Philonis
1713 2427 1888 2458 Larissensis,
1908 2427 2026 2460 quamvis
2048 2428 2134 2452 verbis
2154 2428 2292 2460 discrepet,
2317 2435 2406 2452 revera
2425 2433 2512 2452 tamen

1448 2469 1507 2486 cum
1527 2461 1631 2486 Diodori
1651 2462 1775 2487 sententia
1789 2462 1938 2487 convenire:
1950 2471 1963 2486 α
1976 2463 2020 2487 1118
2035 2463 2102 2487 8111111
2119 2463 2288 2495 (Diodorus)
2308 2463 2442 2487 arbitratus
2459 2468 2511 2493 est,

1450 2507 1462 2520 »
1479 2497 1576 2530 inquit,
1598 2497 1619 2521 si
1639 2497 1698 2530 quis
1713 2497 1738 2521 in
1753 2498 1817 2522 mari
1832 2503 1983 2528 moreretur,
2002 2506 2062 2523 eum
2076 2498 2102 2522 in
2116 2503 2183 2523 terra
2197 2504 2308 2523 mortem
2332 2506 2383 2523 non
2398 2498 2513 2531 potuisse

1450 2543 1462 2555 »
1479 2533 1622 2565 suscipere:
1642 2533 1711 2565 quod
1726 2540 1810 2565 neque
1825 2533 1913 2563 Philo,
1928 2541 2013 2566 neque
2027 2533 2103 2558 Stoici
2118 2534 2212 2559 dicunt.
2230 2534 2282 2558 Sed
2303 2542 2450 2567 quanquam
2464 2534 2512 2558 ista

1450 2578 1462 2590 »
1479 2576 1531 2592 non
1546 2568 1641 2598 dicant,
1654 2573 1741 2592 tamen
1759 2568 1781 2592 si
1799 2576 1878 2593 unam
1897 2574 1996 2601 partem
2012 2569 2215 2594 contradictionis
2239 2575 2331 2594 eventu
2355 2569 2512 2594 necessitatis

1450 2613 1462 2626 ι
1479 2603 1625 2633 metiuntur,
1645 2603 1714 2628 idem
1730 2611 1790 2628 cum
1803 2604 1917 2628 Diodoro
1937 2604 2031 2629 sentire
2052 2610 2177 2637 coguntur
2192 2614 2206 2628 »
2224 2604 2275 2639 (lb.
2286 2613 2344 2638 pag.
2360 2604 2431 2638 374).
2454 2605 2512 2635 Quo

1448 2644 1534 2663 autem
1555 2644 1630 2671 pacto
1648 2638 1712 2663 haec
1732 2639 1847 2663 Philonis
1872 2639 1997 2664 sententia
2011 2640 2144 2665 conveniat
2168 2649 2227 2665 cum
2246 2641 2370 2665 sententia
2393 2641 2511 2670 Diodori,

1449 2674 1493 2706 qui
1516 2673 1696 2698 necessitatem
1715 2674 1746 2698 ab
1762 2679 1855 2699 eventu
1873 2674 2032 2706 metiebatur,
2046 2680 2076 2700 ut
2094 2675 2189 2700 dictum
2213 2681 2253 2701 est
2276 2676 2301 2700 in
2320 2681 2371 2700 not.
2392 2684 2422 2709 μ,
2443 2676 2512 2700 haud

1448 2710 1509 2734 satis
1524 2714 1637 2742 apparet.
1652 2709 1768 2740 Etenim,
1783 2710 1898 2734 sistendo
1915 2710 1941 2734 in
1961 2710 2076 2735 Philonis
2094 2711 2180 2736 verbis
2194 2719 2208 2736 a
2222 2711 2330 2736 Boethio
2349 2711 2437 2741 citatis,
2451 2719 2511 2744 pos-

1449 2745 1523 2769 sibile
1537 2745 1610 2769 Philo
1629 2745 1690 2769 dixit
1715 2745 1785 2778 quod
1805 2749 1933 2778 quantum
1953 2746 1979 2770 in
2002 2753 2030 2771 se
2054 2750 2093 2771 est
2111 2752 2196 2779 potest
2214 2747 2336 2771 veraciter
2358 2747 2496 2779 praedicari
2503 2755 2510 2778 ;

1449 2785 1474 2804 at
1498 2785 1584 2812 potest
1603 2780 1679 2804 etiam
1694 2780 1811 2812 impediri
1831 2781 1970 2813 quominus
1992 2782 2115 2806 veraciter
2138 2782 2171 2806 de
2189 2782 2256 2806 facto
2274 2782 2432 2814 praedicetur
2454 2780 2510 2815 (ut,

1448 2816 1475 2840 in
1494 2816 1612 2848 exemplo
1631 2816 1664 2840 de
1682 2815 1791 2841 lectione
1813 2817 2000 2846 Bucolicorum,
2015 2817 2036 2841 si
2055 2817 2152 2849 aliquid
2173 2822 2241 2842 extra
2265 2816 2418 2850 prohibeat).
2442 2817 2511 2849 Ergo

1449 2851 1581 2884 possibile,
1601 2851 1633 2875 de
1651 2859 1704 2883 quo
1723 2851 1836 2884 loquitur
1858 2851 1932 2876 Philo
1952 2852 2037 2876 dicens
2057 2853 2118 2876 illud
2137 2860 2195 2877 esse
2214 2853 2281 2877 idem
2305 2861 2333 2877 36
2352 2852 2510 2884 contingens,

1449 2891 1535 2919 potest
1551 2885 1614 2917 fieri,
1634 2890 1761 2918 quantum
1787 2887 1813 2911 in
1837 2894 1865 2912 se
1889 2891 1935 2916 est,
1956 2893 1981 2911 et
1999 2892 2100 2919 potest,
2115 2891 2242 2919 quantum
2257 2888 2283 2912 in
2307 2895 2335 2912 se
2359 2891 2414 2916 est,
2434 2888 2509 2912 etiam

1449 2929 1502 2946 non
1520 2921 1587 2951 fieri;
1607 2922 1677 2954 quod
1696 2922 1765 2947 idem
1785 2927 1824 2946 est
1842 2930 1870 2947 ac
1889 2923 1973 2947 dicere
1993 2923 2063 2955 quod
2088 2923 2212 2955 possibile
2231 2926 2358 2955 quantum
2380 2923 2406 2947 in
2426 2930 2453 2947 se
2471 2927 2511 2948 est

1449 2957 1481 2981 ad
1500 2962 1621 2981 neutrum
1635 2962 1674 2981 est
1688 2957 1892 2982 determinatum.
1908 2958 1984 2988 Quod
1998 2958 2108 2990 ipsemet
2120 2958 2202 2990 magis
2221 2963 2308 2991 aperte
2323 2959 2433 2982 declarat
2451 2966 2509 2982 cum

1449 2992 1483 3016 ait
1501 2999 1552 3017 non
1573 2993 1747 3017 necessarium
1773 3001 1831 3017 esse
1849 2993 1875 3017 id
1894 2993 1964 3025 quod
1988 2998 2112 3025 quantum
2132 2994 2158 3017 in
2176 3001 2205 3018 se
2223 2998 2262 3018 est
2280 2998 2366 3026 potest
2379 2993 2510 3026 suscipere

1450 3027 1586 3054 falsitatem
1597 3046 1604 3058 ,
1623 3035 1719 3060 nempe
1738 3033 1823 3061 potest
1841 3036 1900 3052 esse
1918 3034 1944 3052 et
1962 3036 2013 3052 non
2038 3036 2104 3053 esse.
2125 3029 2196 3053 ldem
2220 3034 2290 3061 patet
2308 3037 2337 3053 ex
2362 3029 2510 3053 notionibus

1450 3063 1586 3087 necessarii
1615 3068 1640 3087 et
1651 3060 1834 3096 impossibilis.
1857 3064 2036 3088 Necessarium
2065 3069 2104 3088 est
2128 3065 2198 3096 quod
2226 3069 2351 3096 quantum
2369 3064 2395 3088 in
2419 3072 2448 3088 se
2471 3070 2511 3089 est

1450 3106 1594 3130 numquam
1607 3103 1694 3130 potest
1705 3099 1882 3131 susceptivum
1895 3106 1954 3123 esse
1966 3099 2098 3129 mendacii,
2118 3107 2213 3131 nempe
2227 3100 2296 3132 quod
2315 3099 2340 3123 in
2355 3107 2402 3123 sua
2420 3104 2510 3124 natura

1450 3133 1648 3158 determinatum
1666 3139 1706 3158 est
1723 3135 1810 3158 solum
1829 3134 1860 3158 ad
1879 3141 1937 3159 esse
1943 3143 1950 3165 ;
1965 3134 2126 3166 impossibile
2144 3140 2183 3159 est
2201 3135 2271 3167 quod
2284 3135 2425 3159 secundum
2450 3142 2510 3167 pro-

1450 3169 1532 3201 priam
1551 3173 1668 3193 naturam
1687 3177 1821 3202 nunquam
1840 3174 1925 3201 potest
1943 3170 2074 3202 suscipere
2091 3170 2232 3201 veritatem,
2252 3170 2370 3194 videlicet
2382 3171 2453 3203 quod
2471 3175 2511 3194 est

1451 3204 1648 3228 determinatum
1667 3204 1752 3228 solum
1771 3205 1803 3228 ad
1822 3212 1873 3228 non
1892 3212 1959 3229 esse.
1974 3205 2043 3237 Ergo
2062 3210 2130 3229 recte
2149 3213 2170 3229 s.
2185 3205 2300 3229 Thomas
2320 3205 2354 3229 ait
2372 3205 2442 3237 quod
2461 3205 2511 3230 hoc

1450 3239 1521 3271 quod
1538 3238 1662 3263 Boethius
1677 3239 1790 3264 attribuit
1805 3239 1905 3264 Philoni
1919 3245 1958 3264 est
1970 3240 2105 3265 manifeste
2123 3241 2247 3265 sententia
2259 3241 2404 3265 Aristotelis
2416 3241 2442 3264 in
2460 3240 2511 3264 hoc

1451 3274 1516 3303 loco,
1526 3274 1576 3304 vel,
1590 3274 1615 3298 in
1627 3274 1677 3298 hoc
1689 3274 1764 3303 libro,
1774 3279 1803 3298 ut
1815 3274 1893 3299 habet
1907 3275 1963 3299 cod.
1975 3276 2006 3300 A.
2016 3289 2027 3293 -
2037 3276 2190 3300 Addendum
2201 3277 2278 3308 quod,
2289 3276 2355 3300 iuxta
2365 3275 2511 3299 Boethium:

1452 3319 1464 3331 »
1480 3308 1661 3333 Universaliter
1671 3309 1755 3334 dicere
1769 3315 1821 3339 est,
1832 3318 2001 3342 quaecunque
2015 3319 2100 3343 neque
2113 3319 2217 3343 semper
2230 3316 2297 3340 sunt,
2309 3318 2392 3343 neque
2407 3318 2512 3343 semper

1452 3354 1465 3366 2
1481 3351 1533 3368 non
1543 3349 1609 3374 sunt,
1621 3345 1667 3368 sed
1679 3344 1813 3377 aliquoties
1827 3350 1894 3375 sunt,
1905 3345 2039 3377 aliquoties
2049 3354 2101 3370 non
2111 3351 2178 3376 sunt,
2188 3354 2218 3370 ea
2228 3354 2274 3378 per
2283 3346 2332 3370 hoc
2345 3346 2430 3378 ipsum
2441 3346 2511 3378 quod

1454 3389 1466 3401 »
1483 3384 1542 3403 sunt
1560 3384 1585 3403 et
1603 3387 1655 3403 non
1670 3384 1743 3409 sunt,
1758 3379 1852 3404 habent
1867 3380 1979 3412 aliquam
1999 3381 2032 3405 ad
2046 3381 2169 3406 contraria
2184 3381 2369 3413 cognationem.
2382 3381 2452 3411 Haec
2466 3389 2511 3405 au-

1453 3422 1467 3437 »
1482 3419 1535 3438 tem
1554 3413 1753 3446 impossibilium
1777 3419 1802 3439 et
1826 3415 2029 3440 necessariorum
2057 3416 2140 3440 media
2163 3421 2230 3440 sunt.
2255 3415 2417 3448 Impossibile
2442 3415 2511 3440 enim

1454 3459 1466 3472 2»
1483 3457 1615 3481 nunquam
1643 3456 1702 3474 esse
1733 3454 1832 3481 potest;
1851 3450 2024 3474 necessarium
2049 3459 2181 3483 nunquam
2200 3459 2251 3475 non
2276 3458 2346 3481 esse;
2366 3451 2431 3475 inter
2448 3450 2512 3475 haec

1454 3494 1466 3506 »
1483 3484 1586 3516 propria
1605 3485 1766 3516 quorundam
1785 3489 1874 3509 natura
1893 3490 1945 3515 est,
1965 3493 2031 3518 quae
2055 3485 2149 3510 horum
2167 3491 2335 3519 utrorumque
2358 3486 2391 3511 sit
2414 3486 2511 3516 media,

1454 3529 1466 3541 »
1483 3527 1549 3551 quae
1563 3524 1589 3543 et
1602 3527 1660 3543 esse
1675 3519 1769 3544 scilicet
1784 3520 1866 3552 possit
1880 3525 1905 3544 et
1919 3528 1970 3544 non
1985 3528 2051 3545 esse.
2070 3521 2139 3553 Ergo
2152 3521 2202 3546 1106
2217 3529 2284 3546 1111116
2298 3521 2357 3546 611611
2370 3521 2511 3554 (Aristote-

1455 3564 1467 3576 ›
1483 3555 1520 3578 les
1535 3555 1654 3586 nempe).·
1669 3555 1798 3583 Videmus,
1814 3555 1903 3588 inquit,
1914 3555 1941 3579 in
1954 3555 1995 3580 his
2009 3560 2056 3580 etc.
2066 3554 2134 3589 »(1b.
2145 3564 2202 3589 pag.
2215 3555 2286 3590 374).
2300 3557 2370 3581 Haec
2384 3564 2455 3589 ergo,
2470 3564 2511 3581 ex-

1452 3594 1564 3621 ponente
1582 3589 1698 3621 Boethio,
1714 3595 1754 3614 est
1771 3590 1858 3622 opinio
1872 3590 2015 3615 Aristotelis
2030 3591 2070 3615 cui
2085 3591 2207 3616 Boethius
2226 3592 2371 3623 subscribit,
2385 3592 2432 3617 sed
2446 3599 2513 3624 quae

1453 3629 1492 3649 est
1511 3625 1586 3649 etiam
1605 3624 1692 3658 opinio
1711 3625 1825 3650 Philonis
1844 3633 1922 3658 supra
1940 3626 2051 3651 recitata.
2431 3635 2435 3638 ·

2536 1222 2545 1230 '
2555 1227 2581 1247 Βς
2597 1227 2642 1242 non
2653 1224 2743 1248 posset.

2536 1332 2545 1340 ·
2574 1336 2633 1362 tute:
2660 1331 2749 1352 scilicet

2533 1363 2663 1384 passivam.

2538 1545 2547 1552 '¹
2558 1548 2571 1564 e
2581 1542 2665 1564 verius:
2677 1543 2751 1564 deter-

2538 1570 2648 1590 minante.

2539 1599 2619 1620 Stoici.

2539 1648 2547 1656 ·
2559 1647 2646 1668 Codd.-
2653 1654 2682 1668 a:
2691 1653 2748 1669 com·

2538 1674 2658 1695 mixtione.

2539 1705 2547 1712 ·
2556 1711 2578 1725 ,ιτ
2593 1706 2749 1731 supponentes

2539 1736 2605 1751 omne
2615 1746 2620 1751 .
2629 1746 2634 1751 .
2642 1746 2647 1751 .
2663 1730 2750 1751 habere

2538 1763 2643 1778 causam.
