<?xml version="1.0" encoding="UTF-8"?>
<!DOCTYPE html PUBLIC "-//W3C//DTD XHTML 1.0 Transitional//EN"
    "http://www.w3.org/TR/xhtml1/DTD/xhtml1-transitional.dtd">
<html xmlns="http://www.w3.org/1999/xhtml" xml:lang="en" lang="en">
 <head>
  <title>
</title>
<meta http-equiv="Content-Type" content="text/html;charset=utf-8" />
  <meta name='ocr-system' content='tesseract 3.04.00' />
  <meta name='ocr-capabilities' content='ocr_page ocr_carea ocr_par ocr_line ocrx_word'/>
</head>
<body>
  <div class='ocr_page' id='page_1' title='image "./operaomniaiussui01thom_0314.png"; bbox 0 0 2548 4192; ppageno 0'>
   <div class='ocr_carea' id='block_1_1' title="bbox 217 287 332 312">
    <p class='ocr_par' dir='ltr' id='par_1_1' title="bbox 217 287 332 312">
     <span class='ocr_line' id='line_1_1' title="bbox 217 287 332 312; baseline -0.009 0"><span class='ocrx_word' id='word_1_1' title='bbox 217 287 332 312; x_wconf 91' lang='lat' dir='ltr'>CCXCll</span> 
     </span>
    </p>
   </div>
   <div class='ocr_carea' id='block_1_2' title="bbox 199 355 1291 3701">
    <p class='ocr_par' dir='ltr' id='par_1_2' title="bbox 200 355 1291 1513">
     <span class='ocr_line' id='line_1_2' title="bbox 219 355 1291 396; baseline 0.004 -12"><span class='ocrx_word' id='word_1_2' title='bbox 219 366 233 381; x_wconf 79' lang='lat'><strong>»</strong></span> <span class='ocrx_word' id='word_1_3' title='bbox 254 355 374 385; x_wconf 90' lang='lat' dir='ltr'>ctiones</span> <span class='ocrx_word' id='word_1_4' title='bbox 395 356 607 395; x_wconf 88' lang='lat' dir='ltr'>praeexistunt</span> <span class='ocrx_word' id='word_1_5' title='bbox 623 356 839 396; x_wconf 84' lang='lat' dir='ltr'>exemplariter</span> <span class='ocrx_word' id='word_1_6' title='bbox 862 357 894 387; x_wconf 91' lang='lat' dir='ltr'>in</span> <span class='ocrx_word' id='word_1_7' title='bbox 910 358 991 395; x_wconf 91' lang='lat' dir='ltr'>Deo,</span> <span class='ocrx_word' id='word_1_8' title='bbox 1008 357 1050 387; x_wconf 91' lang='lat' dir='ltr'>ita</span> <span class='ocrx_word' id='word_1_9' title='bbox 1067 357 1211 388; x_wconf 91' lang='lat' dir='ltr'>Christus</span> <span class='ocrx_word' id='word_1_10' title='bbox 1231 357 1291 388; x_wconf 88' lang='lat' dir='ltr'>fuit</span> 
     </span>
     <span class='ocr_line' id='line_1_3' title="bbox 219 400 1288 440; baseline 0.003 -11"><span class='ocrx_word' id='word_1_11' title='bbox 219 411 233 426; x_wconf 84' lang='lat'>»</span> <span class='ocrx_word' id='word_1_12' title='bbox 254 400 412 440; x_wconf 86' lang='lat' dir='ltr'>exemplar</span> <span class='ocrx_word' id='word_1_13' title='bbox 422 401 570 431; x_wconf 89' lang='lat' dir='ltr'>omnium</span> <span class='ocrx_word' id='word_1_14' title='bbox 585 400 763 431; x_wconf 90' lang='lat' dir='ltr'>officiorum</span> <span class='ocrx_word' id='word_1_15' title='bbox 781 401 1073 432; x_wconf 88' lang='lat' dir='ltr'>ecclesiasticorum:</span> <span class='ocrx_word' id='word_1_16' title='bbox 1090 402 1175 432; x_wconf 93' lang='lat' dir='ltr'>unde</span> <span class='ocrx_word' id='word_1_17' title='bbox 1190 412 1288 432; x_wconf 92' lang='lat' dir='ltr'>unus-</span> 
     </span>
     <span class='ocr_line' id='line_1_4' title="bbox 217 444 1289 487; baseline 0.002 -13"><span class='ocrx_word' id='word_1_18' title='bbox 217 455 231 470; x_wconf 72' lang='lat'>»</span> <span class='ocrx_word' id='word_1_19' title='bbox 252 444 389 485; x_wconf 91' lang='lat' dir='ltr'>quisque</span> <span class='ocrx_word' id='word_1_20' title='bbox 400 445 540 475; x_wconf 88' lang='lat' dir='ltr'>minister</span> <span class='ocrx_word' id='word_1_21' title='bbox 554 445 710 475; x_wconf 88' lang='lat' dir='ltr'>Ecclesiae</span> <span class='ocrx_word' id='word_1_22' title='bbox 725 451 880 485; x_wconf 87' lang='lat' dir='ltr'>quantum</span> <span class='ocrx_word' id='word_1_23' title='bbox 891 446 935 475; x_wconf 92' lang='lat' dir='ltr'>ad</span> <span class='ocrx_word' id='word_1_24' title='bbox 944 446 1067 486; x_wconf 85' lang='lat' dir='ltr'>aliquid</span> <span class='ocrx_word' id='word_1_25' title='bbox 1081 446 1159 485; x_wconf 88' lang='lat' dir='ltr'>gerit</span> <span class='ocrx_word' id='word_1_26' title='bbox 1174 453 1289 487; x_wconf 89' lang='lat' dir='ltr'>typum</span> 
     </span>
     <span class='ocr_line' id='line_1_5' title="bbox 218 488 1287 530; baseline 0.003 -12"><span class='ocrx_word' id='word_1_27' title='bbox 218 500 231 514; x_wconf 70' lang='lat'>&gt;-</span> <span class='ocrx_word' id='word_1_28' title='bbox 253 488 403 519; x_wconf 86' lang='lat' dir='ltr'>Christi...</span> <span class='ocrx_word' id='word_1_29' title='bbox 429 496 459 519; x_wconf 92' lang='lat' dir='ltr'>et</span> <span class='ocrx_word' id='word_1_30' title='bbox 482 497 587 520; x_wconf 86' lang='lat' dir='ltr'>tamen</span> <span class='ocrx_word' id='word_1_31' title='bbox 611 490 663 519; x_wconf 90' lang='lat' dir='ltr'>ille</span> <span class='ocrx_word' id='word_1_32' title='bbox 680 496 726 519; x_wconf 93' lang='lat' dir='ltr'>est</span> <span class='ocrx_word' id='word_1_33' title='bbox 741 491 890 529; x_wconf 84' lang='lat' dir='ltr'>superior</span> <span class='ocrx_word' id='word_1_34' title='bbox 906 490 960 530; x_wconf 91' lang='lat' dir='ltr'>qui</span> <span class='ocrx_word' id='word_1_35' title='bbox 985 491 1163 520; x_wconf 90' lang='lat' dir='ltr'>secundum</span> <span class='ocrx_word' id='word_1_36' title='bbox 1186 491 1287 521; x_wconf 88' lang='lat' dir='ltr'>maio-</span> 
     </span>
     <span class='ocr_line' id='line_1_6' title="bbox 218 533 1287 574; baseline 0.005 -13"><span class='ocrx_word' id='word_1_37' title='bbox 218 545 232 560; x_wconf 77' lang='lat'><strong>»</strong></span> <span class='ocrx_word' id='word_1_38' title='bbox 252 543 319 563; x_wconf 91' lang='lat' dir='ltr'>rem</span> <span class='ocrx_word' id='word_1_39' title='bbox 343 533 568 573; x_wconf 82' lang='lat' dir='ltr'>perfectionem</span> <span class='ocrx_word' id='word_1_40' title='bbox 593 533 756 564; x_wconf 86' lang='lat' dir='ltr'>Christum</span> <span class='ocrx_word' id='word_1_41' title='bbox 771 541 991 574; x_wconf 89' lang='lat' dir='ltr'>repraesentat.</span> <span class='ocrx_word' id='word_1_42' title='bbox 1007 534 1166 565; x_wconf 85' lang='lat' dir='ltr'>Sacerdos</span> <span class='ocrx_word' id='word_1_43' title='bbox 1180 542 1287 566; x_wconf 91' lang='lat' dir='ltr'>autem</span> 
     </span>
     <span class='ocr_line' id='line_1_7' title="bbox 218 578 1287 620; baseline 0.003 -13"><span class='ocrx_word' id='word_1_44' title='bbox 218 589 232 603; x_wconf 70' lang='lat'>³·</span> <span class='ocrx_word' id='word_1_45' title='bbox 252 584 461 617; x_wconf 89' lang='lat' dir='ltr'>repraesentat</span> <span class='ocrx_word' id='word_1_46' title='bbox 485 578 647 608; x_wconf 90' lang='lat' dir='ltr'>Christum</span> <span class='ocrx_word' id='word_1_47' title='bbox 671 578 703 607; x_wconf 90' lang='lat' dir='ltr'>in</span> <span class='ocrx_word' id='word_1_48' title='bbox 727 579 800 615; x_wconf 93' lang='lat' dir='ltr'>hoc,</span> <span class='ocrx_word' id='word_1_49' title='bbox 825 579 914 618; x_wconf 94' lang='lat' dir='ltr'>quod</span> <span class='ocrx_word' id='word_1_50' title='bbox 928 589 984 619; x_wconf 89' lang='lat' dir='ltr'>per</span> <span class='ocrx_word' id='word_1_51' title='bbox 1001 579 1142 619; x_wconf 90' lang='lat' dir='ltr'>seipsum</span> <span class='ocrx_word' id='word_1_52' title='bbox 1156 579 1287 620; x_wconf 87' lang='lat' dir='ltr'>aliquod</span> 
     </span>
     <span class='ocr_line' id='line_1_8' title="bbox 218 622 1285 664; baseline 0.004 -14"><span class='ocrx_word' id='word_1_53' title='bbox 218 634 232 649; x_wconf 68' lang='lat' dir='ltr'>a&gt;</span> <span class='ocrx_word' id='word_1_54' title='bbox 251 622 460 652; x_wconf 87' lang='lat' dir='ltr'>ministerium</span> <span class='ocrx_word' id='word_1_55' title='bbox 484 622 636 662; x_wconf 88' lang='lat' dir='ltr'>implevit:</span> <span class='ocrx_word' id='word_1_56' title='bbox 661 622 716 652; x_wconf 89' lang='lat' dir='ltr'>sed</span> <span class='ocrx_word' id='word_1_57' title='bbox 739 623 917 662; x_wconf 82' lang='lat' dir='ltr'>Episcopus</span> <span class='ocrx_word' id='word_1_58' title='bbox 940 623 973 653; x_wconf 92' lang='lat' dir='ltr'>in</span> <span class='ocrx_word' id='word_1_59' title='bbox 996 624 1069 661; x_wconf 92' lang='lat' dir='ltr'>hoc,</span> <span class='ocrx_word' id='word_1_60' title='bbox 1094 624 1184 664; x_wconf 93' lang='lat' dir='ltr'>quod</span> <span class='ocrx_word' id='word_1_61' title='bbox 1207 624 1285 654; x_wconf 90' lang='lat' dir='ltr'>alios</span> 
     </span>
     <span class='ocr_line' id='line_1_9' title="bbox 217 666 1285 709; baseline 0.004 -14"><span class='ocrx_word' id='word_1_62' title='bbox 217 678 232 693; x_wconf 77' lang='lat'><strong>»</strong></span> <span class='ocrx_word' id='word_1_63' title='bbox 252 666 412 696; x_wconf 90' lang='lat' dir='ltr'>ministros</span> <span class='ocrx_word' id='word_1_64' title='bbox 436 666 570 696; x_wconf 87' lang='lat' dir='ltr'>instituit</span> <span class='ocrx_word' id='word_1_65' title='bbox 594 673 624 696; x_wconf 91' lang='lat' dir='ltr'>et</span> <span class='ocrx_word' id='word_1_66' title='bbox 647 666 821 697; x_wconf 83' lang='lat' dir='ltr'>Ecclesiam</span> <span class='ocrx_word' id='word_1_67' title='bbox 851 667 1002 698; x_wconf 88' lang='lat' dir='ltr'>fundavit.</span> <span class='ocrx_word' id='word_1_68' title='bbox 1030 668 1122 698; x_wconf 89' lang='lat' dir='ltr'>Unde</span> <span class='ocrx_word' id='word_1_69' title='bbox 1146 668 1186 698; x_wconf 92' lang='lat' dir='ltr'>ad</span> <span class='ocrx_word' id='word_1_70' title='bbox 1209 669 1285 709; x_wconf 90' lang='lat' dir='ltr'>Epi-</span> 
     </span>
     <span class='ocr_line' id='line_1_10' title="bbox 217 710 1283 754; baseline 0.004 -15"><span class='ocrx_word' id='word_1_71' title='bbox 217 723 231 737; x_wconf 80' lang='lat'>»</span> <span class='ocrx_word' id='word_1_72' title='bbox 250 720 385 750; x_wconf 88' lang='lat' dir='ltr'>scopum</span> <span class='ocrx_word' id='word_1_73' title='bbox 421 710 555 750; x_wconf 89' lang='lat' dir='ltr'>pertinet</span> <span class='ocrx_word' id='word_1_74' title='bbox 589 711 768 751; x_wconf 90' lang='lat' dir='ltr'>mancipare</span> <span class='ocrx_word' id='word_1_75' title='bbox 801 711 921 752; x_wconf 89' lang='lat' dir='ltr'>aliquid</span> <span class='ocrx_word' id='word_1_76' title='bbox 958 712 1071 742; x_wconf 93' lang='lat' dir='ltr'>divinis</span> <span class='ocrx_word' id='word_1_77' title='bbox 1105 713 1283 754; x_wconf 86' lang='lat' dir='ltr'>obsequiis,</span> 
     </span>
     <span class='ocr_line' id='line_1_11' title="bbox 217 755 1282 795; baseline 0.006 -12"><span class='ocrx_word' id='word_1_78' title='bbox 217 767 230 781; x_wconf 89' lang='grc'><strong>»</strong></span> <span class='ocrx_word' id='word_1_79' title='bbox 251 755 340 795; x_wconf 82' lang='lat' dir='ltr'>quasi</span> <span class='ocrx_word' id='word_1_80' title='bbox 364 755 487 785; x_wconf 91' lang='lat' dir='ltr'>cultum</span> <span class='ocrx_word' id='word_1_81' title='bbox 511 755 655 785; x_wconf 89' lang='lat' dir='ltr'>divinum</span> <span class='ocrx_word' id='word_1_82' title='bbox 678 756 717 786; x_wconf 91' lang='lat' dir='ltr'>ad</span> <span class='ocrx_word' id='word_1_83' title='bbox 735 755 976 786; x_wconf 90' lang='lat' dir='ltr'>similitudinem</span> <span class='ocrx_word' id='word_1_84' title='bbox 993 757 1109 788; x_wconf 83' lang='lat' dir='ltr'>Christi</span> <span class='ocrx_word' id='word_1_85' title='bbox 1127 764 1282 789; x_wconf 82' lang='lat' dir='ltr'>statuens:</span> 
     </span>
     <span class='ocr_line' id='line_1_12' title="bbox 215 799 1284 841; baseline 0.005 -13"><span class='ocrx_word' id='word_1_86' title='bbox 215 811 230 826; x_wconf 66' lang='lat' dir='ltr'>&gt;v</span> <span class='ocrx_word' id='word_1_87' title='bbox 251 806 281 829; x_wconf 93' lang='lat' dir='ltr'>et</span> <span class='ocrx_word' id='word_1_88' title='bbox 303 809 359 839; x_wconf 89' lang='lat' dir='ltr'>per</span> <span class='ocrx_word' id='word_1_89' title='bbox 381 799 442 829; x_wconf 93' lang='lat' dir='ltr'>hoc</span> <span class='ocrx_word' id='word_1_90' title='bbox 466 799 561 829; x_wconf 88' lang='lat' dir='ltr'>etiam</span> <span class='ocrx_word' id='word_1_91' title='bbox 585 800 764 841; x_wconf 90' lang='lat' dir='ltr'>Episcopus</span> <span class='ocrx_word' id='word_1_92' title='bbox 784 801 958 841; x_wconf 88' lang='lat' dir='ltr'>specialiter</span> <span class='ocrx_word' id='word_1_93' title='bbox 972 812 1110 841; x_wconf 91' lang='lat' dir='ltr'>sponsus</span> <span class='ocrx_word' id='word_1_94' title='bbox 1125 803 1284 834; x_wconf 86' lang='lat' dir='ltr'>Ecclesiae</span> 
     </span>
     <span class='ocr_line' id='line_1_13' title="bbox 215 843 1283 888; baseline 0.006 -16"><span class='ocrx_word' id='word_1_95' title='bbox 215 856 229 870; x_wconf 63' lang='grc' dir='ltr'>ιι</span> <span class='ocrx_word' id='word_1_96' title='bbox 250 843 372 880; x_wconf 85' lang='lat' dir='ltr'>dicitur,</span> <span class='ocrx_word' id='word_1_97' title='bbox 397 843 478 874; x_wconf 90' lang='lat' dir='ltr'>sicut</span> <span class='ocrx_word' id='word_1_98' title='bbox 501 844 655 875; x_wconf 90' lang='lat' dir='ltr'>Christus.</span> <span class='ocrx_word' id='word_1_99' title='bbox 677 858 691 873; x_wconf 66' lang='lat'>³&gt;</span> <span class='ocrx_word' id='word_1_100' title='bbox 718 847 814 876; x_wconf 92' lang='lat' dir='ltr'>Hunc</span> <span class='ocrx_word' id='word_1_101' title='bbox 838 846 1030 886; x_wconf 84' lang='lat' dir='ltr'>peculiarem</span> <span class='ocrx_word' id='word_1_102' title='bbox 1046 848 1283 888; x_wconf 88' lang='lat' dir='ltr'>Episcoporum</span> 
     </span>
     <span class='ocr_line' id='line_1_14' title="bbox 212 888 1283 932; baseline 0.006 -15"><span class='ocrx_word' id='word_1_103' title='bbox 212 888 377 926; x_wconf 87' lang='lat' dir='ltr'>Ordinem,</span> <span class='ocrx_word' id='word_1_104' title='bbox 402 898 499 928; x_wconf 92' lang='lat' dir='ltr'>quem</span> <span class='ocrx_word' id='word_1_105' title='bbox 523 899 648 930; x_wconf 89' lang='lat' dir='ltr'>semper</span> <span class='ocrx_word' id='word_1_106' title='bbox 670 890 810 921; x_wconf 89' lang='lat' dir='ltr'>Ecclesia</span> <span class='ocrx_word' id='word_1_107' title='bbox 833 890 998 921; x_wconf 85' lang='lat' dir='ltr'>Catholica</span> <span class='ocrx_word' id='word_1_108' title='bbox 1019 893 1159 932; x_wconf 90' lang='lat' dir='ltr'>professa</span> <span class='ocrx_word' id='word_1_109' title='bbox 1179 899 1225 923; x_wconf 90' lang='lat' dir='ltr'>est</span> <span class='ocrx_word' id='word_1_110' title='bbox 1243 894 1283 923; x_wconf 88' lang='lat' dir='ltr'>ad</span> 
     </span>
     <span class='ocr_line' id='line_1_15' title="bbox 210 932 1282 977; baseline 0.007 -16"><span class='ocrx_word' id='word_1_111' title='bbox 210 932 443 962; x_wconf 87' lang='lat' dir='ltr'>institutionem</span> <span class='ocrx_word' id='word_1_112' title='bbox 473 934 613 964; x_wconf 89' lang='lat' dir='ltr'>divinam</span> <span class='ocrx_word' id='word_1_113' title='bbox 636 935 806 975; x_wconf 89' lang='lat' dir='ltr'>pertinere,</span> <span class='ocrx_word' id='word_1_114' title='bbox 838 935 959 975; x_wconf 86' lang='lat' dir='ltr'>egregie</span> <span class='ocrx_word' id='word_1_115' title='bbox 982 936 1120 968; x_wconf 89' lang='lat' dir='ltr'>vindicat</span> <span class='ocrx_word' id='word_1_116' title='bbox 1142 938 1282 977; x_wconf 87' lang='lat' dir='ltr'>Epipha-</span> 
     </span>
     <span class='ocr_line' id='line_1_16' title="bbox 210 977 1280 1021; baseline 0.007 -15"><span class='ocrx_word' id='word_1_117' title='bbox 210 977 282 1007; x_wconf 93' lang='lat' dir='ltr'>nius</span> <span class='ocrx_word' id='word_1_118' title='bbox 307 977 455 1008; x_wconf 88' lang='lat' dir='ltr'>adversus</span> <span class='ocrx_word' id='word_1_119' title='bbox 479 979 612 1010; x_wconf 90' lang='lat' dir='ltr'>Aerium</span> <span class='ocrx_word' id='word_1_120' title='bbox 641 980 726 1010; x_wconf 84' lang='lat' dir='ltr'>haer.</span> <span class='ocrx_word' id='word_1_121' title='bbox 747 991 843 1018; x_wconf 77' lang='lat' dir='ltr'>Lxxv,</span> <span class='ocrx_word' id='word_1_122' title='bbox 870 990 959 1011; x_wconf 89' lang='lat' dir='ltr'>num.</span> <span class='ocrx_word' id='word_1_123' title='bbox 977 989 1013 1020; x_wconf 84' lang='lat'>4:</span> <span class='ocrx_word' id='word_1_124' title='bbox 1045 983 1157 1012; x_wconf 91' lang='lat' dir='ltr'>Totum</span> <span class='ocrx_word' id='word_1_125' title='bbox 1182 983 1280 1021; x_wconf 92' lang='lat' dir='ltr'>illud,</span> 
     </span>
     <span class='ocr_line' id='line_1_17' title="bbox 209 1022 1282 1068; baseline 0.007 -18"><span class='ocrx_word' id='word_1_126' title='bbox 209 1022 371 1062; x_wconf 79' lang='lat' dir='ltr'>inquienS,</span> <span class='ocrx_word' id='word_1_127' title='bbox 400 1023 584 1055; x_wconf 83' lang='lat' dir='ltr'>stoliditatis</span> <span class='ocrx_word' id='word_1_128' title='bbox 622 1035 690 1056; x_wconf 88' lang='lat' dir='ltr'>esse</span> <span class='ocrx_word' id='word_1_129' title='bbox 712 1026 936 1066; x_wconf 87' lang='lat' dir='ltr'>plenissimum</span> <span class='ocrx_word' id='word_1_130' title='bbox 971 1027 1119 1066; x_wconf 83' lang='lat' dir='ltr'>prudens</span> <span class='ocrx_word' id='word_1_131' title='bbox 1149 1029 1282 1068; x_wconf 87' lang='lat' dir='ltr'>quisque</span> 
     </span>
     <span class='ocr_line' id='line_1_18' title="bbox 200 1066 1280 1113; baseline 0.007 -18"><span class='ocrx_word' id='word_1_132' title='bbox 200 1066 307 1106; x_wconf 88' lang='lat' dir='ltr'>facile</span> <span class='ocrx_word' id='word_1_133' title='bbox 329 1069 524 1108; x_wconf 82' lang='lat' dir='ltr'>perspiciet:</span> <span class='ocrx_word' id='word_1_134' title='bbox 555 1070 641 1100; x_wconf 81' lang='lat' dir='ltr'>velut</span> <span class='ocrx_word' id='word_1_135' title='bbox 671 1081 742 1102; x_wconf 89' lang='lat' dir='ltr'>cum</span> <span class='ocrx_word' id='word_1_136' title='bbox 774 1070 966 1111; x_wconf 85' lang='lat' dir='ltr'>Episcopum</span> <span class='ocrx_word' id='word_1_137' title='bbox 991 1081 1031 1102; x_wconf 89' lang='lat' dir='ltr'>ac</span> <span class='ocrx_word' id='word_1_138' title='bbox 1051 1073 1280 1113; x_wconf 82' lang='lat' dir='ltr'>presbyterum</span> 
     </span>
     <span class='ocr_line' id='line_1_19' title="bbox 209 1111 1281 1158; baseline 0.007 -18"><span class='ocrx_word' id='word_1_139' title='bbox 209 1111 395 1152; x_wconf 86' lang='lat' dir='ltr'>adaequare</span> <span class='ocrx_word' id='word_1_140' title='bbox 418 1118 564 1145; x_wconf 85' lang='lat' dir='ltr'>conatur.</span> <span class='ocrx_word' id='word_1_141' title='bbox 588 1115 664 1145; x_wconf 91' lang='lat' dir='ltr'>Hoc</span> <span class='ocrx_word' id='word_1_142' title='bbox 680 1117 762 1146; x_wconf 86' lang='lat' dir='ltr'>enim</span> <span class='ocrx_word' id='word_1_143' title='bbox 781 1120 930 1146; x_wconf 81' lang='lat' dir='ltr'>constare</span> <span class='ocrx_word' id='word_1_144' title='bbox 952 1117 1007 1157; x_wconf 87' lang='lat' dir='ltr'>qui</span> <span class='ocrx_word' id='word_1_145' title='bbox 1017 1117 1152 1157; x_wconf 81' lang='lat' dir='ltr'>potest?</span> <span class='ocrx_word' id='word_1_146' title='bbox 1176 1117 1281 1158; x_wconf 85' lang='lat' dir='ltr'>Siqui-</span> 
     </span>
     <span class='ocr_line' id='line_1_20' title="bbox 208 1155 1281 1205; baseline 0.007 -20"><span class='ocrx_word' id='word_1_147' title='bbox 208 1155 278 1185; x_wconf 85' lang='lat' dir='ltr'>dem</span> <span class='ocrx_word' id='word_1_148' title='bbox 303 1156 535 1197; x_wconf 89' lang='lat' dir='ltr'>Episcoporum</span> <span class='ocrx_word' id='word_1_149' title='bbox 556 1158 645 1189; x_wconf 91' lang='lat' dir='ltr'>Ordo</span> <span class='ocrx_word' id='word_1_150' title='bbox 669 1160 712 1191; x_wconf 90' lang='lat' dir='ltr'>ad</span> <span class='ocrx_word' id='word_1_151' title='bbox 734 1160 919 1202; x_wconf 82' lang='lat' dir='ltr'>gignendos</span> <span class='ocrx_word' id='word_1_152' title='bbox 936 1166 1052 1201; x_wconf 87' lang='lat' dir='ltr'>patres</span> <span class='ocrx_word' id='word_1_153' title='bbox 1075 1160 1281 1205; x_wconf 86' lang='lat' dir='ltr'>(sacerdotes)</span> 
     </span>
     <span class='ocr_line' id='line_1_21' title="bbox 202 1202 1281 1245; baseline 0.006 -15"><span class='ocrx_word' id='word_1_154' title='bbox 202 1202 380 1241; x_wconf 84' lang='lat' dir='ltr'>praecipue</span> <span class='ocrx_word' id='word_1_155' title='bbox 405 1203 556 1243; x_wconf 84' lang='lat' dir='ltr'>pertinet.</span> <span class='ocrx_word' id='word_1_156' title='bbox 586 1204 699 1235; x_wconf 90' lang='lat' dir='ltr'>Huius</span> <span class='ocrx_word' id='word_1_157' title='bbox 729 1207 812 1235; x_wconf 87' lang='lat' dir='ltr'>enim</span> <span class='ocrx_word' id='word_1_158' title='bbox 844 1210 891 1235; x_wconf 89' lang='lat' dir='ltr'>est</span> <span class='ocrx_word' id='word_1_159' title='bbox 914 1211 1048 1245; x_wconf 88' lang='lat' dir='ltr'>patrum</span> <span class='ocrx_word' id='word_1_160' title='bbox 1079 1208 1111 1236; x_wconf 91' lang='lat' dir='ltr'>in</span> <span class='ocrx_word' id='word_1_161' title='bbox 1136 1206 1281 1238; x_wconf 89' lang='lat' dir='ltr'>Ecclesia</span> 
     </span>
     <span class='ocr_line' id='line_1_22' title="bbox 202 1246 1280 1293; baseline 0.007 -19"><span class='ocrx_word' id='word_1_162' title='bbox 202 1247 411 1286; x_wconf 82' lang='lat' dir='ltr'>propagatio.</span> <span class='ocrx_word' id='word_1_163' title='bbox 435 1248 528 1279; x_wconf 84' lang='lat' dir='ltr'>Alter</span> <span class='ocrx_word' id='word_1_164' title='bbox 551 1246 731 1291; x_wconf 87' lang='lat' dir='ltr'>(presbyter</span> <span class='ocrx_word' id='word_1_165' title='bbox 755 1260 809 1280; x_wconf 92' lang='lat' dir='ltr'>seu</span> <span class='ocrx_word' id='word_1_166' title='bbox 826 1249 989 1293; x_wconf 88' lang='lat' dir='ltr'>sacerdos)</span> <span class='ocrx_word' id='word_1_167' title='bbox 1006 1261 1076 1281; x_wconf 90' lang='lat' dir='ltr'>cum</span> <span class='ocrx_word' id='word_1_168' title='bbox 1087 1257 1202 1291; x_wconf 85' lang='lat' dir='ltr'>patres</span> <span class='ocrx_word' id='word_1_169' title='bbox 1218 1262 1280 1283; x_wconf 90' lang='lat' dir='ltr'>non</span> 
     </span>
     <span class='ocr_line' id='line_1_23' title="bbox 201 1291 1280 1335; baseline 0.006 -15"><span class='ocrx_word' id='word_1_170' title='bbox 201 1291 316 1330; x_wconf 84' lang='lat' dir='ltr'>possit,</span> <span class='ocrx_word' id='word_1_171' title='bbox 332 1291 426 1332; x_wconf 89' lang='lat' dir='ltr'>filios</span> <span class='ocrx_word' id='word_1_172' title='bbox 449 1292 615 1324; x_wconf 88' lang='lat' dir='ltr'>Ecclesiae</span> <span class='ocrx_word' id='word_1_173' title='bbox 631 1296 890 1335; x_wconf 80' lang='lat' dir='ltr'>regenerationis</span> <span class='ocrx_word' id='word_1_174' title='bbox 906 1295 1024 1325; x_wconf 88' lang='lat' dir='ltr'>lotione</span> <span class='ocrx_word' id='word_1_175' title='bbox 1034 1296 1197 1335; x_wconf 85' lang='lat' dir='ltr'>producit,</span> <span class='ocrx_word' id='word_1_176' title='bbox 1217 1307 1280 1327; x_wconf 89' lang='lat' dir='ltr'>non</span> 
     </span>
     <span class='ocr_line' id='line_1_24' title="bbox 208 1339 1282 1380; baseline 0.007 -16"><span class='ocrx_word' id='word_1_177' title='bbox 208 1339 314 1365; x_wconf 89' lang='lat' dir='ltr'>tamen</span> <span class='ocrx_word' id='word_1_178' title='bbox 334 1342 448 1376; x_wconf 89' lang='lat' dir='ltr'>patres</span> <span class='ocrx_word' id='word_1_179' title='bbox 470 1343 528 1368; x_wconf 87' lang='lat' dir='ltr'>aut</span> <span class='ocrx_word' id='word_1_180' title='bbox 549 1340 732 1379; x_wconf 80' lang='lat' dir='ltr'>magistros.</span> <span class='ocrx_word' id='word_1_181' title='bbox 762 1339 902 1376; x_wconf 88' lang='lat' dir='ltr'>Quinam</span> <span class='ocrx_word' id='word_1_182' title='bbox 927 1349 1002 1370; x_wconf 85' lang='lat' dir='ltr'>vero</span> <span class='ocrx_word' id='word_1_183' title='bbox 1015 1340 1099 1380; x_wconf 89' lang='lat' dir='ltr'>fieri</span> <span class='ocrx_word' id='word_1_184' title='bbox 1115 1346 1222 1380; x_wconf 89' lang='lat' dir='ltr'>potest</span> <span class='ocrx_word' id='word_1_185' title='bbox 1248 1347 1282 1372; x_wconf 89' lang='lat' dir='ltr'>ut</span> 
     </span>
     <span class='ocr_line' id='line_1_25' title="bbox 208 1380 1280 1424; baseline 0.007 -15"><span class='ocrx_word' id='word_1_186' title='bbox 208 1380 234 1409; x_wconf 87' lang='lat' dir='ltr'>is</span> <span class='ocrx_word' id='word_1_187' title='bbox 254 1381 483 1421; x_wconf 79' lang='lat' dir='ltr'>presbyterum</span> <span class='ocrx_word' id='word_1_188' title='bbox 516 1385 703 1421; x_wconf 86' lang='lat' dir='ltr'>constituat,</span> <span class='ocrx_word' id='word_1_189' title='bbox 729 1384 773 1414; x_wconf 90' lang='lat' dir='ltr'>ad</span> <span class='ocrx_word' id='word_1_190' title='bbox 795 1394 886 1424; x_wconf 86' lang='lat' dir='ltr'>quem</span> <span class='ocrx_word' id='word_1_191' title='bbox 920 1385 1094 1415; x_wconf 86' lang='lat' dir='ltr'>creandum</span> <span class='ocrx_word' id='word_1_192' title='bbox 1125 1396 1280 1416; x_wconf 89' lang='lat' dir='ltr'>manuum</span> 
     </span>
     <span class='ocr_line' id='line_1_26' title="bbox 208 1424 1282 1471; baseline 0.007 -18"><span class='ocrx_word' id='word_1_193' title='bbox 208 1424 474 1464; x_wconf 87' lang='lat' dir='ltr'>imponendarum</span> <span class='ocrx_word' id='word_1_194' title='bbox 492 1428 542 1457; x_wconf 90' lang='lat' dir='ltr'>ius</span> <span class='ocrx_word' id='word_1_195' title='bbox 559 1429 683 1458; x_wconf 90' lang='lat' dir='ltr'>nullum</span> <span class='ocrx_word' id='word_1_196' title='bbox 700 1428 815 1459; x_wconf 86' lang='lat' dir='ltr'>habeat</span> <span class='ocrx_word' id='word_1_197' title='bbox 827 1429 845 1459; x_wconf 82' lang='lat'><strong><em>?</em></strong></span> <span class='ocrx_word' id='word_1_198' title='bbox 858 1429 924 1458; x_wconf 84' lang='lat' dir='ltr'>Aut</span> <span class='ocrx_word' id='word_1_199' title='bbox 939 1429 1096 1469; x_wconf 87' lang='lat' dir='ltr'>quomodo</span> <span class='ocrx_word' id='word_1_200' title='bbox 1106 1431 1282 1471; x_wconf 81' lang='lat' dir='ltr'>presbyter</span> 
     </span>
     <span class='ocr_line' id='line_1_27' title="bbox 206 1469 771 1513; baseline 0.011 -15"><span class='ocrx_word' id='word_1_201' title='bbox 206 1469 364 1510; x_wconf 88' lang='lat' dir='ltr'>Episcopo</span> <span class='ocrx_word' id='word_1_202' title='bbox 387 1471 451 1501; x_wconf 89' lang='lat' dir='ltr'>dici</span> <span class='ocrx_word' id='word_1_203' title='bbox 467 1477 574 1511; x_wconf 89' lang='lat' dir='ltr'>potest</span> <span class='ocrx_word' id='word_1_204' title='bbox 596 1473 771 1513; x_wconf 80' lang='lat' dir='ltr'>aequalis?</span> 
     </span>
    </p>

    <p class='ocr_par' dir='ltr' id='par_1_3' title="bbox 200 1514 1281 2932">
     <span class='ocr_line' id='line_1_28' title="bbox 275 1514 1281 1558; baseline 0.005 -14"><span class='ocrx_word' id='word_1_205' title='bbox 275 1514 311 1544; x_wconf 94' lang='lat'>11.</span> <span class='ocrx_word' id='word_1_206' title='bbox 337 1515 411 1545; x_wconf 88' lang='lat' dir='ltr'>Pars</span> <span class='ocrx_word' id='word_1_207' title='bbox 435 1516 530 1546; x_wconf 87' lang='lat' dir='ltr'>altera</span> <span class='ocrx_word' id='word_1_208' title='bbox 559 1517 695 1555; x_wconf 92' lang='lat' dir='ltr'>theseos,</span> <span class='ocrx_word' id='word_1_209' title='bbox 720 1528 802 1558; x_wconf 90' lang='lat' dir='ltr'>quae</span> <span class='ocrx_word' id='word_1_210' title='bbox 834 1517 1067 1557; x_wconf 89' lang='lat' dir='ltr'>Episcopatum</span> <span class='ocrx_word' id='word_1_211' title='bbox 1098 1525 1191 1558; x_wconf 88' lang='lat' dir='ltr'>negat</span> <span class='ocrx_word' id='word_1_212' title='bbox 1215 1529 1281 1549; x_wconf 90' lang='lat' dir='ltr'>esse</span> 
     </span>
     <span class='ocr_line' id='line_1_29' title="bbox 207 1557 1281 1602; baseline 0.005 -14"><span class='ocrx_word' id='word_1_213' title='bbox 207 1557 362 1589; x_wconf 89' lang='lat' dir='ltr'>Ordinem</span> <span class='ocrx_word' id='word_1_214' title='bbox 392 1560 499 1599; x_wconf 88' lang='lat' dir='ltr'>illum,</span> <span class='ocrx_word' id='word_1_215' title='bbox 524 1561 579 1602; x_wconf 92' lang='lat' dir='ltr'>qui</span> <span class='ocrx_word' id='word_1_216' title='bbox 603 1562 718 1592; x_wconf 91' lang='lat' dir='ltr'>dicitur</span> <span class='ocrx_word' id='word_1_217' title='bbox 745 1562 984 1592; x_wconf 82' lang='lat' dir='ltr'>Sacramentum</span> <span class='ocrx_word' id='word_1_218' title='bbox 1018 1569 1048 1593; x_wconf 91' lang='lat' dir='ltr'>et</span> <span class='ocrx_word' id='word_1_219' title='bbox 1071 1562 1281 1594; x_wconf 83' lang='lat' dir='ltr'>characterem</span> 
     </span>
     <span class='ocr_line' id='line_1_30' title="bbox 205 1602 1281 1648; baseline 0.005 -15"><span class='ocrx_word' id='word_1_220' title='bbox 205 1602 370 1643; x_wconf 86' lang='lat' dir='ltr'>imprimit,</span> <span class='ocrx_word' id='word_1_221' title='bbox 387 1605 524 1644; x_wconf 91' lang='lat' dir='ltr'>genuina</span> <span class='ocrx_word' id='word_1_222' title='bbox 548 1606 700 1637; x_wconf 87' lang='lat' dir='ltr'>sententia</span> <span class='ocrx_word' id='word_1_223' title='bbox 715 1606 863 1637; x_wconf 89' lang='lat' dir='ltr'>Thomae</span> <span class='ocrx_word' id='word_1_224' title='bbox 879 1613 934 1637; x_wconf 90' lang='lat' dir='ltr'>est.</span> <span class='ocrx_word' id='word_1_225' title='bbox 952 1606 1153 1637; x_wconf 91' lang='lat' dir='ltr'>Contrariam</span> <span class='ocrx_word' id='word_1_226' title='bbox 1168 1615 1281 1648; x_wconf 88' lang='lat' dir='ltr'>putant</span> 
     </span>
     <span class='ocr_line' id='line_1_31' title="bbox 206 1649 1280 1692; baseline 0.006 -15"><span class='ocrx_word' id='word_1_227' title='bbox 206 1649 352 1678; x_wconf 89' lang='lat' dir='ltr'>nonnulli</span> <span class='ocrx_word' id='word_1_228' title='bbox 377 1650 481 1680; x_wconf 90' lang='lat' dir='ltr'>doceri</span> <span class='ocrx_word' id='word_1_229' title='bbox 506 1651 543 1680; x_wconf 91' lang='lat' dir='ltr'>ab</span> <span class='ocrx_word' id='word_1_230' title='bbox 568 1651 726 1691; x_wconf 84' lang='lat' dir='ltr'>Aquinate</span> <span class='ocrx_word' id='word_1_231' title='bbox 751 1651 939 1691; x_wconf 90' lang='lat' dir='ltr'>opinionem</span> <span class='ocrx_word' id='word_1_232' title='bbox 964 1652 997 1682; x_wconf 93' lang='lat' dir='ltr'>in</span> <span class='ocrx_word' id='word_1_233' title='bbox 1021 1651 1189 1692; x_wconf 91' lang='lat' dir='ltr'>Opusculo</span> <span class='ocrx_word' id='word_1_234' title='bbox 1207 1653 1280 1683; x_wconf 90' lang='lat' dir='ltr'>cita-</span> 
     </span>
     <span class='ocr_line' id='line_1_32' title="bbox 205 1693 1278 1738; baseline 0.004 -14"><span class='ocrx_word' id='word_1_235' title='bbox 205 1700 238 1724; x_wconf 91' lang='lat' dir='ltr'>to</span> <span class='ocrx_word' id='word_1_236' title='bbox 263 1693 375 1732; x_wconf 91' lang='lat' dir='ltr'>XVIII,</span> <span class='ocrx_word' id='word_1_237' title='bbox 402 1694 501 1734; x_wconf 87' lang='lat' dir='ltr'>capite</span> <span class='ocrx_word' id='word_1_238' title='bbox 525 1705 605 1726; x_wconf 83' lang='lat' dir='ltr'>xxrv.</span> <span class='ocrx_word' id='word_1_239' title='bbox 632 1696 735 1726; x_wconf 88' lang='lat' dir='ltr'>Verba</span> <span class='ocrx_word' id='word_1_240' title='bbox 759 1696 826 1726; x_wconf 91' lang='lat' dir='ltr'>eius</span> <span class='ocrx_word' id='word_1_241' title='bbox 850 1696 989 1736; x_wconf 86' lang='lat' dir='ltr'>profero:</span> <span class='ocrx_word' id='word_1_242' title='bbox 1018 1710 1032 1724; x_wconf 70' lang='grc' dir='ltr'><strong><em>α</em></strong></span> <span class='ocrx_word' id='word_1_243' title='bbox 1047 1697 1145 1734; x_wconf 94' lang='lat' dir='ltr'>Quod</span> <span class='ocrx_word' id='word_1_244' title='bbox 1165 1705 1278 1738; x_wconf 92' lang='lat' dir='ltr'>quarto</span> 
     </span>
     <span class='ocr_line' id='line_1_33' title="bbox 207 1735 1280 1782; baseline 0.006 -15"><span class='ocrx_word' id='word_1_245' title='bbox 207 1752 221 1767; x_wconf 82' lang='lat'>»</span> <span class='ocrx_word' id='word_1_246' title='bbox 240 1735 342 1780; x_wconf 84' lang='lat' dir='ltr'>(Ioco)</span> <span class='ocrx_word' id='word_1_247' title='bbox 366 1739 568 1778; x_wconf 87' lang='lat' dir='ltr'>proponitur,</span> <span class='ocrx_word' id='word_1_248' title='bbox 593 1741 776 1781; x_wconf 88' lang='lat' dir='ltr'>inquientis,</span> <span class='ocrx_word' id='word_1_249' title='bbox 803 1742 891 1782; x_wconf 90' lang='lat' dir='ltr'>quod</span> <span class='ocrx_word' id='word_1_250' title='bbox 912 1741 1126 1782; x_wconf 87' lang='lat' dir='ltr'>Episcopatus</span> <span class='ocrx_word' id='word_1_251' title='bbox 1150 1752 1212 1772; x_wconf 92' lang='lat' dir='ltr'>non</span> <span class='ocrx_word' id='word_1_252' title='bbox 1233 1748 1280 1773; x_wconf 86' lang='lat' dir='ltr'>est</span> 
     </span>
     <span class='ocr_line' id='line_1_34' title="bbox 207 1781 1278 1823; baseline 0.006 -12"><span class='ocrx_word' id='word_1_253' title='bbox 207 1798 220 1812; x_wconf 85' lang='grc'>»</span> <span class='ocrx_word' id='word_1_254' title='bbox 245 1781 343 1820; x_wconf 91' lang='lat' dir='ltr'>Ordo,</span> <span class='ocrx_word' id='word_1_255' title='bbox 369 1783 431 1813; x_wconf 91' lang='lat' dir='ltr'>hoc</span> <span class='ocrx_word' id='word_1_256' title='bbox 455 1784 620 1815; x_wconf 88' lang='lat' dir='ltr'>manifeste</span> <span class='ocrx_word' id='word_1_257' title='bbox 644 1785 785 1816; x_wconf 87' lang='lat' dir='ltr'>continet</span> <span class='ocrx_word' id='word_1_258' title='bbox 809 1785 987 1823; x_wconf 86' lang='lat' dir='ltr'>falsitatem,</span> <span class='ocrx_word' id='word_1_259' title='bbox 1013 1786 1038 1816; x_wconf 91' lang='lat' dir='ltr'>si</span> <span class='ocrx_word' id='word_1_260' title='bbox 1063 1787 1206 1817; x_wconf 87' lang='lat' dir='ltr'>absolute</span> <span class='ocrx_word' id='word_1_261' title='bbox 1230 1787 1278 1817; x_wconf 94' lang='lat' dir='ltr'>in-</span> 
     </span>
     <span class='ocr_line' id='line_1_35' title="bbox 205 1827 1276 1873; baseline 0.006 -17"><span class='ocrx_word' id='word_1_262' title='bbox 205 1842 219 1857; x_wconf 77' lang='lat'><strong>»</strong></span> <span class='ocrx_word' id='word_1_263' title='bbox 238 1827 403 1867; x_wconf 86' lang='lat' dir='ltr'>telligatur.</span> <span class='ocrx_word' id='word_1_264' title='bbox 416 1828 568 1868; x_wconf 89' lang='lat' dir='ltr'>Expresse</span> <span class='ocrx_word' id='word_1_265' title='bbox 585 1830 671 1860; x_wconf 91' lang='lat' dir='ltr'>enim</span> <span class='ocrx_word' id='word_1_266' title='bbox 688 1830 763 1861; x_wconf 90' lang='lat' dir='ltr'>dicit</span> <span class='ocrx_word' id='word_1_267' title='bbox 778 1830 953 1871; x_wconf 89' lang='lat' dir='ltr'>Dionysius</span> <span class='ocrx_word' id='word_1_268' title='bbox 970 1829 1040 1873; x_wconf 90' lang='lat' dir='ltr'>(De</span> <span class='ocrx_word' id='word_1_269' title='bbox 1054 1832 1129 1862; x_wconf 91' lang='lat' dir='ltr'>eccl.</span> <span class='ocrx_word' id='word_1_270' title='bbox 1140 1832 1276 1863; x_wconf 90' lang='lat' dir='ltr'>Hierar.</span> 
     </span>
     <span class='ocr_line' id='line_1_36' title="bbox 205 1870 1279 1914; baseline 0.006 -13"><span class='ocrx_word' id='word_1_271' title='bbox 205 1887 219 1902; x_wconf 82' lang='grc'>»</span> <span class='ocrx_word' id='word_1_272' title='bbox 238 1881 307 1912; x_wconf 87' lang='lat' dir='ltr'>cap.</span> <span class='ocrx_word' id='word_1_273' title='bbox 319 1870 364 1914; x_wconf 90' lang='lat' dir='ltr'>v),</span> <span class='ocrx_word' id='word_1_274' title='bbox 376 1882 442 1902; x_wconf 86' lang='lat' dir='ltr'>esse</span> <span class='ocrx_word' id='word_1_275' title='bbox 457 1879 522 1904; x_wconf 89' lang='lat' dir='ltr'>tres</span> <span class='ocrx_word' id='word_1_276' title='bbox 541 1873 681 1905; x_wconf 88' lang='lat' dir='ltr'>Ordines</span> <span class='ocrx_word' id='word_1_277' title='bbox 695 1875 919 1906; x_wconf 89' lang='lat' dir='ltr'>ecclesiasticae</span> <span class='ocrx_word' id='word_1_278' title='bbox 935 1876 1146 1914; x_wconf 83' lang='lat' dir='ltr'>Hierarchiae,</span> <span class='ocrx_word' id='word_1_279' title='bbox 1161 1876 1279 1907; x_wconf 88' lang='lat' dir='ltr'>scilicet</span> 
     </span>
     <span class='ocr_line' id='line_1_37' title="bbox 205 1917 1277 1960; baseline 0.005 -14"><span class='ocrx_word' id='word_1_280' title='bbox 205 1932 219 1947; x_wconf 79' lang='grc'>»</span> <span class='ocrx_word' id='word_1_281' title='bbox 239 1917 483 1957; x_wconf 89' lang='lat' dir='ltr'>Episcoporum,</span> <span class='ocrx_word' id='word_1_282' title='bbox 494 1919 763 1960; x_wconf 77' lang='lat' dir='ltr'>presbyterorum</span> <span class='ocrx_word' id='word_1_283' title='bbox 780 1925 810 1950; x_wconf 90' lang='lat' dir='ltr'>et</span> <span class='ocrx_word' id='word_1_284' title='bbox 823 1920 1044 1951; x_wconf 84' lang='lat' dir='ltr'>diaconorum.</span> <span class='ocrx_word' id='word_1_285' title='bbox 1065 1921 1107 1951; x_wconf 91' lang='lat' dir='ltr'>Et</span> <span class='ocrx_word' id='word_1_286' title='bbox 1122 1931 1173 1952; x_wconf 78' lang='lat' dir='ltr'>xxi</span> <span class='ocrx_word' id='word_1_287' title='bbox 1190 1922 1277 1960; x_wconf 82' lang='lat' dir='ltr'>dist.,</span> 
     </span>
     <span class='ocr_line' id='line_1_38' title="bbox 206 1961 1277 2007; baseline 0.005 -16"><span class='ocrx_word' id='word_1_288' title='bbox 206 1977 220 1991; x_wconf 77' lang='grc'><strong>»</strong></span> <span class='ocrx_word' id='word_1_289' title='bbox 241 1961 349 2003; x_wconf 90' lang='lat' dir='ltr'>(parte</span> <span class='ocrx_word' id='word_1_290' title='bbox 364 1963 385 1992; x_wconf 94' lang='lat' dir='ltr'><em>I</em></span> <span class='ocrx_word' id='word_1_291' title='bbox 395 1963 542 2005; x_wconf 70' lang='lat' dir='ltr'>Decreti)</span> <span class='ocrx_word' id='word_1_292' title='bbox 568 1974 635 2004; x_wconf 87' lang='lat' dir='ltr'>cap.</span> <span class='ocrx_word' id='word_1_293' title='bbox 655 1964 778 2002; x_wconf 91' lang='lat' dir='ltr'>Cleros,</span> <span class='ocrx_word' id='word_1_294' title='bbox 794 1966 943 1996; x_wconf 85' lang='lat' dir='ltr'>habetur:</span> <span class='ocrx_word' id='word_1_295' title='bbox 969 1966 1067 2003; x_wconf 92' lang='lat' dir='ltr'>Quod</span> <span class='ocrx_word' id='word_1_296' title='bbox 1089 1965 1178 1996; x_wconf 90' lang='lat' dir='ltr'>Ordo</span> <span class='ocrx_word' id='word_1_297' title='bbox 1201 1966 1277 2007; x_wconf 87' lang='lat' dir='ltr'>Epi-</span> 
     </span>
     <span class='ocr_line' id='line_1_39' title="bbox 206 2009 1277 2051; baseline 0.005 -15"><span class='ocrx_word' id='word_1_298' title='bbox 206 2021 219 2035; x_wconf 82' lang='lat'>»</span> <span class='ocrx_word' id='word_1_299' title='bbox 239 2016 407 2047; x_wconf 86' lang='lat' dir='ltr'>scoporum</span> <span class='ocrx_word' id='word_1_300' title='bbox 431 2009 688 2049; x_wconf 84' lang='lat' dir='ltr'>quadripartitus</span> <span class='ocrx_word' id='word_1_301' title='bbox 712 2014 768 2040; x_wconf 88' lang='lat' dir='ltr'>est.</span> <span class='ocrx_word' id='word_1_302' title='bbox 793 2010 897 2040; x_wconf 84' lang='lat' dir='ltr'>Habet</span> <span class='ocrx_word' id='word_1_303' title='bbox 921 2010 1007 2041; x_wconf 90' lang='lat' dir='ltr'>enim</span> <span class='ocrx_word' id='word_1_304' title='bbox 1031 2010 1185 2041; x_wconf 90' lang='lat' dir='ltr'>Ordinem</span> <span class='ocrx_word' id='word_1_305' title='bbox 1202 2011 1277 2051; x_wconf 93' lang='lat' dir='ltr'>Epi-</span> 
     </span>
     <span class='ocr_line' id='line_1_40' title="bbox 206 2054 1276 2096; baseline 0.005 -15"><span class='ocrx_word' id='word_1_306' title='bbox 206 2066 220 2081; x_wconf 82' lang='lat'>»</span> <span class='ocrx_word' id='word_1_307' title='bbox 241 2062 356 2092; x_wconf 90' lang='lat' dir='ltr'>scopus</span> <span class='ocrx_word' id='word_1_308' title='bbox 381 2062 437 2092; x_wconf 93' lang='lat' dir='ltr'>per</span> <span class='ocrx_word' id='word_1_309' title='bbox 460 2054 733 2093; x_wconf 85' lang='lat' dir='ltr'>comparationem</span> <span class='ocrx_word' id='word_1_310' title='bbox 758 2054 796 2084; x_wconf 90' lang='lat' dir='ltr'>ad</span> <span class='ocrx_word' id='word_1_311' title='bbox 821 2064 937 2095; x_wconf 90' lang='lat' dir='ltr'>corpus</span> <span class='ocrx_word' id='word_1_312' title='bbox 961 2055 1078 2088; x_wconf 90' lang='lat' dir='ltr'>Christi</span> <span class='ocrx_word' id='word_1_313' title='bbox 1094 2055 1276 2096; x_wconf 89' lang='lat' dir='ltr'>mysticum,</span> 
     </span>
     <span class='ocr_line' id='line_1_41' title="bbox 206 2097 1277 2141; baseline 0.005 -15"><span class='ocrx_word' id='word_1_314' title='bbox 206 2111 220 2126; x_wconf 86' lang='grc'>»</span> <span class='ocrx_word' id='word_1_315' title='bbox 241 2097 330 2137; x_wconf 91' lang='lat' dir='ltr'>quod</span> <span class='ocrx_word' id='word_1_316' title='bbox 354 2104 400 2128; x_wconf 90' lang='lat' dir='ltr'>est</span> <span class='ocrx_word' id='word_1_317' title='bbox 424 2098 572 2135; x_wconf 90' lang='lat' dir='ltr'>Ecclesia,</span> <span class='ocrx_word' id='word_1_318' title='bbox 590 2109 685 2139; x_wconf 91' lang='lat' dir='ltr'>super</span> <span class='ocrx_word' id='word_1_319' title='bbox 703 2109 802 2140; x_wconf 91' lang='lat' dir='ltr'>quam</span> <span class='ocrx_word' id='word_1_320' title='bbox 818 2099 1025 2140; x_wconf 88' lang='lat' dir='ltr'>principalem</span> <span class='ocrx_word' id='word_1_321' title='bbox 1040 2100 1154 2141; x_wconf 89' lang='lat' dir='ltr'>accipit</span> <span class='ocrx_word' id='word_1_322' title='bbox 1169 2111 1277 2131; x_wconf 90' lang='lat' dir='ltr'>curam</span> 
     </span>
     <span class='ocr_line' id='line_1_42' title="bbox 207 2142 1276 2185; baseline 0.004 -14"><span class='ocrx_word' id='word_1_323' title='bbox 207 2156 221 2171; x_wconf 80' lang='grc'>»</span> <span class='ocrx_word' id='word_1_324' title='bbox 242 2148 272 2171; x_wconf 92' lang='lat' dir='ltr'>et</span> <span class='ocrx_word' id='word_1_325' title='bbox 291 2142 381 2182; x_wconf 85' lang='lat' dir='ltr'>quasi</span> <span class='ocrx_word' id='word_1_326' title='bbox 397 2143 543 2182; x_wconf 86' lang='lat' dir='ltr'>regalem.</span> <span class='ocrx_word' id='word_1_327' title='bbox 562 2143 624 2173; x_wconf 89' lang='lat' dir='ltr'>Sed</span> <span class='ocrx_word' id='word_1_328' title='bbox 647 2150 805 2184; x_wconf 87' lang='lat' dir='ltr'>quantum</span> <span class='ocrx_word' id='word_1_329' title='bbox 821 2144 861 2174; x_wconf 89' lang='lat' dir='ltr'>ad</span> <span class='ocrx_word' id='word_1_330' title='bbox 878 2144 1006 2185; x_wconf 92' lang='lat' dir='ltr'>Corpus</span> <span class='ocrx_word' id='word_1_331' title='bbox 1021 2144 1138 2175; x_wconf 90' lang='lat' dir='ltr'>Christi</span> <span class='ocrx_word' id='word_1_332' title='bbox 1153 2155 1276 2184; x_wconf 91' lang='lat' dir='ltr'>verum,</span> 
     </span>
     <span class='ocr_line' id='line_1_43' title="bbox 206 2186 1276 2227; baseline 0.006 -12"><span class='ocrx_word' id='word_1_333' title='bbox 206 2201 220 2215; x_wconf 78' lang='lat'>»</span> <span class='ocrx_word' id='word_1_334' title='bbox 240 2186 329 2227; x_wconf 93' lang='lat' dir='ltr'>quod</span> <span class='ocrx_word' id='word_1_335' title='bbox 352 2186 385 2216; x_wconf 91' lang='lat' dir='ltr'>in</span> <span class='ocrx_word' id='word_1_336' title='bbox 405 2187 608 2218; x_wconf 84' lang='lat' dir='ltr'>Sacramento</span> <span class='ocrx_word' id='word_1_337' title='bbox 633 2188 822 2227; x_wconf 83' lang='lat' dir='ltr'>continetur,</span> <span class='ocrx_word' id='word_1_338' title='bbox 844 2199 909 2219; x_wconf 92' lang='lat' dir='ltr'>non</span> <span class='ocrx_word' id='word_1_339' title='bbox 934 2190 1028 2220; x_wconf 86' lang='lat' dir='ltr'>habet</span> <span class='ocrx_word' id='word_1_340' title='bbox 1044 2189 1199 2220; x_wconf 90' lang='lat' dir='ltr'>Ordinem</span> <span class='ocrx_word' id='word_1_341' title='bbox 1224 2201 1276 2221; x_wconf 89' lang='lat' dir='ltr'>su-</span> 
     </span>
     <span class='ocr_line' id='line_1_44' title="bbox 206 2232 1275 2275; baseline 0.004 -14"><span class='ocrx_word' id='word_1_342' title='bbox 206 2246 219 2260; x_wconf 86' lang='grc'>»</span> <span class='ocrx_word' id='word_1_343' title='bbox 240 2241 296 2271; x_wconf 91' lang='lat' dir='ltr'>pra</span> <span class='ocrx_word' id='word_1_344' title='bbox 320 2232 549 2273; x_wconf 90' lang='lat' dir='ltr'>presbyterum.</span> <span class='ocrx_word' id='word_1_345' title='bbox 576 2233 675 2270; x_wconf 93' lang='lat' dir='ltr'>Quod</span> <span class='ocrx_word' id='word_1_346' title='bbox 699 2240 806 2264; x_wconf 87' lang='lat' dir='ltr'>autem</span> <span class='ocrx_word' id='word_1_347' title='bbox 830 2234 943 2265; x_wconf 92' lang='lat' dir='ltr'>habeat</span> <span class='ocrx_word' id='word_1_348' title='bbox 961 2235 1100 2275; x_wconf 84' lang='lat' dir='ltr'>aliquem</span> <span class='ocrx_word' id='word_1_349' title='bbox 1122 2234 1275 2265; x_wconf 83' lang='lat' dir='ltr'>Ordinem</span> 
     </span>
     <span class='ocr_line' id='line_1_45' title="bbox 205 2277 1276 2316; baseline 0.005 -11"><span class='ocrx_word' id='word_1_350' title='bbox 205 2290 219 2305; x_wconf 82' lang='lat'>»</span> <span class='ocrx_word' id='word_1_351' title='bbox 240 2283 271 2306; x_wconf 92' lang='lat' dir='ltr'>et</span> <span class='ocrx_word' id='word_1_352' title='bbox 294 2286 359 2306; x_wconf 91' lang='lat' dir='ltr'>non</span> <span class='ocrx_word' id='word_1_353' title='bbox 389 2277 640 2308; x_wconf 85' lang='lat' dir='ltr'>iurisdictionem</span> <span class='ocrx_word' id='word_1_354' title='bbox 672 2279 798 2316; x_wconf 89' lang='lat' dir='ltr'>solam,</span> <span class='ocrx_word' id='word_1_355' title='bbox 836 2279 917 2309; x_wconf 88' lang='lat' dir='ltr'>sicut</span> <span class='ocrx_word' id='word_1_356' title='bbox 946 2279 1198 2310; x_wconf 91' lang='lat' dir='ltr'>Archidiaconus</span> <span class='ocrx_word' id='word_1_357' title='bbox 1226 2281 1276 2310; x_wconf 91' lang='lat' dir='ltr'>vel</span> 
     </span>
     <span class='ocr_line' id='line_1_46' title="bbox 205 2320 1277 2365; baseline 0.005 -15"><span class='ocrx_word' id='word_1_358' title='bbox 205 2335 218 2348; x_wconf 59' lang='grc' dir='ltr'>ιν</span> <span class='ocrx_word' id='word_1_359' title='bbox 240 2320 377 2351; x_wconf 87' lang='lat' dir='ltr'>Curatus</span> <span class='ocrx_word' id='word_1_360' title='bbox 401 2322 579 2362; x_wconf 87' lang='lat' dir='ltr'>presbyter,</span> <span class='ocrx_word' id='word_1_361' title='bbox 601 2330 686 2363; x_wconf 88' lang='lat' dir='ltr'>patet</span> <span class='ocrx_word' id='word_1_362' title='bbox 710 2333 745 2353; x_wconf 88' lang='lat' dir='ltr'>ex</span> <span class='ocrx_word' id='word_1_363' title='bbox 769 2323 831 2353; x_wconf 93' lang='lat' dir='ltr'>hoc</span> <span class='ocrx_word' id='word_1_364' title='bbox 855 2324 944 2364; x_wconf 90' lang='lat' dir='ltr'>quod</span> <span class='ocrx_word' id='word_1_365' title='bbox 968 2324 1147 2365; x_wconf 87' lang='lat' dir='ltr'>Episcopus</span> <span class='ocrx_word' id='word_1_366' title='bbox 1172 2331 1277 2364; x_wconf 87' lang='lat' dir='ltr'>potest</span> 
     </span>
     <span class='ocr_line' id='line_1_47' title="bbox 205 2366 1276 2410; baseline 0.005 -15"><span class='ocrx_word' id='word_1_367' title='bbox 205 2379 219 2393; x_wconf 78' lang='lat'><strong>»</strong></span> <span class='ocrx_word' id='word_1_368' title='bbox 240 2366 340 2396; x_wconf 89' lang='lat' dir='ltr'>multa</span> <span class='ocrx_word' id='word_1_369' title='bbox 363 2366 474 2404; x_wconf 88' lang='lat' dir='ltr'>facere,</span> <span class='ocrx_word' id='word_1_370' title='bbox 500 2376 581 2407; x_wconf 88' lang='lat' dir='ltr'>quae</span> <span class='ocrx_word' id='word_1_371' title='bbox 605 2378 671 2397; x_wconf 91' lang='lat' dir='ltr'>non</span> <span class='ocrx_word' id='word_1_372' title='bbox 689 2374 793 2408; x_wconf 90' lang='lat' dir='ltr'>potest</span> <span class='ocrx_word' id='word_1_373' title='bbox 817 2369 1031 2406; x_wconf 87' lang='lat' dir='ltr'>committere,</span> <span class='ocrx_word' id='word_1_374' title='bbox 1048 2369 1130 2400; x_wconf 91' lang='lat' dir='ltr'>sicut</span> <span class='ocrx_word' id='word_1_375' title='bbox 1151 2369 1276 2410; x_wconf 86' lang='lat' dir='ltr'>Confir-</span> 
     </span>
     <span class='ocr_line' id='line_1_48' title="bbox 205 2410 1275 2448; baseline 0.006 -9"><span class='ocrx_word' id='word_1_376' title='bbox 205 2423 219 2438; x_wconf 78' lang='lat'>›&gt;</span> <span class='ocrx_word' id='word_1_377' title='bbox 239 2420 339 2448; x_wconf 87' lang='lat' dir='ltr'>mare,</span> <span class='ocrx_word' id='word_1_378' title='bbox 369 2410 532 2442; x_wconf 88' lang='lat' dir='ltr'>Ordinare</span> <span class='ocrx_word' id='word_1_379' title='bbox 556 2419 586 2442; x_wconf 93' lang='lat' dir='ltr'>et</span> <span class='ocrx_word' id='word_1_380' title='bbox 612 2412 812 2443; x_wconf 81' lang='lat' dir='ltr'>consecrare</span> <span class='ocrx_word' id='word_1_381' title='bbox 844 2413 994 2444; x_wconf 88' lang='lat' dir='ltr'>basilicas</span> <span class='ocrx_word' id='word_1_382' title='bbox 1017 2421 1048 2444; x_wconf 92' lang='lat' dir='ltr'>et</span> <span class='ocrx_word' id='word_1_383' title='bbox 1071 2414 1275 2445; x_wconf 86' lang='lat' dir='ltr'>huiusmodi:</span> 
     </span>
     <span class='ocr_line' id='line_1_49' title="bbox 204 2455 1272 2496; baseline 0.005 -12"><span class='ocrx_word' id='word_1_384' title='bbox 204 2468 219 2483; x_wconf 61' lang='grc' dir='ltr'>ι</span> <span class='ocrx_word' id='word_1_385' title='bbox 240 2465 321 2495; x_wconf 91' lang='lat' dir='ltr'>quae</span> <span class='ocrx_word' id='word_1_386' title='bbox 344 2465 419 2485; x_wconf 90' lang='lat' dir='ltr'>vero</span> <span class='ocrx_word' id='word_1_387' title='bbox 444 2455 667 2487; x_wconf 89' lang='lat' dir='ltr'>iurisdictionis</span> <span class='ocrx_word' id='word_1_388' title='bbox 692 2464 780 2495; x_wconf 91' lang='lat' dir='ltr'>sunt,</span> <span class='ocrx_word' id='word_1_389' title='bbox 806 2464 911 2496; x_wconf 91' lang='lat' dir='ltr'>potest</span> <span class='ocrx_word' id='word_1_390' title='bbox 934 2458 1000 2489; x_wconf 87' lang='lat' dir='ltr'>aliis</span> <span class='ocrx_word' id='word_1_391' title='bbox 1026 2459 1234 2490; x_wconf 88' lang='lat' dir='ltr'>committere.</span> <span class='ocrx_word' id='word_1_392' title='bbox 1259 2472 1272 2486; x_wconf 84' lang='lat'>»</span> 
     </span>
     <span class='ocr_line' id='line_1_50' title="bbox 202 2500 1276 2544; baseline 0.005 -15"><span class='ocrx_word' id='word_1_393' title='bbox 202 2502 268 2530; x_wconf 90' lang='lat' dir='ltr'>Aut</span> <span class='ocrx_word' id='word_1_394' title='bbox 292 2500 458 2539; x_wconf 85' lang='lat' dir='ltr'>caligantes</span> <span class='ocrx_word' id='word_1_395' title='bbox 483 2511 595 2531; x_wconf 87' lang='lat' dir='ltr'>eorum</span> <span class='ocrx_word' id='word_1_396' title='bbox 620 2501 735 2532; x_wconf 90' lang='lat' dir='ltr'>fuerint</span> <span class='ocrx_word' id='word_1_397' title='bbox 759 2501 843 2531; x_wconf 92' lang='lat' dir='ltr'>oculi</span> <span class='ocrx_word' id='word_1_398' title='bbox 875 2510 929 2534; x_wconf 90' lang='lat' dir='ltr'>aut</span> <span class='ocrx_word' id='word_1_399' title='bbox 957 2503 1094 2533; x_wconf 89' lang='lat' dir='ltr'>nimium</span> <span class='ocrx_word' id='word_1_400' title='bbox 1119 2503 1276 2544; x_wconf 88' lang='lat' dir='ltr'>praeiudi-</span> 
     </span>
     <span class='ocr_line' id='line_1_51' title="bbox 202 2544 1275 2589; baseline 0.005 -15"><span class='ocrx_word' id='word_1_401' title='bbox 202 2544 256 2575; x_wconf 86' lang='lat' dir='ltr'>ciis</span> <span class='ocrx_word' id='word_1_402' title='bbox 281 2554 370 2574; x_wconf 90' lang='lat' dir='ltr'>mens</span> <span class='ocrx_word' id='word_1_403' title='bbox 395 2553 559 2585; x_wconf 92' lang='lat' dir='ltr'>occupata,</span> <span class='ocrx_word' id='word_1_404' title='bbox 584 2545 639 2586; x_wconf 92' lang='lat' dir='ltr'>qui</span> <span class='ocrx_word' id='word_1_405' title='bbox 664 2546 695 2576; x_wconf 92' lang='lat' dir='ltr'>in</span> <span class='ocrx_word' id='word_1_406' title='bbox 716 2547 810 2576; x_wconf 91' lang='lat' dir='ltr'>allato</span> <span class='ocrx_word' id='word_1_407' title='bbox 835 2546 907 2578; x_wconf 91' lang='lat' dir='ltr'>loco</span> <span class='ocrx_word' id='word_1_408' title='bbox 932 2555 1087 2578; x_wconf 88' lang='lat' dir='ltr'>mutatam</span> <span class='ocrx_word' id='word_1_409' title='bbox 1111 2549 1149 2578; x_wconf 89' lang='lat' dir='ltr'>ab</span> <span class='ocrx_word' id='word_1_410' title='bbox 1174 2549 1275 2589; x_wconf 89' lang='lat' dir='ltr'>Aqui-</span> 
     </span>
     <span class='ocr_line' id='line_1_52' title="bbox 202 2589 1276 2632; baseline 0.006 -14"><span class='ocrx_word' id='word_1_411' title='bbox 202 2596 273 2619; x_wconf 83' lang='lat' dir='ltr'>nate</span> <span class='ocrx_word' id='word_1_412' title='bbox 290 2589 478 2620; x_wconf 90' lang='lat' dir='ltr'>sententiam</span> <span class='ocrx_word' id='word_1_413' title='bbox 493 2590 598 2620; x_wconf 87' lang='lat' dir='ltr'>videre</span> <span class='ocrx_word' id='word_1_414' title='bbox 616 2590 674 2620; x_wconf 89' lang='lat' dir='ltr'>sibi</span> <span class='ocrx_word' id='word_1_415' title='bbox 695 2591 851 2623; x_wconf 88' lang='lat' dir='ltr'>videntur.</span> <span class='ocrx_word' id='word_1_416' title='bbox 867 2592 1098 2632; x_wconf 91' lang='lat' dir='ltr'>Episcopatum</span> <span class='ocrx_word' id='word_1_417' title='bbox 1115 2603 1173 2632; x_wconf 90' lang='lat' dir='ltr'>pro</span> <span class='ocrx_word' id='word_1_418' title='bbox 1192 2600 1276 2624; x_wconf 87' lang='lat' dir='ltr'>certo</span> 
     </span>
     <span class='ocr_line' id='line_1_53' title="bbox 202 2633 1276 2678; baseline 0.005 -15"><span class='ocrx_word' id='word_1_419' title='bbox 202 2634 296 2664; x_wconf 90' lang='lat' dir='ltr'>habet</span> <span class='ocrx_word' id='word_1_420' title='bbox 316 2643 381 2664; x_wconf 90' lang='lat' dir='ltr'>esse</span> <span class='ocrx_word' id='word_1_421' title='bbox 402 2633 568 2672; x_wconf 88' lang='lat' dir='ltr'>Ordinem,</span> <span class='ocrx_word' id='word_1_422' title='bbox 593 2635 622 2665; x_wconf 88' lang='lat' dir='ltr'>si</span> <span class='ocrx_word' id='word_1_423' title='bbox 644 2635 788 2666; x_wconf 86' lang='lat' dir='ltr'>absolute</span> <span class='ocrx_word' id='word_1_424' title='bbox 811 2637 1027 2678; x_wconf 82' lang='lat' dir='ltr'>intelligatur:</span> <span class='ocrx_word' id='word_1_425' title='bbox 1050 2637 1182 2667; x_wconf 91' lang='lat' dir='ltr'>minime</span> <span class='ocrx_word' id='word_1_426' title='bbox 1205 2638 1276 2678; x_wconf 92' lang='lat' dir='ltr'>qui-</span> 
     </span>
     <span class='ocr_line' id='line_1_54' title="bbox 202 2678 1276 2722; baseline 0.004 -14"><span class='ocrx_word' id='word_1_427' title='bbox 202 2678 276 2708; x_wconf 91' lang='lat' dir='ltr'>dem</span> <span class='ocrx_word' id='word_1_428' title='bbox 297 2688 358 2718; x_wconf 89' lang='lat' dir='ltr'>per</span> <span class='ocrx_word' id='word_1_429' title='bbox 380 2681 650 2719; x_wconf 88' lang='lat' dir='ltr'>comparationem</span> <span class='ocrx_word' id='word_1_430' title='bbox 679 2680 723 2710; x_wconf 88' lang='lat' dir='ltr'>ad</span> <span class='ocrx_word' id='word_1_431' title='bbox 745 2680 871 2722; x_wconf 85' lang='lat' dir='ltr'>Corpus</span> <span class='ocrx_word' id='word_1_432' title='bbox 894 2681 1014 2712; x_wconf 82' lang='lat' dir='ltr'>Christi</span> <span class='ocrx_word' id='word_1_433' title='bbox 1037 2691 1165 2719; x_wconf 85' lang='lat' dir='ltr'>verum,</span> <span class='ocrx_word' id='word_1_434' title='bbox 1191 2683 1276 2712; x_wconf 91' lang='lat' dir='ltr'>unde</span> 
     </span>
     <span class='ocr_line' id='line_1_55' title="bbox 202 2723 1276 2767; baseline 0.003 -14"><span class='ocrx_word' id='word_1_435' title='bbox 202 2723 394 2754; x_wconf 88' lang='lat' dir='ltr'>Sacramenti</span> <span class='ocrx_word' id='word_1_436' title='bbox 418 2724 497 2754; x_wconf 90' lang='lat' dir='ltr'>ratio</span> <span class='ocrx_word' id='word_1_437' title='bbox 522 2724 715 2764; x_wconf 86' lang='lat' dir='ltr'>desumitur,</span> <span class='ocrx_word' id='word_1_438' title='bbox 740 2736 821 2767; x_wconf 90' lang='lat' dir='ltr'>quae</span> <span class='ocrx_word' id='word_1_439' title='bbox 845 2726 926 2756; x_wconf 91' lang='lat' dir='ltr'>inest</span> <span class='ocrx_word' id='word_1_440' title='bbox 949 2726 1123 2756; x_wconf 86' lang='lat' dir='ltr'>Ordinibus</span> <span class='ocrx_word' id='word_1_441' title='bbox 1147 2727 1276 2767; x_wconf 90' lang='lat' dir='ltr'>presby—</span> 
     </span>
     <span class='ocr_line' id='line_1_56' title="bbox 201 2768 1277 2811; baseline 0.005 -14"><span class='ocrx_word' id='word_1_442' title='bbox 201 2774 318 2798; x_wconf 90' lang='lat' dir='ltr'>teratus</span> <span class='ocrx_word' id='word_1_443' title='bbox 342 2775 372 2799; x_wconf 93' lang='lat' dir='ltr'>et</span> <span class='ocrx_word' id='word_1_444' title='bbox 401 2768 603 2800; x_wconf 86' lang='lat' dir='ltr'>diaconatus:</span> <span class='ocrx_word' id='word_1_445' title='bbox 629 2769 682 2799; x_wconf 91' lang='lat' dir='ltr'>sed</span> <span class='ocrx_word' id='word_1_446' title='bbox 706 2780 770 2811; x_wconf 84' lang='lat' dir='ltr'>per</span> <span class='ocrx_word' id='word_1_447' title='bbox 798 2771 1069 2811; x_wconf 88' lang='lat' dir='ltr'>comparationem</span> <span class='ocrx_word' id='word_1_448' title='bbox 1094 2770 1138 2800; x_wconf 90' lang='lat' dir='ltr'>ad</span> <span class='ocrx_word' id='word_1_449' title='bbox 1160 2780 1277 2811; x_wconf 85' lang='lat' dir='ltr'>corpus</span> 
     </span>
     <span class='ocr_line' id='line_1_57' title="bbox 204 2812 1274 2855; baseline 0.004 -13"><span class='ocrx_word' id='word_1_450' title='bbox 204 2812 325 2843; x_wconf 87' lang='lat' dir='ltr'>Christi</span> <span class='ocrx_word' id='word_1_451' title='bbox 347 2814 529 2854; x_wconf 78' lang='lat' dir='ltr'>mysticum,</span> <span class='ocrx_word' id='word_1_452' title='bbox 555 2814 640 2854; x_wconf 86' lang='lat' dir='ltr'>quod</span> <span class='ocrx_word' id='word_1_453' title='bbox 663 2820 710 2845; x_wconf 86' lang='lat' dir='ltr'>est</span> <span class='ocrx_word' id='word_1_454' title='bbox 733 2815 889 2846; x_wconf 87' lang='lat' dir='ltr'>Ecclesia.</span> <span class='ocrx_word' id='word_1_455' title='bbox 910 2815 997 2846; x_wconf 88' lang='lat' dir='ltr'>Haec</span> <span class='ocrx_word' id='word_1_456' title='bbox 1014 2814 1171 2855; x_wconf 88' lang='lat' dir='ltr'>ipsissima</span> <span class='ocrx_word' id='word_1_457' title='bbox 1190 2822 1274 2853; x_wconf 91' lang='lat' dir='ltr'>sunt,</span> 
     </span>
     <span class='ocr_line' id='line_1_58' title="bbox 201 2858 1275 2900; baseline 0.004 -13"><span class='ocrx_word' id='word_1_458' title='bbox 201 2867 282 2897; x_wconf 84' lang='lat' dir='ltr'>quae</span> <span class='ocrx_word' id='word_1_459' title='bbox 306 2858 338 2888; x_wconf 93' lang='lat' dir='ltr'>in</span> <span class='ocrx_word' id='word_1_460' title='bbox 363 2865 476 2899; x_wconf 93' lang='lat' dir='ltr'>quarto</span> <span class='ocrx_word' id='word_1_461' title='bbox 506 2858 740 2890; x_wconf 84' lang='lat' dir='ltr'>Sententiarum</span> <span class='ocrx_word' id='word_1_462' title='bbox 763 2860 844 2891; x_wconf 92' lang='lat' dir='ltr'>libro</span> <span class='ocrx_word' id='word_1_463' title='bbox 870 2860 908 2890; x_wconf 87' lang='lat' dir='ltr'>ab</span> <span class='ocrx_word' id='word_1_464' title='bbox 936 2859 1007 2900; x_wconf 91' lang='lat' dir='ltr'>ipso</span> <span class='ocrx_word' id='word_1_465' title='bbox 1030 2859 1141 2890; x_wconf 88' lang='lat' dir='ltr'>tradita</span> <span class='ocrx_word' id='word_1_466' title='bbox 1165 2867 1275 2900; x_wconf 89' lang='lat' dir='ltr'>protu—</span> 
     </span>
     <span class='ocr_line' id='line_1_59' title="bbox 200 2901 307 2932; baseline 0.009 -1"><span class='ocrx_word' id='word_1_467' title='bbox 200 2901 307 2932; x_wconf 89' lang='lat' dir='ltr'>limus.</span> 
     </span>
    </p>

    <p class='ocr_par' dir='ltr' id='par_1_4' title="bbox 199 2946 1275 3701">
     <span class='ocr_line' id='line_1_60' title="bbox 268 2946 1274 2989; baseline 0.002 -12"><span class='ocrx_word' id='word_1_468' title='bbox 268 2946 442 2977; x_wconf 88' lang='lat' dir='ltr'>Rationum</span> <span class='ocrx_word' id='word_1_469' title='bbox 466 2955 641 2985; x_wconf 90' lang='lat' dir='ltr'>momenta,</span> <span class='ocrx_word' id='word_1_470' title='bbox 666 2949 783 2989; x_wconf 91' lang='lat' dir='ltr'>quibus</span> <span class='ocrx_word' id='word_1_471' title='bbox 802 2948 880 2979; x_wconf 90' lang='lat' dir='ltr'>haec</span> <span class='ocrx_word' id='word_1_472' title='bbox 896 2948 1040 2979; x_wconf 90' lang='lat' dir='ltr'>innititur</span> <span class='ocrx_word' id='word_1_473' title='bbox 1057 2948 1168 2988; x_wconf 90' lang='lat' dir='ltr'>opinio</span> <span class='ocrx_word' id='word_1_474' title='bbox 1184 2949 1274 2979; x_wconf 89' lang='lat' dir='ltr'>Tho-</span> 
     </span>
     <span class='ocr_line' id='line_1_61' title="bbox 201 2991 1275 3034; baseline 0.003 -13"><span class='ocrx_word' id='word_1_475' title='bbox 201 3001 282 3028; x_wconf 85' lang='lat' dir='ltr'>mae,</span> <span class='ocrx_word' id='word_1_476' title='bbox 307 2991 416 3032; x_wconf 88' lang='lat' dir='ltr'>paucis</span> <span class='ocrx_word' id='word_1_477' title='bbox 439 2992 530 3023; x_wconf 90' lang='lat' dir='ltr'>liceat</span> <span class='ocrx_word' id='word_1_478' title='bbox 554 2993 769 3033; x_wconf 85' lang='lat' dir='ltr'>perstringere.</span> <span class='ocrx_word' id='word_1_479' title='bbox 797 2993 877 3024; x_wconf 89' lang='lat' dir='ltr'>lllud</span> <span class='ocrx_word' id='word_1_480' title='bbox 902 2993 1008 3031; x_wconf 81' lang='lat' dir='ltr'>affero,</span> <span class='ocrx_word' id='word_1_481' title='bbox 1033 2993 1123 3034; x_wconf 91' lang='lat' dir='ltr'>quod</span> <span class='ocrx_word' id='word_1_482' title='bbox 1142 2993 1275 3024; x_wconf 89' lang='lat' dir='ltr'>habetur</span> 
     </span>
     <span class='ocr_line' id='line_1_62' title="bbox 200 3035 1274 3079; baseline 0.003 -14"><span class='ocrx_word' id='word_1_483' title='bbox 200 3035 232 3065; x_wconf 90' lang='lat' dir='ltr'>in</span> <span class='ocrx_word' id='word_1_484' title='bbox 253 3036 306 3073; x_wconf 89' lang='lat' dir='ltr'>IV,</span> <span class='ocrx_word' id='word_1_485' title='bbox 324 3036 392 3066; x_wconf 91' lang='lat' dir='ltr'>dist.</span> <span class='ocrx_word' id='word_1_486' title='bbox 414 3046 495 3074; x_wconf 80' lang='lat' dir='ltr'>xxiv,</span> <span class='ocrx_word' id='word_1_487' title='bbox 516 3047 547 3078; x_wconf 88' lang='lat' dir='ltr'>q.</span> <span class='ocrx_word' id='word_1_488' title='bbox 568 3048 612 3075; x_wconf 84' lang='lat'>111,</span> <span class='ocrx_word' id='word_1_489' title='bbox 632 3045 688 3068; x_wconf 89' lang='lat' dir='ltr'>art.</span> <span class='ocrx_word' id='word_1_490' title='bbox 709 3047 744 3076; x_wconf 84' lang='lat'>11,</span> <span class='ocrx_word' id='word_1_491' title='bbox 765 3038 961 3079; x_wconf 88' lang='lat' dir='ltr'>quaestiunc.</span> <span class='ocrx_word' id='word_1_492' title='bbox 976 3049 1000 3068; x_wconf 85' lang='lat'>11</span> <span class='ocrx_word' id='word_1_493' title='bbox 1017 3038 1056 3068; x_wconf 88' lang='lat' dir='ltr'>ad</span> <span class='ocrx_word' id='word_1_494' title='bbox 1074 3045 1103 3068; x_wconf 87' lang='lat'>2:</span> <span class='ocrx_word' id='word_1_495' title='bbox 1127 3050 1142 3065; x_wconf 70' lang='grc' dir='ltr'><strong>α</strong></span> <span class='ocrx_word' id='word_1_496' title='bbox 1159 3037 1274 3069; x_wconf 88' lang='lat' dir='ltr'>Dicen—</span> 
     </span>
     <span class='ocr_line' id='line_1_63' title="bbox 203 3080 1274 3124; baseline 0.005 -16"><span class='ocrx_word' id='word_1_497' title='bbox 203 3093 217 3107; x_wconf 79' lang='grc'><em>»</em></span> <span class='ocrx_word' id='word_1_498' title='bbox 238 3080 326 3118; x_wconf 86' lang='lat' dir='ltr'>dum,</span> <span class='ocrx_word' id='word_1_499' title='bbox 346 3082 435 3121; x_wconf 88' lang='lat' dir='ltr'>quod</span> <span class='ocrx_word' id='word_1_500' title='bbox 455 3081 554 3119; x_wconf 88' lang='lat' dir='ltr'>Ordo,</span> <span class='ocrx_word' id='word_1_501' title='bbox 580 3083 757 3114; x_wconf 90' lang='lat' dir='ltr'>secundum</span> <span class='ocrx_word' id='word_1_502' title='bbox 773 3083 862 3124; x_wconf 93' lang='lat' dir='ltr'>quod</span> <span class='ocrx_word' id='word_1_503' title='bbox 879 3090 925 3113; x_wconf 91' lang='lat' dir='ltr'>est</span> <span class='ocrx_word' id='word_1_504' title='bbox 940 3082 1197 3120; x_wconf 86' lang='lat' dir='ltr'>Sacramentum,</span> <span class='ocrx_word' id='word_1_505' title='bbox 1216 3082 1274 3113; x_wconf 89' lang='lat' dir='ltr'>im-</span> 
     </span>
     <span class='ocr_line' id='line_1_64' title="bbox 202 3125 1274 3168; baseline 0.005 -15"><span class='ocrx_word' id='word_1_506' title='bbox 202 3137 218 3152; x_wconf 70' lang='lat'>»</span> <span class='ocrx_word' id='word_1_507' title='bbox 238 3125 377 3165; x_wconf 88' lang='lat' dir='ltr'>primens</span> <span class='ocrx_word' id='word_1_508' title='bbox 401 3125 630 3164; x_wconf 81' lang='lat' dir='ltr'>characterem,</span> <span class='ocrx_word' id='word_1_509' title='bbox 657 3128 821 3158; x_wconf 88' lang='lat' dir='ltr'>ordinatur</span> <span class='ocrx_word' id='word_1_510' title='bbox 843 3127 1018 3168; x_wconf 88' lang='lat' dir='ltr'>specialiter</span> <span class='ocrx_word' id='word_1_511' title='bbox 1037 3127 1076 3157; x_wconf 93' lang='lat' dir='ltr'>ad</span> <span class='ocrx_word' id='word_1_512' title='bbox 1092 3127 1274 3158; x_wconf 86' lang='lat' dir='ltr'>Sacramen-</span> 
     </span>
     <span class='ocr_line' id='line_1_65' title="bbox 203 3170 1274 3213; baseline 0.004 -15"><span class='ocrx_word' id='word_1_513' title='bbox 203 3182 218 3196; x_wconf 83' lang='grc'>»</span> <span class='ocrx_word' id='word_1_514' title='bbox 238 3176 307 3199; x_wconf 92' lang='lat' dir='ltr'>tum</span> <span class='ocrx_word' id='word_1_515' title='bbox 332 3170 555 3209; x_wconf 84' lang='lat' dir='ltr'>Eucharistiae,</span> <span class='ocrx_word' id='word_1_516' title='bbox 580 3171 612 3201; x_wconf 91' lang='lat' dir='ltr'>in</span> <span class='ocrx_word' id='word_1_517' title='bbox 637 3182 702 3212; x_wconf 93' lang='lat' dir='ltr'>quo</span> <span class='ocrx_word' id='word_1_518' title='bbox 727 3173 794 3213; x_wconf 91' lang='lat' dir='ltr'>ipse</span> <span class='ocrx_word' id='word_1_519' title='bbox 819 3171 963 3203; x_wconf 85' lang='lat' dir='ltr'>Christus</span> <span class='ocrx_word' id='word_1_520' title='bbox 988 3171 1178 3209; x_wconf 89' lang='lat' dir='ltr'>continetur,</span> <span class='ocrx_word' id='word_1_521' title='bbox 1199 3172 1274 3213; x_wconf 88' lang='lat' dir='ltr'>quia</span> 
     </span>
     <span class='ocr_line' id='line_1_66' title="bbox 203 3215 1275 3256; baseline 0.004 -13"><span class='ocrx_word' id='word_1_522' title='bbox 203 3226 217 3241; x_wconf 65' lang='lat' dir='ltr'><em>w</em></span> <span class='ocrx_word' id='word_1_523' title='bbox 238 3224 294 3254; x_wconf 91' lang='lat' dir='ltr'>per</span> <span class='ocrx_word' id='word_1_524' title='bbox 317 3215 534 3245; x_wconf 86' lang='lat' dir='ltr'>characterem</span> <span class='ocrx_word' id='word_1_525' title='bbox 558 3215 618 3256; x_wconf 90' lang='lat' dir='ltr'>ipsi</span> <span class='ocrx_word' id='word_1_526' title='bbox 640 3216 767 3248; x_wconf 89' lang='lat' dir='ltr'>Christo</span> <span class='ocrx_word' id='word_1_527' title='bbox 792 3216 1043 3256; x_wconf 79' lang='lat' dir='ltr'>configuramur:</span> <span class='ocrx_word' id='word_1_528' title='bbox 1068 3223 1098 3246; x_wconf 90' lang='lat' dir='ltr'>et</span> <span class='ocrx_word' id='word_1_529' title='bbox 1113 3216 1186 3247; x_wconf 92' lang='lat' dir='ltr'>ideo</span> <span class='ocrx_word' id='word_1_530' title='bbox 1203 3216 1275 3247; x_wconf 90' lang='lat' dir='ltr'>licet</span> 
     </span>
     <span class='ocr_line' id='line_1_67' title="bbox 203 3259 1273 3301; baseline 0.003 -13"><span class='ocrx_word' id='word_1_531' title='bbox 203 3271 217 3285; x_wconf 64' lang='grc' dir='ltr'><strong><em>ι</em></strong></span> <span class='ocrx_word' id='word_1_532' title='bbox 238 3259 329 3289; x_wconf 88' lang='lat' dir='ltr'>detur</span> <span class='ocrx_word' id='word_1_533' title='bbox 351 3260 461 3300; x_wconf 89' lang='lat' dir='ltr'>aliqua</span> <span class='ocrx_word' id='word_1_534' title='bbox 480 3266 623 3300; x_wconf 89' lang='lat' dir='ltr'>potestas</span> <span class='ocrx_word' id='word_1_535' title='bbox 643 3261 811 3301; x_wconf 88' lang='lat' dir='ltr'>spiritualis</span> <span class='ocrx_word' id='word_1_536' title='bbox 835 3261 998 3301; x_wconf 85' lang='lat' dir='ltr'>Episcopo</span> <span class='ocrx_word' id='word_1_537' title='bbox 1022 3260 1054 3291; x_wconf 89' lang='lat' dir='ltr'>in</span> <span class='ocrx_word' id='word_1_538' title='bbox 1078 3260 1127 3291; x_wconf 85' lang='lat' dir='ltr'>sui</span> <span class='ocrx_word' id='word_1_539' title='bbox 1143 3271 1273 3301; x_wconf 89' lang='lat' dir='ltr'>promo-</span> 
     </span>
     <span class='ocr_line' id='line_1_68' title="bbox 203 3304 1272 3346; baseline 0.001 -12"><span class='ocrx_word' id='word_1_540' title='bbox 203 3316 216 3330; x_wconf 73' lang='lat'>»</span> <span class='ocrx_word' id='word_1_541' title='bbox 238 3304 324 3334; x_wconf 90' lang='lat' dir='ltr'>tione</span> <span class='ocrx_word' id='word_1_542' title='bbox 354 3312 496 3345; x_wconf 87' lang='lat' dir='ltr'>respectu</span> <span class='ocrx_word' id='word_1_543' title='bbox 531 3305 710 3346; x_wconf 91' lang='lat' dir='ltr'>aliquorum</span> <span class='ocrx_word' id='word_1_544' title='bbox 744 3306 1041 3342; x_wconf 77' lang='lat' dir='ltr'>sacramentorum,</span> <span class='ocrx_word' id='word_1_545' title='bbox 1076 3315 1141 3335; x_wconf 90' lang='lat' dir='ltr'>non</span> <span class='ocrx_word' id='word_1_546' title='bbox 1166 3312 1272 3336; x_wconf 86' lang='lat' dir='ltr'>tamen</span> 
     </span>
     <span class='ocr_line' id='line_1_69' title="bbox 203 3349 1273 3390; baseline 0.002 -12"><span class='ocrx_word' id='word_1_547' title='bbox 203 3361 216 3375; x_wconf 67' lang='lat'>2&gt;</span> <span class='ocrx_word' id='word_1_548' title='bbox 236 3349 292 3379; x_wconf 89' lang='lat' dir='ltr'>illa</span> <span class='ocrx_word' id='word_1_549' title='bbox 311 3355 455 3390; x_wconf 86' lang='lat' dir='ltr'>potestas</span> <span class='ocrx_word' id='word_1_550' title='bbox 478 3350 571 3381; x_wconf 89' lang='lat' dir='ltr'>habet</span> <span class='ocrx_word' id='word_1_551' title='bbox 595 3350 750 3381; x_wconf 91' lang='lat' dir='ltr'>rationem</span> <span class='ocrx_word' id='word_1_552' title='bbox 775 3351 980 3381; x_wconf 86' lang='lat' dir='ltr'>characteris.</span> <span class='ocrx_word' id='word_1_553' title='bbox 1002 3350 1043 3380; x_wconf 90' lang='lat' dir='ltr'>Et</span> <span class='ocrx_word' id='word_1_554' title='bbox 1066 3356 1196 3390; x_wconf 90' lang='lat' dir='ltr'>propter</span> <span class='ocrx_word' id='word_1_555' title='bbox 1211 3350 1273 3381; x_wconf 90' lang='lat' dir='ltr'>hoc</span> 
     </span>
     <span class='ocr_line' id='line_1_70' title="bbox 203 3393 1273 3435; baseline 0.001 -11"><span class='ocrx_word' id='word_1_556' title='bbox 203 3406 216 3420; x_wconf 69' lang='lat'>²&gt;</span> <span class='ocrx_word' id='word_1_557' title='bbox 237 3393 447 3435; x_wconf 87' lang='lat' dir='ltr'>Episcopatus</span> <span class='ocrx_word' id='word_1_558' title='bbox 465 3404 530 3424; x_wconf 88' lang='lat' dir='ltr'>non</span> <span class='ocrx_word' id='word_1_559' title='bbox 546 3401 592 3425; x_wconf 89' lang='lat' dir='ltr'>est</span> <span class='ocrx_word' id='word_1_560' title='bbox 611 3394 710 3432; x_wconf 88' lang='lat' dir='ltr'>Ordo,</span> <span class='ocrx_word' id='word_1_561' title='bbox 724 3395 900 3425; x_wconf 91' lang='lat' dir='ltr'>secundum</span> <span class='ocrx_word' id='word_1_562' title='bbox 915 3395 1003 3435; x_wconf 92' lang='lat' dir='ltr'>quod</span> <span class='ocrx_word' id='word_1_563' title='bbox 1015 3394 1104 3425; x_wconf 91' lang='lat' dir='ltr'>Ordo</span> <span class='ocrx_word' id='word_1_564' title='bbox 1120 3394 1273 3435; x_wconf 80' lang='lat' dir='ltr'>estquod-</span> 
     </span>
     <span class='ocr_line' id='line_1_71' title="bbox 202 3438 1273 3479; baseline 0.001 -11"><span class='ocrx_word' id='word_1_565' title='bbox 202 3450 216 3464; x_wconf 77' lang='lat'><strong>»</strong></span> <span class='ocrx_word' id='word_1_566' title='bbox 236 3439 309 3468; x_wconf 89' lang='lat' dir='ltr'>dam</span> <span class='ocrx_word' id='word_1_567' title='bbox 335 3439 590 3470; x_wconf 83' lang='lat' dir='ltr'>Sacramentum.</span> <span class='ocrx_word' id='word_1_568' title='bbox 610 3452 623 3467; x_wconf 69' lang='grc' dir='ltr'>ιο</span> <span class='ocrx_word' id='word_1_569' title='bbox 651 3439 706 3470; x_wconf 91' lang='lat' dir='ltr'>Vis</span> <span class='ocrx_word' id='word_1_570' title='bbox 731 3438 1011 3479; x_wconf 87' lang='lat' dir='ltr'>argumentationis</span> <span class='ocrx_word' id='word_1_571' title='bbox 1031 3438 1148 3479; x_wconf 89' lang='lat' dir='ltr'>pendet</span> <span class='ocrx_word' id='word_1_572' title='bbox 1162 3449 1199 3469; x_wconf 86' lang='lat' dir='ltr'>ex</span> <span class='ocrx_word' id='word_1_573' title='bbox 1215 3449 1273 3469; x_wconf 93' lang='lat' dir='ltr'>no—</span> 
     </span>
     <span class='ocr_line' id='line_1_72' title="bbox 199 3483 1272 3524; baseline 0 -11"><span class='ocrx_word' id='word_1_574' title='bbox 199 3483 285 3513; x_wconf 90' lang='lat' dir='ltr'>tione</span> <span class='ocrx_word' id='word_1_575' title='bbox 310 3484 502 3521; x_wconf 81' lang='lat' dir='ltr'>characteris,</span> <span class='ocrx_word' id='word_1_576' title='bbox 521 3494 587 3524; x_wconf 91' lang='lat' dir='ltr'>quo</span> <span class='ocrx_word' id='word_1_577' title='bbox 612 3483 739 3515; x_wconf 89' lang='lat' dir='ltr'>Christo</span> <span class='ocrx_word' id='word_1_578' title='bbox 758 3483 1006 3524; x_wconf 87' lang='lat' dir='ltr'>configuramur,</span> <span class='ocrx_word' id='word_1_579' title='bbox 1024 3490 1106 3514; x_wconf 84' lang='lat' dir='ltr'>recte</span> <span class='ocrx_word' id='word_1_580' title='bbox 1121 3493 1156 3513; x_wconf 86' lang='lat' dir='ltr'>ac</span> <span class='ocrx_word' id='word_1_581' title='bbox 1172 3483 1272 3524; x_wconf 91' lang='lat' dir='ltr'>probe</span> 
     </span>
     <span class='ocr_line' id='line_1_73' title="bbox 201 3527 1272 3569; baseline 0.001 -12"><span class='ocrx_word' id='word_1_582' title='bbox 201 3528 379 3559; x_wconf 89' lang='lat' dir='ltr'>constituta.</span> <span class='ocrx_word' id='word_1_583' title='bbox 405 3529 473 3559; x_wconf 88' lang='lat' dir='ltr'>Hac</span> <span class='ocrx_word' id='word_1_584' title='bbox 498 3528 536 3558; x_wconf 91' lang='lat' dir='ltr'>de</span> <span class='ocrx_word' id='word_1_585' title='bbox 560 3538 591 3559; x_wconf 88' lang='lat' dir='ltr'>re</span> <span class='ocrx_word' id='word_1_586' title='bbox 616 3529 863 3559; x_wconf 86' lang='lat' dir='ltr'>luculentissime</span> <span class='ocrx_word' id='word_1_587' title='bbox 883 3528 946 3568; x_wconf 87' lang='lat' dir='ltr'>agit</span> <span class='ocrx_word' id='word_1_588' title='bbox 962 3527 1105 3569; x_wconf 83' lang='lat' dir='ltr'>Aquinas</span> <span class='ocrx_word' id='word_1_589' title='bbox 1127 3535 1214 3568; x_wconf 84' lang='lat' dir='ltr'>parte</span> <span class='ocrx_word' id='word_1_590' title='bbox 1232 3527 1272 3558; x_wconf 87' lang='lat'>111</span> 
     </span>
     <span class='ocr_line' id='line_1_74' title="bbox 201 3572 1274 3613; baseline 0 -11"><span class='ocrx_word' id='word_1_591' title='bbox 201 3572 351 3603; x_wconf 88' lang='lat' dir='ltr'>Summae</span> <span class='ocrx_word' id='word_1_592' title='bbox 374 3573 581 3612; x_wconf 86' lang='lat' dir='ltr'>theologicae,</span> <span class='ocrx_word' id='word_1_593' title='bbox 603 3583 657 3613; x_wconf 91' lang='lat' dir='ltr'>qu.</span> <span class='ocrx_word' id='word_1_594' title='bbox 682 3583 777 3610; x_wconf 81' lang='lat' dir='ltr'>ant,</span> <span class='ocrx_word' id='word_1_595' title='bbox 802 3573 856 3603; x_wconf 91' lang='lat' dir='ltr'>ubi</span> <span class='ocrx_word' id='word_1_596' title='bbox 881 3573 973 3603; x_wconf 90' lang='lat' dir='ltr'>docet</span> <span class='ocrx_word' id='word_1_597' title='bbox 996 3579 1052 3603; x_wconf 88' lang='lat' dir='ltr'>urt.</span> <span class='ocrx_word' id='word_1_598' title='bbox 1072 3583 1094 3602; x_wconf 81' lang='grc' dir='ltr'>Π</span> <span class='ocrx_word' id='word_1_599' title='bbox 1117 3579 1147 3602; x_wconf 90' lang='lat' dir='ltr'>et</span> <span class='ocrx_word' id='word_1_600' title='bbox 1165 3582 1198 3602; x_wconf 78' lang='lat' dir='ltr'>vr</span> <span class='ocrx_word' id='word_1_601' title='bbox 1218 3581 1274 3612; x_wconf 88' lang='lat' dir='ltr'>per</span> 
     </span>
     <span class='ocr_line' id='line_1_75' title="bbox 202 3616 1271 3657; baseline 0 -11"><span class='ocrx_word' id='word_1_602' title='bbox 202 3626 237 3646; x_wconf 88' lang='lat' dir='ltr'>ea</span> <span class='ocrx_word' id='word_1_603' title='bbox 261 3617 459 3647; x_wconf 88' lang='lat' dir='ltr'>Sacramenta</span> <span class='ocrx_word' id='word_1_604' title='bbox 479 3627 579 3647; x_wconf 84' lang='lat' dir='ltr'>novae</span> <span class='ocrx_word' id='word_1_605' title='bbox 595 3617 671 3656; x_wconf 83' lang='lat' dir='ltr'>legis</span> <span class='ocrx_word' id='word_1_606' title='bbox 687 3617 827 3657; x_wconf 86' lang='lat' dir='ltr'>imprimi</span> <span class='ocrx_word' id='word_1_607' title='bbox 845 3617 1065 3654; x_wconf 84' lang='lat' dir='ltr'>characterem,</span> <span class='ocrx_word' id='word_1_608' title='bbox 1082 3616 1198 3656; x_wconf 91' lang='lat' dir='ltr'>quibus</span> <span class='ocrx_word' id='word_1_609' title='bbox 1213 3616 1271 3646; x_wconf 91' lang='lat' dir='ltr'>ho-</span> 
     </span>
     <span class='ocr_line' id='line_1_76' title="bbox 202 3660 1270 3701; baseline 0 -10"><span class='ocrx_word' id='word_1_610' title='bbox 202 3660 302 3690; x_wconf 89' lang='lat' dir='ltr'>mines</span> <span class='ocrx_word' id='word_1_611' title='bbox 327 3661 474 3701; x_wconf 84' lang='lat' dir='ltr'>peculiari</span> <span class='ocrx_word' id='word_1_612' title='bbox 499 3661 618 3691; x_wconf 87' lang='lat' dir='ltr'>ratione</span> <span class='ocrx_word' id='word_1_613' title='bbox 641 3661 839 3701; x_wconf 85' lang='lat' dir='ltr'>deputantur</span> <span class='ocrx_word' id='word_1_614' title='bbox 862 3661 905 3691; x_wconf 87' lang='lat' dir='ltr'>ad</span> <span class='ocrx_word' id='word_1_615' title='bbox 928 3661 1048 3691; x_wconf 87' lang='lat' dir='ltr'>cultum</span> <span class='ocrx_word' id='word_1_616' title='bbox 1072 3660 1136 3690; x_wconf 90' lang='lat' dir='ltr'>Dei</span> <span class='ocrx_word' id='word_1_617' title='bbox 1158 3670 1270 3691; x_wconf 85' lang='lat' dir='ltr'>secun-</span> 
     </span>
    </p>
   </div>
   <div class='ocr_carea' id='block_1_3' title="bbox 964 277 1705 318">
    <p class='ocr_par' dir='ltr' id='par_1_5' title="bbox 964 277 1705 318">
     <span class='ocr_line' id='line_1_77' title="bbox 964 277 1705 318; baseline 0.005 -4"><span class='ocrx_word' id='word_1_618' title='bbox 964 277 1426 315; x_wconf 89' lang='lat' dir='ltr'>DISSERTATIONES</span> <span class='ocrx_word' id='word_1_619' title='bbox 1457 279 1705 318; x_wconf 90' lang='lat' dir='ltr'>CRITICAE</span> 
     </span>
    </p>
   </div>
   <div class='ocr_carea' id='block_1_4' title="bbox 1328 358 2421 3696">
    <p class='ocr_par' dir='ltr' id='par_1_6' title="bbox 1338 358 2421 1155">
     <span class='ocr_line' id='line_1_78' title="bbox 1346 358 2421 404; baseline 0.007 -16"><span class='ocrx_word' id='word_1_620' title='bbox 1346 358 1422 389; x_wconf 89' lang='lat' dir='ltr'>dum</span> <span class='ocrx_word' id='word_1_621' title='bbox 1441 361 1538 391; x_wconf 84' lang='lat' dir='ltr'>ritum</span> <span class='ocrx_word' id='word_1_622' title='bbox 1567 361 1772 392; x_wconf 81' lang='lat' dir='ltr'>Christianae</span> <span class='ocrx_word' id='word_1_623' title='bbox 1793 363 1993 404; x_wconf 79' lang='lat' dir='ltr'>Religionis:</span> <span class='ocrx_word' id='word_1_624' title='bbox 2012 363 2136 395; x_wconf 88' lang='lat' dir='ltr'>cultum</span> <span class='ocrx_word' id='word_1_625' title='bbox 2158 363 2255 394; x_wconf 92' lang='lat' dir='ltr'>istum</span> <span class='ocrx_word' id='word_1_626' title='bbox 2276 364 2421 396; x_wconf 88' lang='lat' dir='ltr'>divinum</span> 
     </span>
     <span class='ocr_line' id='line_1_79' title="bbox 1340 405 2420 445; baseline 0.006 -12"><span class='ocrx_word' id='word_1_627' title='bbox 1340 405 1519 444; x_wconf 83' lang='lat' dir='ltr'>praecipue</span> <span class='ocrx_word' id='word_1_628' title='bbox 1541 405 1684 445; x_wconf 91' lang='lat' dir='ltr'>positum</span> <span class='ocrx_word' id='word_1_629' title='bbox 1709 416 1775 437; x_wconf 89' lang='lat' dir='ltr'>esse</span> <span class='ocrx_word' id='word_1_630' title='bbox 1798 407 1831 437; x_wconf 92' lang='lat' dir='ltr'>in</span> <span class='ocrx_word' id='word_1_631' title='bbox 1856 407 2054 438; x_wconf 89' lang='lat' dir='ltr'>confectione</span> <span class='ocrx_word' id='word_1_632' title='bbox 2078 408 2271 439; x_wconf 88' lang='lat' dir='ltr'>Sacramenti</span> <span class='ocrx_word' id='word_1_633' title='bbox 2295 409 2420 440; x_wconf 86' lang='lat' dir='ltr'>Eucha-</span> 
     </span>
     <span class='ocr_line' id='line_1_80' title="bbox 1345 447 2420 493; baseline 0.006 -16"><span class='ocrx_word' id='word_1_634' title='bbox 1345 447 1449 478; x_wconf 88' lang='lat' dir='ltr'>ristiae</span> <span class='ocrx_word' id='word_1_635' title='bbox 1472 456 1503 479; x_wconf 90' lang='lat' dir='ltr'>et</span> <span class='ocrx_word' id='word_1_636' title='bbox 1525 449 1558 480; x_wconf 93' lang='lat' dir='ltr'>in</span> <span class='ocrx_word' id='word_1_637' title='bbox 1575 450 1736 481; x_wconf 89' lang='lat' dir='ltr'>oblatione</span> <span class='ocrx_word' id='word_1_638' title='bbox 1754 451 1903 482; x_wconf 86' lang='lat' dir='ltr'>sacrificii:</span> <span class='ocrx_word' id='word_1_639' title='bbox 1921 452 2069 482; x_wconf 87' lang='lat' dir='ltr'>homines</span> <span class='ocrx_word' id='word_1_640' title='bbox 2085 462 2160 493; x_wconf 85' lang='lat' dir='ltr'>ergo</span> <span class='ocrx_word' id='word_1_641' title='bbox 2178 453 2218 482; x_wconf 91' lang='lat' dir='ltr'>ad</span> <span class='ocrx_word' id='word_1_642' title='bbox 2233 452 2420 484; x_wconf 89' lang='lat' dir='ltr'>huiusmodi</span> 
     </span>
     <span class='ocr_line' id='line_1_81' title="bbox 1345 492 2419 537; baseline 0.006 -15"><span class='ocrx_word' id='word_1_643' title='bbox 1345 492 1468 523; x_wconf 87' lang='lat' dir='ltr'>cultum</span> <span class='ocrx_word' id='word_1_644' title='bbox 1492 494 1660 534; x_wconf 89' lang='lat' dir='ltr'>deputatos</span> <span class='ocrx_word' id='word_1_645' title='bbox 1683 495 1826 535; x_wconf 88' lang='lat' dir='ltr'>intelligi,</span> <span class='ocrx_word' id='word_1_646' title='bbox 1841 496 1892 526; x_wconf 87' lang='lat' dir='ltr'>vel</span> <span class='ocrx_word' id='word_1_647' title='bbox 1915 497 1990 537; x_wconf 92' lang='lat' dir='ltr'>quia</span> <span class='ocrx_word' id='word_1_648' title='bbox 2006 497 2168 528; x_wconf 87' lang='lat' dir='ltr'>confertur</span> <span class='ocrx_word' id='word_1_649' title='bbox 2186 497 2262 537; x_wconf 92' lang='lat' dir='ltr'>ipsis</span> <span class='ocrx_word' id='word_1_650' title='bbox 2277 498 2419 537; x_wconf 88' lang='lat' dir='ltr'>potentia</span> 
     </span>
     <span class='ocr_line' id='line_1_82' title="bbox 1343 536 2419 581; baseline 0.006 -15"><span class='ocrx_word' id='word_1_651' title='bbox 1343 536 1514 577; x_wconf 89' lang='lat' dir='ltr'>recipiendi</span> <span class='ocrx_word' id='word_1_652' title='bbox 1538 539 1748 577; x_wconf 90' lang='lat' dir='ltr'>Sacramenta,</span> <span class='ocrx_word' id='word_1_653' title='bbox 1770 540 1970 581; x_wconf 87' lang='lat' dir='ltr'>maximeque</span> <span class='ocrx_word' id='word_1_654' title='bbox 1994 541 2236 579; x_wconf 71' lang='lat' dir='ltr'>Eucharisdam,</span> <span class='ocrx_word' id='word_1_655' title='bbox 2254 548 2290 572; x_wconf 91' lang='lat' dir='ltr'>ut</span> <span class='ocrx_word' id='word_1_656' title='bbox 2313 541 2346 572; x_wconf 92' lang='lat' dir='ltr'>in</span> <span class='ocrx_word' id='word_1_657' title='bbox 2360 542 2419 573; x_wconf 91' lang='lat' dir='ltr'>Ba-</span> 
     </span>
     <span class='ocr_line' id='line_1_83' title="bbox 1343 581 2417 625; baseline 0.006 -14"><span class='ocrx_word' id='word_1_658' title='bbox 1343 581 1500 620; x_wconf 88' lang='lat' dir='ltr'>ptismate;</span> <span class='ocrx_word' id='word_1_659' title='bbox 1524 583 1574 613; x_wconf 91' lang='lat' dir='ltr'>vel</span> <span class='ocrx_word' id='word_1_660' title='bbox 1598 584 1673 624; x_wconf 90' lang='lat' dir='ltr'>quia</span> <span class='ocrx_word' id='word_1_661' title='bbox 1696 584 1804 614; x_wconf 90' lang='lat' dir='ltr'>idonei</span> <span class='ocrx_word' id='word_1_662' title='bbox 1827 583 1909 615; x_wconf 88' lang='lat' dir='ltr'>fiunt</span> <span class='ocrx_word' id='word_1_663' title='bbox 1931 586 1971 615; x_wconf 88' lang='lat' dir='ltr'>ad</span> <span class='ocrx_word' id='word_1_664' title='bbox 1995 585 2231 625; x_wconf 89' lang='lat' dir='ltr'>impugnandos</span> <span class='ocrx_word' id='word_1_665' title='bbox 2255 585 2329 616; x_wconf 92' lang='lat' dir='ltr'>fidei</span> <span class='ocrx_word' id='word_1_666' title='bbox 2353 586 2417 617; x_wconf 91' lang='lat' dir='ltr'>cul-</span> 
     </span>
     <span class='ocr_line' id='line_1_84' title="bbox 1342 627 2418 672; baseline 0.006 -17"><span class='ocrx_word' id='word_1_667' title='bbox 1342 632 1457 666; x_wconf 92' lang='lat' dir='ltr'>tusque</span> <span class='ocrx_word' id='word_1_668' title='bbox 1482 627 1578 657; x_wconf 91' lang='lat' dir='ltr'>divini</span> <span class='ocrx_word' id='word_1_669' title='bbox 1602 628 1720 666; x_wconf 87' lang='lat' dir='ltr'>hostes,</span> <span class='ocrx_word' id='word_1_670' title='bbox 1739 635 1774 659; x_wconf 91' lang='lat' dir='ltr'>ut</span> <span class='ocrx_word' id='word_1_671' title='bbox 1788 628 1821 659; x_wconf 88' lang='lat' dir='ltr'>in</span> <span class='ocrx_word' id='word_1_672' title='bbox 1846 628 2109 668; x_wconf 86' lang='lat' dir='ltr'>Confirmatione;</span> <span class='ocrx_word' id='word_1_673' title='bbox 2125 630 2176 660; x_wconf 91' lang='lat' dir='ltr'>vel</span> <span class='ocrx_word' id='word_1_674' title='bbox 2195 630 2327 660; x_wconf 88' lang='lat' dir='ltr'>demum</span> <span class='ocrx_word' id='word_1_675' title='bbox 2343 631 2418 672; x_wconf 87' lang='lat' dir='ltr'>quia</span> 
     </span>
     <span class='ocr_line' id='line_1_85' title="bbox 1341 669 2416 710; baseline 0.006 -11"><span class='ocrx_word' id='word_1_676' title='bbox 1341 669 1410 709; x_wconf 90' lang='lat' dir='ltr'>ipsa</span> <span class='ocrx_word' id='word_1_677' title='bbox 1433 670 1572 710; x_wconf 84' lang='lat' dir='ltr'>potestas</span> <span class='ocrx_word' id='word_1_678' title='bbox 1603 673 1787 703; x_wconf 90' lang='lat' dir='ltr'>conceditur</span> <span class='ocrx_word' id='word_1_679' title='bbox 1816 672 2004 704; x_wconf 91' lang='lat' dir='ltr'>conficiendi</span> <span class='ocrx_word' id='word_1_680' title='bbox 2034 674 2264 704; x_wconf 89' lang='lat' dir='ltr'>Eucharistiam</span> <span class='ocrx_word' id='word_1_681' title='bbox 2288 681 2319 705; x_wconf 92' lang='lat' dir='ltr'>et</span> <span class='ocrx_word' id='word_1_682' title='bbox 2341 675 2416 705; x_wconf 89' lang='lat' dir='ltr'>offe-</span> 
     </span>
     <span class='ocr_line' id='line_1_86' title="bbox 1341 714 2416 758; baseline 0.005 -14"><span class='ocrx_word' id='word_1_683' title='bbox 1341 714 1429 744; x_wconf 92' lang='lat' dir='ltr'>rendi</span> <span class='ocrx_word' id='word_1_684' title='bbox 1453 715 1653 755; x_wconf 88' lang='lat' dir='ltr'>sacrificium,</span> <span class='ocrx_word' id='word_1_685' title='bbox 1677 724 1772 758; x_wconf 90' lang='lat' dir='ltr'>atque</span> <span class='ocrx_word' id='word_1_686' title='bbox 1795 727 1852 757; x_wconf 88' lang='lat' dir='ltr'>par</span> <span class='ocrx_word' id='word_1_687' title='bbox 1875 724 1963 748; x_wconf 90' lang='lat' dir='ltr'>tanto</span> <span class='ocrx_word' id='word_1_688' title='bbox 1987 718 2190 749; x_wconf 87' lang='lat' dir='ltr'>Sacramento</span> <span class='ocrx_word' id='word_1_689' title='bbox 2214 725 2246 749; x_wconf 90' lang='lat' dir='ltr'>et</span> <span class='ocrx_word' id='word_1_690' title='bbox 2264 718 2416 750; x_wconf 89' lang='lat' dir='ltr'>sacrificio</span> 
     </span>
     <span class='ocr_line' id='line_1_87' title="bbox 1340 758 2416 804; baseline 0.007 -17"><span class='ocrx_word' id='word_1_691' title='bbox 1340 758 1552 789; x_wconf 90' lang='lat' dir='ltr'>ministerium</span> <span class='ocrx_word' id='word_1_692' title='bbox 1576 760 1793 801; x_wconf 90' lang='lat' dir='ltr'>impendendi,</span> <span class='ocrx_word' id='word_1_693' title='bbox 1811 768 1847 792; x_wconf 93' lang='lat' dir='ltr'>ut</span> <span class='ocrx_word' id='word_1_694' title='bbox 1869 761 1901 792; x_wconf 91' lang='lat' dir='ltr'>in</span> <span class='ocrx_word' id='word_1_695' title='bbox 1922 761 2042 792; x_wconf 89' lang='lat' dir='ltr'>Ordine</span> <span class='ocrx_word' id='word_1_696' title='bbox 2057 764 2289 804; x_wconf 87' lang='lat' dir='ltr'>presbyteratus</span> <span class='ocrx_word' id='word_1_697' title='bbox 2305 770 2336 794; x_wconf 91' lang='lat' dir='ltr'>et</span> <span class='ocrx_word' id='word_1_698' title='bbox 2351 764 2416 794; x_wconf 86' lang='lat' dir='ltr'>dia-</span> 
     </span>
     <span class='ocr_line' id='line_1_88' title="bbox 1340 804 2415 848; baseline 0.006 -16"><span class='ocrx_word' id='word_1_699' title='bbox 1340 810 1483 833; x_wconf 88' lang='lat' dir='ltr'>conatus.</span> <span class='ocrx_word' id='word_1_700' title='bbox 1508 804 1608 845; x_wconf 87' lang='lat' dir='ltr'>Atqui</span> <span class='ocrx_word' id='word_1_701' title='bbox 1638 815 1714 835; x_wconf 91' lang='lat' dir='ltr'>vero</span> <span class='ocrx_word' id='word_1_702' title='bbox 1742 805 1775 835; x_wconf 92' lang='lat' dir='ltr'>in</span> <span class='ocrx_word' id='word_1_703' title='bbox 1805 806 2009 845; x_wconf 89' lang='lat' dir='ltr'>promotione</span> <span class='ocrx_word' id='word_1_704' title='bbox 2042 807 2092 837; x_wconf 90' lang='lat' dir='ltr'>vel</span> <span class='ocrx_word' id='word_1_705' title='bbox 2116 807 2316 838; x_wconf 89' lang='lat' dir='ltr'>ordinatione</span> <span class='ocrx_word' id='word_1_706' title='bbox 2340 808 2415 848; x_wconf 90' lang='lat' dir='ltr'>Epi·</span> 
     </span>
     <span class='ocr_line' id='line_1_89' title="bbox 1340 847 2414 891; baseline 0.006 -15"><span class='ocrx_word' id='word_1_707' title='bbox 1340 847 1428 887; x_wconf 88' lang='lat' dir='ltr'>scopi</span> <span class='ocrx_word' id='word_1_708' title='bbox 1452 847 1541 887; x_wconf 77' lang='lat' dir='ltr'>nulla</span> <span class='ocrx_word' id='word_1_709' title='bbox 1564 848 1725 879; x_wconf 87' lang='lat' dir='ltr'>confertur</span> <span class='ocrx_word' id='word_1_710' title='bbox 1754 849 1814 889; x_wconf 89' lang='lat' dir='ltr'>ipsi</span> <span class='ocrx_word' id='word_1_711' title='bbox 1838 857 1993 889; x_wconf 89' lang='lat' dir='ltr'>potestas,</span> <span class='ocrx_word' id='word_1_712' title='bbox 2019 861 2083 891; x_wconf 89' lang='lat' dir='ltr'>qua</span> <span class='ocrx_word' id='word_1_713' title='bbox 2105 851 2214 891; x_wconf 89' lang='lat' dir='ltr'>ipsum</span> <span class='ocrx_word' id='word_1_714' title='bbox 2241 858 2313 891; x_wconf 82' lang='lat' dir='ltr'>agat</span> <span class='ocrx_word' id='word_1_715' title='bbox 2336 851 2414 882; x_wconf 90' lang='lat' dir='ltr'>divi-</span> 
     </span>
     <span class='ocr_line' id='line_1_90' title="bbox 1339 892 2414 931; baseline 0.006 -10"><span class='ocrx_word' id='word_1_716' title='bbox 1339 901 1419 921; x_wconf 90' lang='lat' dir='ltr'>num</span> <span class='ocrx_word' id='word_1_717' title='bbox 1444 892 1577 931; x_wconf 88' lang='lat' dir='ltr'>cultum,</span> <span class='ocrx_word' id='word_1_718' title='bbox 1603 893 1802 924; x_wconf 87' lang='lat' dir='ltr'>conficiendo</span> <span class='ocrx_word' id='word_1_719' title='bbox 1826 894 1943 924; x_wconf 84' lang='lat' dir='ltr'>scilicet</span> <span class='ocrx_word' id='word_1_720' title='bbox 1958 894 2189 925; x_wconf 85' lang='lat' dir='ltr'>Eucharistiam</span> <span class='ocrx_word' id='word_1_721' title='bbox 2205 903 2237 926; x_wconf 91' lang='lat' dir='ltr'>et</span> <span class='ocrx_word' id='word_1_722' title='bbox 2252 895 2414 927; x_wconf 86' lang='lat' dir='ltr'>offerendo</span> 
     </span>
     <span class='ocr_line' id='line_1_91' title="bbox 1339 935 2415 979; baseline 0.005 -14"><span class='ocrx_word' id='word_1_723' title='bbox 1339 935 1546 974; x_wconf 89' lang='lat' dir='ltr'>sacrificium,</span> <span class='ocrx_word' id='word_1_724' title='bbox 1576 944 1631 968; x_wconf 90' lang='lat' dir='ltr'>aut</span> <span class='ocrx_word' id='word_1_725' title='bbox 1654 937 1866 968; x_wconf 89' lang='lat' dir='ltr'>ministerium</span> <span class='ocrx_word' id='word_1_726' title='bbox 1897 938 2028 979; x_wconf 84' lang='lat' dir='ltr'>aliquod</span> <span class='ocrx_word' id='word_1_727' title='bbox 2061 939 2267 979; x_wconf 83' lang='lat' dir='ltr'>praestando:</span> <span class='ocrx_word' id='word_1_728' title='bbox 2292 941 2347 970; x_wconf 91' lang='lat' dir='ltr'>sed</span> <span class='ocrx_word' id='word_1_729' title='bbox 2369 940 2415 970; x_wconf 89' lang='lat' dir='ltr'>illi</span> 
     </span>
     <span class='ocr_line' id='line_1_92' title="bbox 1338 981 2415 1022; baseline 0.005 -12"><span class='ocrx_word' id='word_1_730' title='bbox 1338 987 1477 1020; x_wconf 87' lang='lat' dir='ltr'>potestas</span> <span class='ocrx_word' id='word_1_731' title='bbox 1501 981 1633 1012; x_wconf 87' lang='lat' dir='ltr'>traditur</span> <span class='ocrx_word' id='word_1_732' title='bbox 1662 982 1702 1012; x_wconf 89' lang='lat' dir='ltr'>ad</span> <span class='ocrx_word' id='word_1_733' title='bbox 1725 982 1975 1022; x_wconf 89' lang='lat' dir='ltr'>mancipandum</span> <span class='ocrx_word' id='word_1_734' title='bbox 1998 983 2078 1013; x_wconf 88' lang='lat' dir='ltr'>alios</span> <span class='ocrx_word' id='word_1_735' title='bbox 2107 983 2207 1014; x_wconf 89' lang='lat' dir='ltr'>cultui</span> <span class='ocrx_word' id='word_1_736' title='bbox 2228 983 2337 1015; x_wconf 79' lang='lat' dir='ltr'>divino</span> <span class='ocrx_word' id='word_1_737' title='bbox 2358 994 2415 1015; x_wconf 90' lang='lat' dir='ltr'>seu</span> 
     </span>
     <span class='ocr_line' id='line_1_93' title="bbox 1338 1025 2414 1068; baseline 0.004 -14"><span class='ocrx_word' id='word_1_738' title='bbox 1338 1025 1500 1055; x_wconf 91' lang='lat' dir='ltr'>ministros</span> <span class='ocrx_word' id='word_1_739' title='bbox 1529 1026 1749 1066; x_wconf 88' lang='lat' dir='ltr'>deputandos,</span> <span class='ocrx_word' id='word_1_740' title='bbox 1783 1026 1839 1067; x_wconf 89' lang='lat' dir='ltr'>qui</span> <span class='ocrx_word' id='word_1_741' title='bbox 1871 1027 2008 1057; x_wconf 86' lang='lat' dir='ltr'>maxime</span> <span class='ocrx_word' id='word_1_742' title='bbox 2039 1027 2238 1067; x_wconf 90' lang='lat' dir='ltr'>praedictum</span> <span class='ocrx_word' id='word_1_743' title='bbox 2266 1037 2414 1068; x_wconf 85' lang='lat' dir='ltr'>peragere</span> 
     </span>
     <span class='ocr_line' id='line_1_94' title="bbox 1338 1070 2413 1113; baseline 0.004 -14"><span class='ocrx_word' id='word_1_744' title='bbox 1338 1077 1456 1110; x_wconf 84' lang='lat' dir='ltr'>queant</span> <span class='ocrx_word' id='word_1_745' title='bbox 1479 1070 1602 1101; x_wconf 89' lang='lat' dir='ltr'>cultum</span> <span class='ocrx_word' id='word_1_746' title='bbox 1626 1071 1779 1102; x_wconf 91' lang='lat' dir='ltr'>divinum.</span> <span class='ocrx_word' id='word_1_747' title='bbox 1806 1071 1914 1112; x_wconf 89' lang='lat' dir='ltr'>Itaque</span> <span class='ocrx_word' id='word_1_748' title='bbox 1939 1071 2125 1102; x_wconf 91' lang='lat' dir='ltr'>huiusmodi</span> <span class='ocrx_word' id='word_1_749' title='bbox 2149 1082 2231 1113; x_wconf 90' lang='lat' dir='ltr'>quae</span> <span class='ocrx_word' id='word_1_750' title='bbox 2250 1072 2413 1113; x_wconf 87' lang='lat' dir='ltr'>Episcopo</span> 
     </span>
     <span class='ocr_line' id='line_1_95' title="bbox 1338 1115 1953 1155; baseline 0.003 -11"><span class='ocrx_word' id='word_1_751' title='bbox 1338 1115 1429 1145; x_wconf 91' lang='lat' dir='ltr'>datur</span> <span class='ocrx_word' id='word_1_752' title='bbox 1452 1121 1602 1155; x_wconf 90' lang='lat' dir='ltr'>potestas,</span> <span class='ocrx_word' id='word_1_753' title='bbox 1627 1125 1694 1146; x_wconf 88' lang='lat' dir='ltr'>non</span> <span class='ocrx_word' id='word_1_754' title='bbox 1717 1123 1764 1146; x_wconf 90' lang='lat' dir='ltr'>est</span> <span class='ocrx_word' id='word_1_755' title='bbox 1787 1116 1953 1146; x_wconf 83' lang='lat' dir='ltr'>character.</span> 
     </span>
    </p>

    <p class='ocr_par' dir='ltr' id='par_1_7' title="bbox 1332 1159 2414 2171">
     <span class='ocr_line' id='line_1_96' title="bbox 1405 1159 2411 1201; baseline 0.002 -12"><span class='ocrx_word' id='word_1_756' title='bbox 1405 1159 1527 1189; x_wconf 87' lang='lat' dir='ltr'>Eadem</span> <span class='ocrx_word' id='word_1_757' title='bbox 1550 1159 1582 1189; x_wconf 93' lang='lat' dir='ltr'>in</span> <span class='ocrx_word' id='word_1_758' title='bbox 1607 1160 1793 1200; x_wconf 86' lang='lat' dir='ltr'>quaestione</span> <span class='ocrx_word' id='word_1_759' title='bbox 1817 1170 1891 1190; x_wconf 77' lang='lat' dir='ltr'>Lxm</span> <span class='ocrx_word' id='word_1_760' title='bbox 1912 1161 2008 1190; x_wconf 88' lang='lat' dir='ltr'>verba</span> <span class='ocrx_word' id='word_1_761' title='bbox 2030 1167 2105 1191; x_wconf 87' lang='lat' dir='ltr'>sunt</span> <span class='ocrx_word' id='word_1_762' title='bbox 2127 1160 2277 1191; x_wconf 90' lang='lat' dir='ltr'>Doctoris</span> <span class='ocrx_word' id='word_1_763' title='bbox 2305 1163 2411 1201; x_wconf 86' lang='lat' dir='ltr'>Ange-</span> 
     </span>
     <span class='ocr_line' id='line_1_97' title="bbox 1337 1203 2411 1245; baseline 0.003 -12"><span class='ocrx_word' id='word_1_764' title='bbox 1337 1203 1389 1233; x_wconf 90' lang='lat' dir='ltr'>lici</span> <span class='ocrx_word' id='word_1_765' title='bbox 1412 1204 1684 1234; x_wconf 88' lang='lat' dir='ltr'>animadversione</span> <span class='ocrx_word' id='word_1_766' title='bbox 1709 1205 1893 1245; x_wconf 89' lang='lat' dir='ltr'>dignissima</span> <span class='ocrx_word' id='word_1_767' title='bbox 1915 1212 1972 1236; x_wconf 85' lang='lat' dir='ltr'>art.</span> <span class='ocrx_word' id='word_1_768' title='bbox 1988 1212 2026 1235; x_wconf 87' lang='lat' dir='ltr'>v:</span> <span class='ocrx_word' id='word_1_769' title='bbox 2055 1219 2070 1233; x_wconf 69' lang='grc' dir='ltr'><strong><em>ι</em></strong></span> <span class='ocrx_word' id='word_1_770' title='bbox 2099 1205 2279 1236; x_wconf 86' lang='lat' dir='ltr'>Character</span> <span class='ocrx_word' id='word_1_771' title='bbox 2299 1214 2411 1236; x_wconf 85' lang='lat' dir='ltr'>sacra-</span> 
     </span>
     <span class='ocr_line' id='line_1_98' title="bbox 1341 1248 2413 1290; baseline 0.002 -12"><span class='ocrx_word' id='word_1_772' title='bbox 1341 1260 1355 1274; x_wconf 81' lang='lat'><strong>»</strong></span> <span class='ocrx_word' id='word_1_773' title='bbox 1378 1249 1527 1279; x_wconf 87' lang='lat' dir='ltr'>mentalis</span> <span class='ocrx_word' id='word_1_774' title='bbox 1559 1256 1606 1279; x_wconf 92' lang='lat' dir='ltr'>est</span> <span class='ocrx_word' id='word_1_775' title='bbox 1628 1249 1786 1290; x_wconf 89' lang='lat' dir='ltr'>quaedam</span> <span class='ocrx_word' id='word_1_776' title='bbox 1818 1248 2015 1290; x_wconf 89' lang='lat' dir='ltr'>participatio</span> <span class='ocrx_word' id='word_1_777' title='bbox 2038 1250 2212 1280; x_wconf 84' lang='lat' dir='ltr'>sacerdotii</span> <span class='ocrx_word' id='word_1_778' title='bbox 2236 1249 2359 1280; x_wconf 85' lang='lat' dir='ltr'>Christi</span> <span class='ocrx_word' id='word_1_779' title='bbox 2379 1249 2413 1280; x_wconf 91' lang='lat' dir='ltr'>in</span> 
     </span>
     <span class='ocr_line' id='line_1_99' title="bbox 1340 1292 2413 1334; baseline 0.002 -12"><span class='ocrx_word' id='word_1_780' title='bbox 1340 1304 1354 1318; x_wconf 80' lang='lat'><strong>»</strong></span> <span class='ocrx_word' id='word_1_781' title='bbox 1377 1292 1523 1323; x_wconf 89' lang='lat' dir='ltr'>fidelibus</span> <span class='ocrx_word' id='word_1_782' title='bbox 1557 1293 1640 1324; x_wconf 89' lang='lat' dir='ltr'>eius:</span> <span class='ocrx_word' id='word_1_783' title='bbox 1671 1300 1707 1324; x_wconf 91' lang='lat' dir='ltr'>ut</span> <span class='ocrx_word' id='word_1_784' title='bbox 1730 1293 1847 1324; x_wconf 88' lang='lat' dir='ltr'>scilicet</span> <span class='ocrx_word' id='word_1_785' title='bbox 1870 1293 1952 1324; x_wconf 90' lang='lat' dir='ltr'>sicut</span> <span class='ocrx_word' id='word_1_786' title='bbox 1980 1293 2126 1325; x_wconf 90' lang='lat' dir='ltr'>Christus</span> <span class='ocrx_word' id='word_1_787' title='bbox 2158 1294 2253 1324; x_wconf 87' lang='lat' dir='ltr'>habet</span> <span class='ocrx_word' id='word_1_788' title='bbox 2284 1293 2413 1334; x_wconf 83' lang='lat' dir='ltr'>plenam</span> 
     </span>
     <span class='ocr_line' id='line_1_100' title="bbox 1340 1337 2413 1378; baseline 0.002 -12"><span class='ocrx_word' id='word_1_789' title='bbox 1340 1350 1353 1364; x_wconf 72' lang='lat'>2»</span> <span class='ocrx_word' id='word_1_790' title='bbox 1378 1337 1573 1377; x_wconf 90' lang='lat' dir='ltr'>spiritualem</span> <span class='ocrx_word' id='word_1_791' title='bbox 1598 1338 1763 1369; x_wconf 90' lang='lat' dir='ltr'>sacerdotii</span> <span class='ocrx_word' id='word_1_792' title='bbox 1787 1345 1988 1378; x_wconf 89' lang='lat' dir='ltr'>potestatem,</span> <span class='ocrx_word' id='word_1_793' title='bbox 2008 1338 2051 1369; x_wconf 91' lang='lat' dir='ltr'>ita</span> <span class='ocrx_word' id='word_1_794' title='bbox 2074 1337 2183 1369; x_wconf 89' lang='lat' dir='ltr'>fideles</span> <span class='ocrx_word' id='word_1_795' title='bbox 2202 1337 2270 1368; x_wconf 91' lang='lat' dir='ltr'>eius</span> <span class='ocrx_word' id='word_1_796' title='bbox 2294 1337 2413 1369; x_wconf 87' lang='lat' dir='ltr'>eicon·</span> 
     </span>
     <span class='ocr_line' id='line_1_101' title="bbox 1339 1380 2414 1425; baseline 0.002 -14"><span class='ocrx_word' id='word_1_797' title='bbox 1339 1394 1353 1408; x_wconf 86' lang='lat'><strong>»</strong></span> <span class='ocrx_word' id='word_1_798' title='bbox 1376 1381 1552 1421; x_wconf 89' lang='lat' dir='ltr'>figurentur</span> <span class='ocrx_word' id='word_1_799' title='bbox 1575 1380 1654 1424; x_wconf 90' lang='lat' dir='ltr'>(seu</span> <span class='ocrx_word' id='word_1_800' title='bbox 1678 1381 1919 1425; x_wconf 88' lang='lat' dir='ltr'>adsimilentur)</span> <span class='ocrx_word' id='word_1_801' title='bbox 1943 1382 1976 1413; x_wconf 92' lang='lat' dir='ltr'>in</span> <span class='ocrx_word' id='word_1_802' title='bbox 1999 1383 2081 1421; x_wconf 93' lang='lat' dir='ltr'>hoc,</span> <span class='ocrx_word' id='word_1_803' title='bbox 2107 1382 2196 1424; x_wconf 93' lang='lat' dir='ltr'>quod</span> <span class='ocrx_word' id='word_1_804' title='bbox 2225 1381 2414 1423; x_wconf 85' lang='lat' dir='ltr'>participant</span> 
     </span>
     <span class='ocr_line' id='line_1_102' title="bbox 1339 1426 2414 1468; baseline 0.003 -13"><span class='ocrx_word' id='word_1_805' title='bbox 1339 1439 1353 1453; x_wconf 82' lang='grc'>»</span> <span class='ocrx_word' id='word_1_806' title='bbox 1377 1426 1518 1467; x_wconf 87' lang='lat' dir='ltr'>aliquam</span> <span class='ocrx_word' id='word_1_807' title='bbox 1534 1427 1730 1467; x_wconf 88' lang='lat' dir='ltr'>spiritualem</span> <span class='ocrx_word' id='word_1_808' title='bbox 1753 1434 1943 1467; x_wconf 91' lang='lat' dir='ltr'>potestatem</span> <span class='ocrx_word' id='word_1_809' title='bbox 1968 1434 2111 1468; x_wconf 90' lang='lat' dir='ltr'>respectu</span> <span class='ocrx_word' id='word_1_810' title='bbox 2136 1427 2414 1458; x_wconf 80' lang='lat' dir='ltr'>sacramentorum</span> 
     </span>
     <span class='ocr_line' id='line_1_103' title="bbox 1339 1469 2412 1512; baseline 0.001 -11"><span class='ocrx_word' id='word_1_811' title='bbox 1339 1483 1353 1497; x_wconf 68' lang='grc' dir='ltr'>ι·</span> <span class='ocrx_word' id='word_1_812' title='bbox 1377 1477 1408 1501; x_wconf 88' lang='lat' dir='ltr'>et</span> <span class='ocrx_word' id='word_1_813' title='bbox 1431 1481 1545 1501; x_wconf 90' lang='lat' dir='ltr'>eorum</span> <span class='ocrx_word' id='word_1_814' title='bbox 1577 1481 1660 1512; x_wconf 91' lang='lat' dir='ltr'>quae</span> <span class='ocrx_word' id='word_1_815' title='bbox 1683 1471 1841 1511; x_wconf 88' lang='lat' dir='ltr'>pertinent</span> <span class='ocrx_word' id='word_1_816' title='bbox 1872 1472 1911 1501; x_wconf 90' lang='lat' dir='ltr'>ad</span> <span class='ocrx_word' id='word_1_817' title='bbox 1942 1472 2088 1502; x_wconf 91' lang='lat' dir='ltr'>divinum</span> <span class='ocrx_word' id='word_1_818' title='bbox 2119 1471 2253 1502; x_wconf 89' lang='lat' dir='ltr'>cultum.</span> <span class='ocrx_word' id='word_1_819' title='bbox 2273 1483 2288 1499; x_wconf 71' lang='lat' dir='ltr'>a·</span> <span class='ocrx_word' id='word_1_820' title='bbox 2307 1469 2412 1512; x_wconf 66' lang='lat' dir='ltr'>Pergit</span> 
     </span>
     <span class='ocr_line' id='line_1_104' title="bbox 1337 1515 2413 1556; baseline 0.001 -11"><span class='ocrx_word' id='word_1_821' title='bbox 1337 1515 1404 1555; x_wconf 89' lang='lat' dir='ltr'>ipse</span> <span class='ocrx_word' id='word_1_822' title='bbox 1424 1515 1547 1553; x_wconf 89' lang='lat' dir='ltr'>docere,</span> <span class='ocrx_word' id='word_1_823' title='bbox 1565 1516 1654 1556; x_wconf 90' lang='lat' dir='ltr'>quod</span> <span class='ocrx_word' id='word_1_824' title='bbox 1670 1525 1707 1546; x_wconf 81' lang='lat' dir='ltr'>ex</span> <span class='ocrx_word' id='word_1_825' title='bbox 1730 1516 1862 1547; x_wconf 89' lang='lat' dir='ltr'>articulo</span> <span class='ocrx_word' id='word_1_826' title='bbox 1879 1523 1966 1547; x_wconf 89' lang='lat' dir='ltr'>sexto</span> <span class='ocrx_word' id='word_1_827' title='bbox 1989 1516 2055 1547; x_wconf 90' lang='lat' dir='ltr'>iarn</span> <span class='ocrx_word' id='word_1_828' title='bbox 2070 1516 2245 1547; x_wconf 91' lang='lat' dir='ltr'>delibatum</span> <span class='ocrx_word' id='word_1_829' title='bbox 2268 1522 2325 1554; x_wconf 90' lang='lat' dir='ltr'>est,</span> <span class='ocrx_word' id='word_1_830' title='bbox 2341 1522 2413 1547; x_wconf 88' lang='lat' dir='ltr'>tum</span> 
     </span>
     <span class='ocr_line' id='line_1_105' title="bbox 1336 1559 2412 1601; baseline 0.002 -12"><span class='ocrx_word' id='word_1_831' title='bbox 1336 1559 1442 1599; x_wconf 89' lang='lat' dir='ltr'>primo</span> <span class='ocrx_word' id='word_1_832' title='bbox 1466 1561 1499 1590; x_wconf 87' lang='lat' dir='ltr'>in</span> <span class='ocrx_word' id='word_1_833' title='bbox 1523 1560 1730 1590; x_wconf 86' lang='lat' dir='ltr'>Eucharistia</span> <span class='ocrx_word' id='word_1_834' title='bbox 1749 1561 1978 1601; x_wconf 85' lang='lat' dir='ltr'>principaliter</span> <span class='ocrx_word' id='word_1_835' title='bbox 2000 1561 2143 1591; x_wconf 78' lang='lat' dir='ltr'>divinum</span> <span class='ocrx_word' id='word_1_836' title='bbox 2164 1561 2285 1592; x_wconf 88' lang='lat' dir='ltr'>cultum</span> <span class='ocrx_word' id='word_1_837' title='bbox 2309 1561 2412 1591; x_wconf 84' lang='lat' dir='ltr'>consi—</span> 
     </span>
     <span class='ocr_line' id='line_1_106' title="bbox 1335 1604 2411 1646; baseline 0.001 -12"><span class='ocrx_word' id='word_1_838' title='bbox 1335 1609 1431 1641; x_wconf 85' lang='lat' dir='ltr'>stere,</span> <span class='ocrx_word' id='word_1_839' title='bbox 1449 1605 1481 1634; x_wconf 92' lang='lat' dir='ltr'>in</span> <span class='ocrx_word' id='word_1_840' title='bbox 1498 1610 1655 1645; x_wconf 87' lang='lat' dir='ltr'>quantum</span> <span class='ocrx_word' id='word_1_841' title='bbox 1675 1609 1722 1635; x_wconf 90' lang='lat' dir='ltr'>est</span> <span class='ocrx_word' id='word_1_842' title='bbox 1737 1604 1902 1635; x_wconf 87' lang='lat' dir='ltr'>Ecclesiae</span> <span class='ocrx_word' id='word_1_843' title='bbox 1922 1605 2140 1646; x_wconf 78' lang='lat' dir='ltr'>sacrificium:</span> <span class='ocrx_word' id='word_1_844' title='bbox 2157 1611 2228 1635; x_wconf 91' lang='lat' dir='ltr'>tum</span> <span class='ocrx_word' id='word_1_845' title='bbox 2251 1611 2411 1645; x_wconf 80' lang='lat' dir='ltr'>praeterea</span> 
     </span>
     <span class='ocr_line' id='line_1_107' title="bbox 1335 1648 2413 1690; baseline 0.001 -11"><span class='ocrx_word' id='word_1_846' title='bbox 1335 1649 1376 1679; x_wconf 89' lang='lat' dir='ltr'>ad</span> <span class='ocrx_word' id='word_1_847' title='bbox 1399 1648 1585 1679; x_wconf 90' lang='lat' dir='ltr'>huiusmodi</span> <span class='ocrx_word' id='word_1_848' title='bbox 1609 1649 1732 1679; x_wconf 89' lang='lat' dir='ltr'>cultum</span> <span class='ocrx_word' id='word_1_849' title='bbox 1756 1649 1902 1679; x_wconf 90' lang='lat' dir='ltr'>divinum</span> <span class='ocrx_word' id='word_1_850' title='bbox 1925 1649 2069 1689; x_wconf 88' lang='lat' dir='ltr'>deputari</span> <span class='ocrx_word' id='word_1_851' title='bbox 2092 1649 2259 1679; x_wconf 88' lang='lat' dir='ltr'>hominem</span> <span class='ocrx_word' id='word_1_852' title='bbox 2283 1649 2334 1679; x_wconf 82' lang='lat' dir='ltr'>vel</span> <span class='ocrx_word' id='word_1_853' title='bbox 2347 1657 2413 1690; x_wconf 75' lang='lat' dir='ltr'>per</span> 
     </span>
     <span class='ocr_line' id='line_1_108' title="bbox 1335 1692 2412 1734; baseline -0.001 -10"><span class='ocrx_word' id='word_1_854' title='bbox 1335 1693 1464 1724; x_wconf 88' lang='lat' dir='ltr'>modum</span> <span class='ocrx_word' id='word_1_855' title='bbox 1495 1694 1623 1734; x_wconf 79' lang='lat' dir='ltr'>agentis</span> <span class='ocrx_word' id='word_1_856' title='bbox 1658 1694 1709 1724; x_wconf 84' lang='lat' dir='ltr'>vel</span> <span class='ocrx_word' id='word_1_857' title='bbox 1733 1703 1796 1734; x_wconf 91' lang='lat' dir='ltr'>per</span> <span class='ocrx_word' id='word_1_858' title='bbox 1818 1693 1946 1724; x_wconf 86' lang='lat' dir='ltr'>modum</span> <span class='ocrx_word' id='word_1_859' title='bbox 1972 1694 2173 1734; x_wconf 88' lang='lat' dir='ltr'>recipientis:</span> <span class='ocrx_word' id='word_1_860' title='bbox 2199 1692 2412 1733; x_wconf 80' lang='lat' dir='ltr'>posteriorem</span> 
     </span>
     <span class='ocr_line' id='line_1_109' title="bbox 1335 1737 2411 1779; baseline 0 -11"><span class='ocrx_word' id='word_1_861' title='bbox 1335 1738 1415 1769; x_wconf 89' lang='lat' dir='ltr'>hanc</span> <span class='ocrx_word' id='word_1_862' title='bbox 1439 1737 1680 1778; x_wconf 87' lang='lat' dir='ltr'>deputationem</span> <span class='ocrx_word' id='word_1_863' title='bbox 1703 1738 1903 1779; x_wconf 87' lang='lat' dir='ltr'>Baptismate</span> <span class='ocrx_word' id='word_1_864' title='bbox 1926 1738 2052 1778; x_wconf 87' lang='lat' dir='ltr'>peragi,</span> <span class='ocrx_word' id='word_1_865' title='bbox 2070 1747 2105 1768; x_wconf 89' lang='lat' dir='ltr'>ac</span> <span class='ocrx_word' id='word_1_866' title='bbox 2129 1737 2225 1768; x_wconf 89' lang='lat' dir='ltr'>etiam</span> <span class='ocrx_word' id='word_1_867' title='bbox 2253 1737 2411 1778; x_wconf 81' lang='lat' dir='ltr'>quodam-</span> 
     </span>
     <span class='ocr_line' id='line_1_110' title="bbox 1334 1782 2412 1824; baseline -0.001 -11"><span class='ocrx_word' id='word_1_868' title='bbox 1334 1782 1434 1813; x_wconf 92' lang='lat' dir='ltr'>modo</span> <span class='ocrx_word' id='word_1_869' title='bbox 1455 1782 1718 1824; x_wconf 83' lang='lat' dir='ltr'>Confirmatione,</span> <span class='ocrx_word' id='word_1_870' title='bbox 1736 1793 1771 1813; x_wconf 90' lang='lat' dir='ltr'>ac</span> <span class='ocrx_word' id='word_1_871' title='bbox 1795 1783 1960 1824; x_wconf 91' lang='lat' dir='ltr'>utriusque</span> <span class='ocrx_word' id='word_1_872' title='bbox 1979 1783 2170 1813; x_wconf 87' lang='lat' dir='ltr'>characteres</span> <span class='ocrx_word' id='word_1_873' title='bbox 2188 1782 2412 1823; x_wconf 66' lang='lat' dir='ltr'>participatio-</span> 
     </span>
     <span class='ocr_line' id='line_1_111' title="bbox 1334 1826 2413 1871; baseline 0 -13"><span class='ocrx_word' id='word_1_874' title='bbox 1334 1837 1391 1858; x_wconf 87' lang='lat' dir='ltr'>nes</span> <span class='ocrx_word' id='word_1_875' title='bbox 1414 1837 1492 1866; x_wconf 90' lang='lat' dir='ltr'>esse,</span> <span class='ocrx_word' id='word_1_876' title='bbox 1509 1827 1633 1858; x_wconf 86' lang='lat' dir='ltr'>tametsi</span> <span class='ocrx_word' id='word_1_877' title='bbox 1649 1834 1786 1858; x_wconf 87' lang='lat' dir='ltr'>remotas</span> <span class='ocrx_word' id='word_1_878' title='bbox 1811 1834 1842 1858; x_wconf 90' lang='lat' dir='ltr'>et</span> <span class='ocrx_word' id='word_1_879' title='bbox 1856 1826 2069 1867; x_wconf 87' lang='lat' dir='ltr'>imperfectas,</span> <span class='ocrx_word' id='word_1_880' title='bbox 2087 1827 2263 1871; x_wconf 82' lang='lat' dir='ltr'>sacerdotii</span> <span class='ocrx_word' id='word_1_881' title='bbox 2280 1826 2413 1858; x_wconf 70' lang='lat' dir='ltr'>Christi:</span> 
     </span>
     <span class='ocr_line' id='line_1_112' title="bbox 1334 1870 2412 1912; baseline 0 -10"><span class='ocrx_word' id='word_1_882' title='bbox 1334 1872 1463 1902; x_wconf 87' lang='lat' dir='ltr'>alteram</span> <span class='ocrx_word' id='word_1_883' title='bbox 1486 1882 1563 1903; x_wconf 82' lang='lat' dir='ltr'>vero</span> <span class='ocrx_word' id='word_1_884' title='bbox 1588 1872 1829 1912; x_wconf 88' lang='lat' dir='ltr'>deputationem</span> <span class='ocrx_word' id='word_1_885' title='bbox 1853 1872 1892 1902; x_wconf 93' lang='lat' dir='ltr'>ad</span> <span class='ocrx_word' id='word_1_886' title='bbox 1921 1871 2148 1902; x_wconf 87' lang='lat' dir='ltr'>sacerdotalem</span> <span class='ocrx_word' id='word_1_887' title='bbox 2176 1877 2316 1912; x_wconf 81' lang='lat' dir='ltr'>spectare</span> <span class='ocrx_word' id='word_1_888' title='bbox 2338 1870 2412 1902; x_wconf 73' lang='lat' dir='ltr'>cha—</span> 
     </span>
     <span class='ocr_line' id='line_1_113' title="bbox 1333 1915 2410 1957; baseline -0.001 -10"><span class='ocrx_word' id='word_1_889' title='bbox 1333 1923 1496 1955; x_wconf 88' lang='lat' dir='ltr'>racterem,</span> <span class='ocrx_word' id='word_1_890' title='bbox 1513 1916 1611 1947; x_wconf 88' lang='lat' dir='ltr'>veluti</span> <span class='ocrx_word' id='word_1_891' title='bbox 1627 1916 1848 1957; x_wconf 87' lang='lat' dir='ltr'>perfectiorem</span> <span class='ocrx_word' id='word_1_892' title='bbox 1865 1916 2007 1947; x_wconf 88' lang='lat' dir='ltr'>eiusdem</span> <span class='ocrx_word' id='word_1_893' title='bbox 2024 1915 2190 1946; x_wconf 87' lang='lat' dir='ltr'>sacerdotii</span> <span class='ocrx_word' id='word_1_894' title='bbox 2205 1915 2323 1947; x_wconf 84' lang='lat' dir='ltr'>Christi</span> <span class='ocrx_word' id='word_1_895' title='bbox 2338 1924 2410 1956; x_wconf 75' lang='lat' dir='ltr'>par-</span> 
     </span>
     <span class='ocr_line' id='line_1_114' title="bbox 1332 1958 2410 2001; baseline -0.001 -10"><span class='ocrx_word' id='word_1_896' title='bbox 1332 1961 1560 2001; x_wconf 86' lang='lat' dir='ltr'>ticipationem.</span> <span class='ocrx_word' id='word_1_897' title='bbox 1585 1961 1672 1999; x_wconf 90' lang='lat' dir='ltr'>Quid</span> <span class='ocrx_word' id='word_1_898' title='bbox 1695 1961 1768 1991; x_wconf 92' lang='lat' dir='ltr'>inde</span> <span class='ocrx_word' id='word_1_899' title='bbox 1793 1958 1943 2001; x_wconf 82' lang='lat' dir='ltr'>colligas?</span> <span class='ocrx_word' id='word_1_900' title='bbox 1962 1959 2080 2001; x_wconf 89' lang='lat' dir='ltr'>Utique</span> <span class='ocrx_word' id='word_1_901' title='bbox 2103 1959 2320 2000; x_wconf 84' lang='lat' dir='ltr'>colligendum</span> <span class='ocrx_word' id='word_1_902' title='bbox 2350 1969 2410 2000; x_wconf 88' lang='lat' dir='ltr'>po-</span> 
     </span>
     <span class='ocr_line' id='line_1_115' title="bbox 1333 2005 2410 2046; baseline -0.001 -10"><span class='ocrx_word' id='word_1_903' title='bbox 1333 2012 1478 2036; x_wconf 87' lang='lat' dir='ltr'>testatem</span> <span class='ocrx_word' id='word_1_904' title='bbox 1501 2006 1726 2046; x_wconf 82' lang='lat' dir='ltr'>Episcopalern</span> <span class='ocrx_word' id='word_1_905' title='bbox 1750 2015 1817 2036; x_wconf 92' lang='lat' dir='ltr'>non</span> <span class='ocrx_word' id='word_1_906' title='bbox 1841 2015 1908 2036; x_wconf 90' lang='lat' dir='ltr'>esse</span> <span class='ocrx_word' id='word_1_907' title='bbox 1931 2005 2162 2042; x_wconf 80' lang='lat' dir='ltr'>characterem,</span> <span class='ocrx_word' id='word_1_908' title='bbox 2187 2010 2300 2045; x_wconf 88' lang='lat' dir='ltr'>utpote</span> <span class='ocrx_word' id='word_1_909' title='bbox 2327 2013 2410 2045; x_wconf 86' lang='lat' dir='ltr'>quae</span> 
     </span>
     <span class='ocr_line' id='line_1_116' title="bbox 1333 2049 2411 2090; baseline -0.002 -9"><span class='ocrx_word' id='word_1_910' title='bbox 1333 2050 1457 2081; x_wconf 89' lang='lat' dir='ltr'>tametsi</span> <span class='ocrx_word' id='word_1_911' title='bbox 1488 2051 1590 2082; x_wconf 88' lang='lat' dir='ltr'>valeat</span> <span class='ocrx_word' id='word_1_912' title='bbox 1622 2050 1799 2081; x_wconf 85' lang='lat' dir='ltr'>sacerdotes</span> <span class='ocrx_word' id='word_1_913' title='bbox 1828 2057 1859 2081; x_wconf 87' lang='lat' dir='ltr'>et</span> <span class='ocrx_word' id='word_1_914' title='bbox 1882 2049 2044 2080; x_wconf 87' lang='lat' dir='ltr'>ministros</span> <span class='ocrx_word' id='word_1_915' title='bbox 2075 2049 2245 2090; x_wconf 88' lang='lat' dir='ltr'>deputare,</span> <span class='ocrx_word' id='word_1_916' title='bbox 2270 2054 2411 2080; x_wconf 85' lang='lat' dir='ltr'>attamen</span> 
     </span>
     <span class='ocr_line' id='line_1_117' title="bbox 1333 2091 2410 2136; baseline -0.002 -10"><span class='ocrx_word' id='word_1_917' title='bbox 1333 2105 1399 2126; x_wconf 91' lang='lat' dir='ltr'>non</span> <span class='ocrx_word' id='word_1_918' title='bbox 1423 2095 1506 2126; x_wconf 87' lang='lat' dir='ltr'>valet</span> <span class='ocrx_word' id='word_1_919' title='bbox 1529 2095 1738 2136; x_wconf 92' lang='lat' dir='ltr'>praecipuum</span> <span class='ocrx_word' id='word_1_920' title='bbox 1760 2094 1906 2125; x_wconf 89' lang='lat' dir='ltr'>divinum</span> <span class='ocrx_word' id='word_1_921' title='bbox 1930 2094 2054 2125; x_wconf 86' lang='lat' dir='ltr'>cultum</span> <span class='ocrx_word' id='word_1_922' title='bbox 2074 2103 2222 2134; x_wconf 83' lang='lat' dir='ltr'>peragere</span> <span class='ocrx_word' id='word_1_923' title='bbox 2244 2093 2278 2124; x_wconf 87' lang='lat' dir='ltr'>in</span> <span class='ocrx_word' id='word_1_924' title='bbox 2301 2091 2410 2124; x_wconf 82' lang='lat' dir='ltr'>confe—</span> 
     </span>
     <span class='ocr_line' id='line_1_118' title="bbox 1334 2135 2360 2171; baseline -0.003 0"><span class='ocrx_word' id='word_1_925' title='bbox 1334 2140 1438 2171; x_wconf 86' lang='lat' dir='ltr'>ctione</span> <span class='ocrx_word' id='word_1_926' title='bbox 1462 2139 1655 2171; x_wconf 88' lang='lat' dir='ltr'>Sacramenti</span> <span class='ocrx_word' id='word_1_927' title='bbox 1679 2138 1894 2170; x_wconf 87' lang='lat' dir='ltr'>Eucharistiae</span> <span class='ocrx_word' id='word_1_928' title='bbox 1913 2145 1944 2169; x_wconf 90' lang='lat' dir='ltr'>et</span> <span class='ocrx_word' id='word_1_929' title='bbox 1966 2138 1999 2169; x_wconf 92' lang='lat' dir='ltr'>in</span> <span class='ocrx_word' id='word_1_930' title='bbox 2023 2138 2185 2169; x_wconf 88' lang='lat' dir='ltr'>oblatione</span> <span class='ocrx_word' id='word_1_931' title='bbox 2209 2135 2360 2169; x_wconf 77' lang='lat' dir='ltr'>sacrificii.</span> 
     </span>
    </p>

    <p class='ocr_par' dir='ltr' id='par_1_8' title="bbox 1331 2181 2411 2802">
     <span class='ocr_line' id='line_1_119' title="bbox 1399 2181 2409 2215; baseline -0.001 0"><span class='ocrx_word' id='word_1_932' title='bbox 1399 2185 1450 2215; x_wconf 91' lang='lat' dir='ltr'>Ad</span> <span class='ocrx_word' id='word_1_933' title='bbox 1475 2185 1556 2215; x_wconf 90' lang='lat' dir='ltr'>hanc</span> <span class='ocrx_word' id='word_1_934' title='bbox 1572 2194 1639 2215; x_wconf 88' lang='lat' dir='ltr'>rem</span> <span class='ocrx_word' id='word_1_935' title='bbox 1656 2184 1794 2214; x_wconf 81' lang='lat' dir='ltr'>maxime</span> <span class='ocrx_word' id='word_1_936' title='bbox 1818 2183 1892 2214; x_wconf 89' lang='lat' dir='ltr'>facit</span> <span class='ocrx_word' id='word_1_937' title='bbox 1915 2182 2081 2214; x_wconf 71' lang='lat' dir='ltr'>scitissime</span> <span class='ocrx_word' id='word_1_938' title='bbox 2103 2182 2158 2213; x_wconf 85' lang='lat' dir='ltr'>illa</span> <span class='ocrx_word' id='word_1_939' title='bbox 2174 2181 2237 2212; x_wconf 82' lang='lat' dir='ltr'>divi</span> <span class='ocrx_word' id='word_1_940' title='bbox 2260 2181 2409 2214; x_wconf 55' lang='lat' dir='ltr'>Thomna</span> 
     </span>
     <span class='ocr_line' id='line_1_120' title="bbox 1332 2225 2410 2269; baseline -0.003 -9"><span class='ocrx_word' id='word_1_941' title='bbox 1332 2229 1564 2260; x_wconf 84' lang='lat' dir='ltr'>animadversio</span> <span class='ocrx_word' id='word_1_942' title='bbox 1589 2229 1621 2259; x_wconf 89' lang='lat' dir='ltr'>in</span> <span class='ocrx_word' id='word_1_943' title='bbox 1646 2228 1739 2260; x_wconf 89' lang='lat' dir='ltr'>citata</span> <span class='ocrx_word' id='word_1_944' title='bbox 1763 2228 1833 2259; x_wconf 90' lang='lat' dir='ltr'>dist.</span> <span class='ocrx_word' id='word_1_945' title='bbox 1850 2238 1933 2266; x_wconf 78' lang='lat' dir='ltr'>xxiv,</span> <span class='ocrx_word' id='word_1_946' title='bbox 1950 2238 1981 2269; x_wconf 90' lang='lat' dir='ltr'>q.</span> <span class='ocrx_word' id='word_1_947' title='bbox 1998 2238 2044 2266; x_wconf 81' lang='lat'>111,</span> <span class='ocrx_word' id='word_1_948' title='bbox 2070 2233 2126 2258; x_wconf 84' lang='lat' dir='ltr'>art.</span> <span class='ocrx_word' id='word_1_949' title='bbox 2146 2237 2169 2257; x_wconf 88' lang='lat' dir='ltr'>n</span> <span class='ocrx_word' id='word_1_950' title='bbox 2194 2225 2234 2257; x_wconf 86' lang='lat' dir='ltr'>ad</span> <span class='ocrx_word' id='word_1_951' title='bbox 2260 2226 2298 2257; x_wconf 83' lang='lat'>3:</span> <span class='ocrx_word' id='word_1_952' title='bbox 2317 2238 2332 2254; x_wconf 75' lang='grc' dir='ltr'>ι</span> <span class='ocrx_word' id='word_1_953' title='bbox 2351 2225 2410 2257; x_wconf 77' lang='lat' dir='ltr'>Sa·</span> 
     </span>
     <span class='ocr_line' id='line_1_121' title="bbox 1335 2269 2411 2315; baseline -0.004 -10"><span class='ocrx_word' id='word_1_954' title='bbox 1335 2287 1349 2302; x_wconf 84' lang='grc'><strong>»</strong></span> <span class='ocrx_word' id='word_1_955' title='bbox 1373 2274 1496 2312; x_wconf 78' lang='lat' dir='ltr'>cerdos,</span> <span class='ocrx_word' id='word_1_956' title='bbox 1514 2275 1697 2315; x_wconf 88' lang='lat' dir='ltr'>inquientis,</span> <span class='ocrx_word' id='word_1_957' title='bbox 1717 2279 1928 2314; x_wconf 88' lang='lat' dir='ltr'>repraesentat</span> <span class='ocrx_word' id='word_1_958' title='bbox 1945 2271 2110 2303; x_wconf 89' lang='lat' dir='ltr'>Christum</span> <span class='ocrx_word' id='word_1_959' title='bbox 2119 2271 2154 2302; x_wconf 91' lang='lat' dir='ltr'>in</span> <span class='ocrx_word' id='word_1_960' title='bbox 2169 2270 2231 2302; x_wconf 89' lang='lat' dir='ltr'>hoc</span> <span class='ocrx_word' id='word_1_961' title='bbox 2246 2269 2336 2312; x_wconf 87' lang='lat' dir='ltr'>quod</span> <span class='ocrx_word' id='word_1_962' title='bbox 2346 2279 2411 2312; x_wconf 79' lang='lat' dir='ltr'>per</span> 
     </span>
     <span class='ocr_line' id='line_1_122' title="bbox 1334 2314 2411 2360; baseline -0.003 -10"><span class='ocrx_word' id='word_1_963' title='bbox 1334 2331 1348 2345; x_wconf 80' lang='lat'><strong>»</strong></span> <span class='ocrx_word' id='word_1_964' title='bbox 1370 2320 1509 2359; x_wconf 87' lang='lat' dir='ltr'>seipsum</span> <span class='ocrx_word' id='word_1_965' title='bbox 1539 2319 1672 2360; x_wconf 86' lang='lat' dir='ltr'>aliquod</span> <span class='ocrx_word' id='word_1_966' title='bbox 1695 2319 1907 2348; x_wconf 87' lang='lat' dir='ltr'>ministerium</span> <span class='ocrx_word' id='word_1_967' title='bbox 1932 2316 2076 2358; x_wconf 87' lang='lat' dir='ltr'>implevit</span> <span class='ocrx_word' id='word_1_968' title='bbox 2098 2314 2334 2358; x_wconf 85' lang='lat' dir='ltr'>(Eucharistiae</span> <span class='ocrx_word' id='word_1_969' title='bbox 2354 2314 2411 2347; x_wconf 72' lang='lat' dir='ltr'>Sn-</span> 
     </span>
     <span class='ocr_line' id='line_1_123' title="bbox 1335 2359 2410 2403; baseline -0.004 -9"><span class='ocrx_word' id='word_1_970' title='bbox 1335 2376 1348 2390; x_wconf 73' lang='lat'>&gt;-</span> <span class='ocrx_word' id='word_1_971' title='bbox 1373 2370 1572 2394; x_wconf 86' lang='lat' dir='ltr'>eramentum</span> <span class='ocrx_word' id='word_1_972' title='bbox 1603 2362 1803 2394; x_wconf 89' lang='lat' dir='ltr'>conficiendo</span> <span class='ocrx_word' id='word_1_973' title='bbox 1829 2372 1927 2403; x_wconf 89' lang='lat' dir='ltr'>seque</span> <span class='ocrx_word' id='word_1_974' title='bbox 1957 2361 2064 2402; x_wconf 85' lang='lat' dir='ltr'>ipsum</span> <span class='ocrx_word' id='word_1_975' title='bbox 2095 2359 2257 2392; x_wconf 83' lang='lat' dir='ltr'>offerendo</span> <span class='ocrx_word' id='word_1_976' title='bbox 2281 2365 2410 2391; x_wconf 83' lang='lat' dir='ltr'>aeterno</span> 
     </span>
     <span class='ocr_line' id='line_1_124' title="bbox 1335 2403 2409 2450; baseline -0.004 -11"><span class='ocrx_word' id='word_1_977' title='bbox 1335 2422 1348 2434; x_wconf 70' lang='grc' dir='ltr'><strong><em>ι</em></strong></span> <span class='ocrx_word' id='word_1_978' title='bbox 1372 2408 1455 2445; x_wconf 87' lang='lat' dir='ltr'>Patri</span> <span class='ocrx_word' id='word_1_979' title='bbox 1465 2407 1490 2450; x_wconf 94' lang='lat'>).</span> <span class='ocrx_word' id='word_1_980' title='bbox 1516 2408 1577 2439; x_wconf 88' lang='lat' dir='ltr'>Sed</span> <span class='ocrx_word' id='word_1_981' title='bbox 1601 2408 1780 2449; x_wconf 84' lang='lat' dir='ltr'>Episcopus</span> <span class='ocrx_word' id='word_1_982' title='bbox 1803 2406 1835 2437; x_wconf 91' lang='lat' dir='ltr'>in</span> <span class='ocrx_word' id='word_1_983' title='bbox 1859 2407 1921 2437; x_wconf 89' lang='lat' dir='ltr'>hoc</span> <span class='ocrx_word' id='word_1_984' title='bbox 1956 2406 2046 2448; x_wconf 92' lang='lat' dir='ltr'>quod</span> <span class='ocrx_word' id='word_1_985' title='bbox 2068 2406 2151 2436; x_wconf 86' lang='lat' dir='ltr'>alios</span> <span class='ocrx_word' id='word_1_986' title='bbox 2174 2405 2340 2436; x_wconf 85' lang='lat' dir='ltr'>ministros</span> <span class='ocrx_word' id='word_1_987' title='bbox 2361 2403 2409 2436; x_wconf 81' lang='lat' dir='ltr'>in-</span> 
     </span>
     <span class='ocr_line' id='line_1_125' title="bbox 1334 2449 2409 2490; baseline -0.005 -6"><span class='ocrx_word' id='word_1_988' title='bbox 1334 2465 1348 2478; x_wconf 76' lang='lat'><strong>»</strong></span> <span class='ocrx_word' id='word_1_989' title='bbox 1372 2453 1472 2484; x_wconf 86' lang='lat' dir='ltr'>stituit</span> <span class='ocrx_word' id='word_1_990' title='bbox 1495 2460 1527 2483; x_wconf 89' lang='lat' dir='ltr'>et</span> <span class='ocrx_word' id='word_1_991' title='bbox 1549 2452 1724 2483; x_wconf 86' lang='lat' dir='ltr'>Ecclesiam</span> <span class='ocrx_word' id='word_1_992' title='bbox 1748 2451 1901 2482; x_wconf 88' lang='lat' dir='ltr'>fundavit.</span> <span class='ocrx_word' id='word_1_993' title='bbox 1932 2451 2026 2482; x_wconf 86' lang='lat' dir='ltr'>Unde</span> <span class='ocrx_word' id='word_1_994' title='bbox 2049 2449 2089 2481; x_wconf 88' lang='lat' dir='ltr'>ad</span> <span class='ocrx_word' id='word_1_995' title='bbox 2117 2449 2318 2490; x_wconf 85' lang='lat' dir='ltr'>Episcopum</span> <span class='ocrx_word' id='word_1_996' title='bbox 2340 2457 2409 2490; x_wconf 78' lang='lat' dir='ltr'>per-</span> 
     </span>
     <span class='ocr_line' id='line_1_126' title="bbox 1334 2493 2408 2538; baseline -0.004 -10"><span class='ocrx_word' id='word_1_997' title='bbox 1334 2511 1348 2525; x_wconf 80' lang='lat'><strong>»</strong></span> <span class='ocrx_word' id='word_1_998' title='bbox 1372 2498 1449 2528; x_wconf 87' lang='lat' dir='ltr'>tinet</span> <span class='ocrx_word' id='word_1_999' title='bbox 1473 2497 1653 2538; x_wconf 90' lang='lat' dir='ltr'>mancipare</span> <span class='ocrx_word' id='word_1_1000' title='bbox 1677 2496 1799 2538; x_wconf 91' lang='lat' dir='ltr'>aliquid</span> <span class='ocrx_word' id='word_1_1001' title='bbox 1822 2495 1936 2526; x_wconf 89' lang='lat' dir='ltr'>divinis</span> <span class='ocrx_word' id='word_1_1002' title='bbox 1960 2494 2142 2536; x_wconf 89' lang='lat' dir='ltr'>obsequiis,</span> <span class='ocrx_word' id='word_1_1003' title='bbox 2168 2493 2258 2535; x_wconf 84' lang='lat' dir='ltr'>quasi</span> <span class='ocrx_word' id='word_1_1004' title='bbox 2284 2493 2408 2525; x_wconf 83' lang='lat' dir='ltr'>cultum</span> 
     </span>
     <span class='ocr_line' id='line_1_127' title="bbox 1334 2538 2407 2576; baseline -0.003 -5"><span class='ocrx_word' id='word_1_1005' title='bbox 1334 2556 1348 2570; x_wconf 83' lang='lat'><strong>»</strong></span> <span class='ocrx_word' id='word_1_1006' title='bbox 1372 2542 1518 2572; x_wconf 88' lang='lat' dir='ltr'>divinum</span> <span class='ocrx_word' id='word_1_1007' title='bbox 1541 2542 1580 2572; x_wconf 88' lang='lat' dir='ltr'>ad</span> <span class='ocrx_word' id='word_1_1008' title='bbox 1605 2541 1845 2572; x_wconf 87' lang='lat' dir='ltr'>similitudinem</span> <span class='ocrx_word' id='word_1_1009' title='bbox 1869 2540 1987 2572; x_wconf 88' lang='lat' dir='ltr'>Christi</span> <span class='ocrx_word' id='word_1_1010' title='bbox 2011 2546 2161 2570; x_wconf 86' lang='lat' dir='ltr'>statuens.</span> <span class='ocrx_word' id='word_1_1011' title='bbox 2181 2550 2195 2565; x_wconf 69' lang='grc' dir='ltr'>ιν</span> <span class='ocrx_word' id='word_1_1012' title='bbox 2215 2538 2326 2569; x_wconf 87' lang='lat' dir='ltr'>Palam</span> <span class='ocrx_word' id='word_1_1013' title='bbox 2348 2543 2407 2576; x_wconf 73' lang='lat' dir='ltr'>est,</span> 
     </span>
     <span class='ocr_line' id='line_1_128' title="bbox 1332 2582 2408 2628; baseline -0.004 -11"><span class='ocrx_word' id='word_1_1014' title='bbox 1332 2587 1538 2628; x_wconf 90' lang='lat' dir='ltr'>promotione</span> <span class='ocrx_word' id='word_1_1015' title='bbox 1563 2593 1593 2617; x_wconf 93' lang='lat' dir='ltr'>et</span> <span class='ocrx_word' id='word_1_1016' title='bbox 1615 2585 1816 2617; x_wconf 90' lang='lat' dir='ltr'>ordinatione</span> <span class='ocrx_word' id='word_1_1017' title='bbox 1840 2595 1898 2616; x_wconf 86' lang='lat' dir='ltr'>sua</span> <span class='ocrx_word' id='word_1_1018' title='bbox 1921 2595 1988 2615; x_wconf 89' lang='lat' dir='ltr'>non</span> <span class='ocrx_word' id='word_1_1019' title='bbox 2012 2583 2185 2624; x_wconf 86' lang='lat' dir='ltr'>mancipari</span> <span class='ocrx_word' id='word_1_1020' title='bbox 2209 2582 2408 2624; x_wconf 83' lang='lat' dir='ltr'>Episcopum</span> 
     </span>
     <span class='ocr_line' id='line_1_129' title="bbox 1333 2626 2410 2671; baseline -0.005 -9"><span class='ocrx_word' id='word_1_1021' title='bbox 1333 2632 1440 2662; x_wconf 91' lang='lat' dir='ltr'>divino</span> <span class='ocrx_word' id='word_1_1022' title='bbox 1458 2631 1555 2662; x_wconf 90' lang='lat' dir='ltr'>cultui</span> <span class='ocrx_word' id='word_1_1023' title='bbox 1581 2631 1726 2671; x_wconf 87' lang='lat' dir='ltr'>adeoque</span> <span class='ocrx_word' id='word_1_1024' title='bbox 1749 2639 1816 2660; x_wconf 91' lang='lat' dir='ltr'>non</span> <span class='ocrx_word' id='word_1_1025' title='bbox 1840 2629 1982 2669; x_wconf 83' lang='lat' dir='ltr'>insigniri</span> <span class='ocrx_word' id='word_1_1026' title='bbox 2006 2628 2191 2660; x_wconf 83' lang='lat' dir='ltr'>charactere.</span> <span class='ocrx_word' id='word_1_1027' title='bbox 2209 2626 2410 2658; x_wconf 82' lang='lat' dir='ltr'>Eminentior</span> 
     </span>
     <span class='ocr_line' id='line_1_130' title="bbox 1332 2669 2408 2722; baseline -0.005 -16"><span class='ocrx_word' id='word_1_1028' title='bbox 1332 2677 1490 2717; x_wconf 85' lang='lat' dir='ltr'>quaedam</span> <span class='ocrx_word' id='word_1_1029' title='bbox 1513 2675 1546 2705; x_wconf 90' lang='lat' dir='ltr'>in</span> <span class='ocrx_word' id='word_1_1030' title='bbox 1570 2674 1677 2705; x_wconf 90' lang='lat' dir='ltr'>fideles</span> <span class='ocrx_word' id='word_1_1031' title='bbox 1702 2674 1863 2704; x_wconf 87' lang='lat' dir='ltr'>confertur</span> <span class='ocrx_word' id='word_1_1032' title='bbox 1882 2673 1986 2704; x_wconf 91' lang='lat' dir='ltr'>eidem</span> <span class='ocrx_word' id='word_1_1033' title='bbox 2009 2679 2160 2713; x_wconf 84' lang='lat' dir='ltr'>potestas,</span> <span class='ocrx_word' id='word_1_1034' title='bbox 2180 2681 2244 2712; x_wconf 88' lang='lat' dir='ltr'>qua</span> <span class='ocrx_word' id='word_1_1035' title='bbox 2267 2670 2346 2702; x_wconf 79' lang='lat' dir='ltr'>alios</span> <span class='ocrx_word' id='word_1_1036' title='bbox 2359 2669 2408 2722; x_wconf 71' lang='lat' dir='ltr'>fli-</span> 
     </span>
     <span class='ocr_line' id='line_1_131' title="bbox 1331 2716 2406 2760; baseline -0.005 -10"><span class='ocrx_word' id='word_1_1037' title='bbox 1331 2721 1412 2750; x_wconf 88' lang='lat' dir='ltr'>vinis</span> <span class='ocrx_word' id='word_1_1038' title='bbox 1437 2719 1598 2760; x_wconf 89' lang='lat' dir='ltr'>obsequiis</span> <span class='ocrx_word' id='word_1_1039' title='bbox 1623 2718 1766 2749; x_wconf 86' lang='lat' dir='ltr'>addicere</span> <span class='ocrx_word' id='word_1_1040' title='bbox 1789 2724 1905 2758; x_wconf 84' lang='lat' dir='ltr'>potest,</span> <span class='ocrx_word' id='word_1_1041' title='bbox 1931 2727 2052 2758; x_wconf 89' lang='lat' dir='ltr'>eosque</span> <span class='ocrx_word' id='word_1_1042' title='bbox 2075 2716 2251 2747; x_wconf 81' lang='lat' dir='ltr'>charactere</span> <span class='ocrx_word' id='word_1_1043' title='bbox 2280 2724 2337 2756; x_wconf 91' lang='lat' dir='ltr'>per</span> <span class='ocrx_word' id='word_1_1044' title='bbox 2358 2724 2406 2746; x_wconf 87' lang='lat' dir='ltr'>m-</span> 
     </span>
     <span class='ocr_line' id='line_1_132' title="bbox 1332 2761 1938 2802; baseline -0.005 -7"><span class='ocrx_word' id='word_1_1045' title='bbox 1332 2765 1459 2796; x_wconf 86' lang='lat' dir='ltr'>stitutos</span> <span class='ocrx_word' id='word_1_1046' title='bbox 1483 2774 1501 2794; x_wconf 86' lang='lat' dir='ltr'>a</span> <span class='ocrx_word' id='word_1_1047' title='bbox 1525 2763 1654 2795; x_wconf 91' lang='lat' dir='ltr'>Christo</span> <span class='ocrx_word' id='word_1_1048' title='bbox 1678 2762 1756 2793; x_wconf 90' lang='lat' dir='ltr'>ritus</span> <span class='ocrx_word' id='word_1_1049' title='bbox 1779 2761 1938 2802; x_wconf 86' lang='lat' dir='ltr'>insignire.</span> 
     </span>
    </p>

    <p class='ocr_par' dir='ltr' id='par_1_9' title="bbox 1328 2803 2408 3696">
     <span class='ocr_line' id='line_1_133' title="bbox 1400 2803 2408 2846; baseline -0.005 -7"><span class='ocrx_word' id='word_1_1050' title='bbox 1400 2810 1519 2840; x_wconf 88' lang='lat' dir='ltr'>Lucem</span> <span class='ocrx_word' id='word_1_1051' title='bbox 1543 2808 1620 2838; x_wconf 88' lang='lat' dir='ltr'>haec</span> <span class='ocrx_word' id='word_1_1052' title='bbox 1650 2806 1783 2837; x_wconf 83' lang='lat' dir='ltr'>afferunt</span> <span class='ocrx_word' id='word_1_1053' title='bbox 1806 2805 2112 2846; x_wconf 88' lang='lat' dir='ltr'>splendidissimam,</span> <span class='ocrx_word' id='word_1_1054' title='bbox 2143 2813 2207 2845; x_wconf 86' lang='lat' dir='ltr'>qua</span> <span class='ocrx_word' id='word_1_1055' title='bbox 2230 2803 2408 2835; x_wconf 71' lang='lat' dir='ltr'>innotescat</span> 
     </span>
     <span class='ocr_line' id='line_1_134' title="bbox 1332 2847 2408 2892; baseline -0.006 -8"><span class='ocrx_word' id='word_1_1056' title='bbox 1332 2853 1568 2884; x_wconf 87' lang='lat' dir='ltr'>distinctionem</span> <span class='ocrx_word' id='word_1_1057' title='bbox 1585 2851 1758 2889; x_wconf 89' lang='lat' dir='ltr'>Ordinum,</span> <span class='ocrx_word' id='word_1_1058' title='bbox 1774 2850 1830 2892; x_wconf 93' lang='lat' dir='ltr'>qui</span> <span class='ocrx_word' id='word_1_1059' title='bbox 1849 2857 1924 2881; x_wconf 90' lang='lat' dir='ltr'>sunt</span> <span class='ocrx_word' id='word_1_1060' title='bbox 1939 2850 2142 2881; x_wconf 83' lang='lat' dir='ltr'>Sacramenta</span> <span class='ocrx_word' id='word_1_1061' title='bbox 2164 2855 2195 2879; x_wconf 91' lang='lat' dir='ltr'>et</span> <span class='ocrx_word' id='word_1_1062' title='bbox 2217 2847 2408 2888; x_wconf 82' lang='lat' dir='ltr'>imprimunt</span> 
     </span>
     <span class='ocr_line' id='line_1_135' title="bbox 1331 2891 2404 2934; baseline -0.007 -5"><span class='ocrx_word' id='word_1_1063' title='bbox 1331 2898 1552 2934; x_wconf 86' lang='lat' dir='ltr'>characterem,</span> <span class='ocrx_word' id='word_1_1064' title='bbox 1569 2906 1605 2927; x_wconf 87' lang='lat' dir='ltr'>ex</span> <span class='ocrx_word' id='word_1_1065' title='bbox 1629 2895 1780 2927; x_wconf 84' lang='lat' dir='ltr'>relatione</span> <span class='ocrx_word' id='word_1_1066' title='bbox 1796 2895 1836 2926; x_wconf 88' lang='lat' dir='ltr'>ad</span> <span class='ocrx_word' id='word_1_1067' title='bbox 1859 2895 2100 2926; x_wconf 89' lang='lat' dir='ltr'>Sacramentum</span> <span class='ocrx_word' id='word_1_1068' title='bbox 2118 2891 2333 2924; x_wconf 85' lang='lat' dir='ltr'>Eucharistiae</span> <span class='ocrx_word' id='word_1_1069' title='bbox 2356 2901 2404 2924; x_wconf 85' lang='lat' dir='ltr'>re-</span> 
     </span>
     <span class='ocr_line' id='line_1_136' title="bbox 1331 2938 2402 2984; baseline -0.006 -11"><span class='ocrx_word' id='word_1_1070' title='bbox 1331 2943 1502 2984; x_wconf 90' lang='lat' dir='ltr'>petendam</span> <span class='ocrx_word' id='word_1_1071' title='bbox 1525 2951 1602 2972; x_wconf 89' lang='lat' dir='ltr'>esse.</span> <span class='ocrx_word' id='word_1_1072' title='bbox 1620 2940 1673 2971; x_wconf 92' lang='lat' dir='ltr'>Ait</span> <span class='ocrx_word' id='word_1_1073' title='bbox 1689 2947 1815 2970; x_wconf 88' lang='lat' dir='ltr'>sanctus</span> <span class='ocrx_word' id='word_1_1074' title='bbox 1831 2939 1976 2970; x_wconf 86' lang='lat' dir='ltr'>Thomas</span> <span class='ocrx_word' id='word_1_1075' title='bbox 1993 2938 2064 2969; x_wconf 87' lang='lat' dir='ltr'>dist.</span> <span class='ocrx_word' id='word_1_1076' title='bbox 2081 2947 2164 2975; x_wconf 82' lang='lat' dir='ltr'>xxiv,</span> <span class='ocrx_word' id='word_1_1077' title='bbox 2181 2947 2235 2978; x_wconf 92' lang='lat' dir='ltr'>qu.</span> <span class='ocrx_word' id='word_1_1078' title='bbox 2252 2947 2286 2975; x_wconf 87' lang='lat'>11,</span> <span class='ocrx_word' id='word_1_1079' title='bbox 2303 2943 2360 2968; x_wconf 85' lang='lat' dir='ltr'>art.</span> <span class='ocrx_word' id='word_1_1080' title='bbox 2377 2945 2402 2975; x_wconf 80' lang='grc' dir='ltr'>ι,</span> 
     </span>
     <span class='ocr_line' id='line_1_137' title="bbox 1331 2980 2405 3029; baseline -0.007 -11"><span class='ocrx_word' id='word_1_1081' title='bbox 1331 2994 1451 3029; x_wconf 90' lang='lat' dir='ltr'>quaest.</span> <span class='ocrx_word' id='word_1_1082' title='bbox 1469 2993 1501 3017; x_wconf 84' lang='lat'>11:</span> <span class='ocrx_word' id='word_1_1083' title='bbox 1523 3000 1537 3014; x_wconf 83' lang='grc'><strong>«</strong></span> <span class='ocrx_word' id='word_1_1084' title='bbox 1556 2985 1736 3016; x_wconf 87' lang='lat' dir='ltr'>Dicendum</span> <span class='ocrx_word' id='word_1_1085' title='bbox 1756 2984 1845 3026; x_wconf 90' lang='lat' dir='ltr'>quod</span> <span class='ocrx_word' id='word_1_1086' title='bbox 1865 2983 1999 3015; x_wconf 87' lang='lat' dir='ltr'>Ordinis</span> <span class='ocrx_word' id='word_1_1087' title='bbox 2014 2983 2261 3014; x_wconf 85' lang='lat' dir='ltr'>Sacramentum</span> <span class='ocrx_word' id='word_1_1088' title='bbox 2288 2981 2328 3012; x_wconf 89' lang='lat' dir='ltr'>ad</span> <span class='ocrx_word' id='word_1_1089' title='bbox 2350 2980 2405 3012; x_wconf 79' lang='lat' dir='ltr'>Sa-</span> 
     </span>
     <span class='ocr_line' id='line_1_138' title="bbox 1333 3025 2405 3076; baseline -0.004 -16"><span class='ocrx_word' id='word_1_1090' title='bbox 1333 3045 1347 3060; x_wconf 82' lang='lat'><strong>»</strong></span> <span class='ocrx_word' id='word_1_1091' title='bbox 1371 3038 1569 3062; x_wconf 86' lang='lat' dir='ltr'>eramentum</span> <span class='ocrx_word' id='word_1_1092' title='bbox 1588 3030 1814 3061; x_wconf 86' lang='lat' dir='ltr'>Eucharistiae</span> <span class='ocrx_word' id='word_1_1093' title='bbox 1831 3026 2105 3071; x_wconf 86' lang='lat' dir='ltr'>(conficiendum)</span> <span class='ocrx_word' id='word_1_1094' title='bbox 2123 3026 2298 3064; x_wconf 90' lang='lat' dir='ltr'>ordinatur,</span> <span class='ocrx_word' id='word_1_1095' title='bbox 2306 3025 2405 3076; x_wconf 42' lang='lat' dir='ltr'>&#39;quod</span> 
     </span>
     <span class='ocr_line' id='line_1_139' title="bbox 1333 3069 2403 3107; baseline -0.007 1"><span class='ocrx_word' id='word_1_1096' title='bbox 1333 3090 1347 3104; x_wconf 82' lang='lat'><strong>»</strong></span> <span class='ocrx_word' id='word_1_1097' title='bbox 1371 3083 1417 3107; x_wconf 90' lang='lat' dir='ltr'>est</span> <span class='ocrx_word' id='word_1_1098' title='bbox 1440 3075 1685 3107; x_wconf 85' lang='lat' dir='ltr'>Sacramentum</span> <span class='ocrx_word' id='word_1_1099' title='bbox 1710 3074 2056 3104; x_wconf 84' lang='lat' dir='ltr'>Sacramentorum...</span> <span class='ocrx_word' id='word_1_1100' title='bbox 2082 3071 2123 3102; x_wconf 90' lang='lat' dir='ltr'>Et</span> <span class='ocrx_word' id='word_1_1101' title='bbox 2146 3070 2218 3101; x_wconf 92' lang='lat' dir='ltr'>ideo</span> <span class='ocrx_word' id='word_1_1102' title='bbox 2243 3069 2403 3102; x_wconf 77' lang='lat' dir='ltr'>distinctio</span> 
     </span>
     <span class='ocr_line' id='line_1_140' title="bbox 1333 3113 2406 3159; baseline -0.007 -7"><span class='ocrx_word' id='word_1_1103' title='bbox 1333 3134 1346 3148; x_wconf 68' lang='lat'>2·</span> <span class='ocrx_word' id='word_1_1104' title='bbox 1370 3121 1531 3152; x_wconf 88' lang='lat' dir='ltr'>Ordinum</span> <span class='ocrx_word' id='word_1_1105' title='bbox 1555 3127 1601 3150; x_wconf 89' lang='lat' dir='ltr'>est</span> <span class='ocrx_word' id='word_1_1106' title='bbox 1617 3118 1797 3159; x_wconf 88' lang='lat' dir='ltr'>accipienda</span> <span class='ocrx_word' id='word_1_1107' title='bbox 1816 3117 1994 3148; x_wconf 87' lang='lat' dir='ltr'>secundum</span> <span class='ocrx_word' id='word_1_1108' title='bbox 2017 3116 2204 3147; x_wconf 88' lang='lat' dir='ltr'>relationem</span> <span class='ocrx_word' id='word_1_1109' title='bbox 2219 3115 2258 3146; x_wconf 84' lang='lat' dir='ltr'>ad</span> <span class='ocrx_word' id='word_1_1110' title='bbox 2281 3113 2406 3146; x_wconf 61' lang='lat' dir='ltr'>Eucha-</span> 
     </span>
     <span class='ocr_line' id='line_1_141' title="bbox 1332 3159 2404 3206; baseline -0.007 -10"><span class='ocrx_word' id='word_1_1111' title='bbox 1332 3178 1346 3193; x_wconf 77' lang='lat'><strong>»</strong></span> <span class='ocrx_word' id='word_1_1112' title='bbox 1370 3165 1505 3196; x_wconf 88' lang='lat' dir='ltr'>ristiam:</span> <span class='ocrx_word' id='word_1_1113' title='bbox 1527 3164 1602 3206; x_wconf 88' lang='lat' dir='ltr'>quia</span> <span class='ocrx_word' id='word_1_1114' title='bbox 1618 3170 1756 3204; x_wconf 78' lang='lat' dir='ltr'>potestas</span> <span class='ocrx_word' id='word_1_1115' title='bbox 1773 3162 1902 3194; x_wconf 89' lang='lat' dir='ltr'>Ordinis</span> <span class='ocrx_word' id='word_1_1116' title='bbox 1925 3168 1980 3192; x_wconf 87' lang='lat' dir='ltr'>aut</span> <span class='ocrx_word' id='word_1_1117' title='bbox 2004 3167 2050 3192; x_wconf 91' lang='lat' dir='ltr'>est</span> <span class='ocrx_word' id='word_1_1118' title='bbox 2073 3160 2116 3191; x_wconf 86' lang='lat' dir='ltr'>ad</span> <span class='ocrx_word' id='word_1_1119' title='bbox 2132 3159 2404 3191; x_wconf 66' lang='lat' dir='ltr'>consecrationem</span> 
     </span>
     <span class='ocr_line' id='line_1_142' title="bbox 1333 3203 2404 3249; baseline -0.007 -8"><span class='ocrx_word' id='word_1_1120' title='bbox 1333 3222 1345 3237; x_wconf 83' lang='lat'><strong>»</strong></span> <span class='ocrx_word' id='word_1_1121' title='bbox 1368 3210 1595 3241; x_wconf 86' lang='lat' dir='ltr'>Eucharistiae</span> <span class='ocrx_word' id='word_1_1122' title='bbox 1611 3209 1711 3249; x_wconf 87' lang='lat' dir='ltr'>ipsius</span> <span class='ocrx_word' id='word_1_1123' title='bbox 1734 3206 1848 3249; x_wconf 88' lang='lat' dir='ltr'>(Ordo</span> <span class='ocrx_word' id='word_1_1124' title='bbox 1863 3207 1983 3238; x_wconf 87' lang='lat' dir='ltr'>scilicet</span> <span class='ocrx_word' id='word_1_1125' title='bbox 2003 3211 2035 3237; x_wconf 86' lang='lat' dir='ltr'>et</span> <span class='ocrx_word' id='word_1_1126' title='bbox 2049 3205 2219 3236; x_wconf 85' lang='lat' dir='ltr'>character</span> <span class='ocrx_word' id='word_1_1127' title='bbox 2235 3203 2404 3244; x_wconf 75' lang='lat' dir='ltr'>presbyte-</span> 
     </span>
     <span class='ocr_line' id='line_1_143' title="bbox 1331 3247 2400 3296; baseline -0.007 -11"><span class='ocrx_word' id='word_1_1128' title='bbox 1331 3267 1346 3282; x_wconf 66' lang='grc' dir='ltr'>ιν</span> <span class='ocrx_word' id='word_1_1129' title='bbox 1369 3253 1503 3296; x_wconf 87' lang='lat' dir='ltr'>rorum)</span> <span class='ocrx_word' id='word_1_1130' title='bbox 1528 3260 1583 3284; x_wconf 89' lang='lat' dir='ltr'>aut</span> <span class='ocrx_word' id='word_1_1131' title='bbox 1606 3253 1646 3283; x_wconf 90' lang='lat' dir='ltr'>ad</span> <span class='ocrx_word' id='word_1_1132' title='bbox 1661 3252 1792 3293; x_wconf 85' lang='lat' dir='ltr'>aliquod</span> <span class='ocrx_word' id='word_1_1133' title='bbox 1811 3252 2024 3282; x_wconf 86' lang='lat' dir='ltr'>ministerium</span> <span class='ocrx_word' id='word_1_1134' title='bbox 2041 3249 2225 3281; x_wconf 82' lang='lat' dir='ltr'>ordinatum</span> <span class='ocrx_word' id='word_1_1135' title='bbox 2248 3247 2288 3279; x_wconf 83' lang='lat' dir='ltr'>ad</span> <span class='ocrx_word' id='word_1_1136' title='bbox 2310 3247 2400 3278; x_wconf 77' lang='lat' dir='ltr'>hoc»</span> 
     </span>
     <span class='ocr_line' id='line_1_144' title="bbox 1329 3289 2404 3342; baseline -0.007 -12"><span class='ocrx_word' id='word_1_1137' title='bbox 1329 3298 1469 3342; x_wconf 91' lang='lat' dir='ltr'>(nempe</span> <span class='ocrx_word' id='word_1_1138' title='bbox 1493 3298 1583 3330; x_wconf 92' lang='lat' dir='ltr'>Ordo</span> <span class='ocrx_word' id='word_1_1139' title='bbox 1608 3297 1793 3327; x_wconf 87' lang='lat' dir='ltr'>diaconatus</span> <span class='ocrx_word' id='word_1_1140' title='bbox 1817 3303 1847 3326; x_wconf 91' lang='lat' dir='ltr'>et</span> <span class='ocrx_word' id='word_1_1141' title='bbox 1870 3295 2033 3326; x_wconf 86' lang='lat' dir='ltr'>inferiores</span> <span class='ocrx_word' id='word_1_1142' title='bbox 2058 3293 2121 3331; x_wconf 89' lang='lat' dir='ltr'>alii,</span> <span class='ocrx_word' id='word_1_1143' title='bbox 2147 3293 2173 3324; x_wconf 88' lang='lat' dir='ltr'>si</span> <span class='ocrx_word' id='word_1_1144' title='bbox 2185 3292 2311 3323; x_wconf 83' lang='lat' dir='ltr'>&#39;addere</span> <span class='ocrx_word' id='word_1_1145' title='bbox 2333 3289 2404 3332; x_wconf 80' lang='lat' dir='ltr'>qui-</span> 
     </span>
     <span class='ocr_line' id='line_1_145' title="bbox 1329 3336 2402 3384; baseline -0.008 -10"><span class='ocrx_word' id='word_1_1146' title='bbox 1329 3344 1403 3374; x_wconf 87' lang='lat' dir='ltr'>dem</span> <span class='ocrx_word' id='word_1_1147' title='bbox 1427 3353 1482 3374; x_wconf 90' lang='lat' dir='ltr'>eos</span> <span class='ocrx_word' id='word_1_1148' title='bbox 1506 3339 1651 3384; x_wconf 87' lang='lat' dir='ltr'>placeat).</span> <span class='ocrx_word' id='word_1_1149' title='bbox 1670 3341 1705 3371; x_wconf 89' lang='lat' dir='ltr'>In</span> <span class='ocrx_word' id='word_1_1150' title='bbox 1729 3341 1791 3371; x_wconf 92' lang='lat' dir='ltr'>hoc</span> <span class='ocrx_word' id='word_1_1151' title='bbox 1815 3340 1945 3371; x_wconf 87' lang='lat' dir='ltr'>rationis</span> <span class='ocrx_word' id='word_1_1152' title='bbox 1968 3345 2135 3370; x_wconf 90' lang='lat' dir='ltr'>momento</span> <span class='ocrx_word' id='word_1_1153' title='bbox 2164 3343 2225 3368; x_wconf 85' lang='lat' dir='ltr'>stat</span> <span class='ocrx_word' id='word_1_1154' title='bbox 2247 3336 2402 3367; x_wconf 78' lang='lat' dir='ltr'>immotus</span> 
     </span>
     <span class='ocr_line' id='line_1_146' title="bbox 1328 3379 2402 3430; baseline -0.01 -11"><span class='ocrx_word' id='word_1_1155' title='bbox 1328 3388 1472 3430; x_wconf 81' lang='lat' dir='ltr'>Aquinas</span> <span class='ocrx_word' id='word_1_1156' title='bbox 1488 3387 1569 3418; x_wconf 90' lang='lat' dir='ltr'>libro</span> <span class='ocrx_word' id='word_1_1157' title='bbox 1585 3386 1627 3417; x_wconf 94' lang='lat' dir='ltr'>IV</span> <span class='ocrx_word' id='word_1_1158' title='bbox 1644 3386 1766 3417; x_wconf 88' lang='lat' dir='ltr'>Contra</span> <span class='ocrx_word' id='word_1_1159' title='bbox 1781 3385 1923 3425; x_wconf 83' lang='lat' dir='ltr'>gentiles,</span> <span class='ocrx_word' id='word_1_1160' title='bbox 1941 3384 2042 3425; x_wconf 88' lang='lat' dir='ltr'>capite</span> <span class='ocrx_word' id='word_1_1161' title='bbox 2066 3389 2174 3413; x_wconf 64' lang='lat' dir='ltr'>cxxxv:</span> <span class='ocrx_word' id='word_1_1162' title='bbox 2194 3395 2208 3410; x_wconf 71' lang='grc' dir='ltr'>ι</span> <span class='ocrx_word' id='word_1_1163' title='bbox 2226 3379 2312 3418; x_wconf 78' lang='lat' dir='ltr'>Quia</span> <span class='ocrx_word' id='word_1_1164' title='bbox 2326 3387 2402 3409; x_wconf 79' lang='lat' dir='ltr'>vero</span> 
     </span>
     <span class='ocr_line' id='line_1_147' title="bbox 1331 3424 2402 3476; baseline -0.01 -12"><span class='ocrx_word' id='word_1_1165' title='bbox 1331 3446 1345 3460; x_wconf 58' lang='grc' dir='ltr'>ν</span> <span class='ocrx_word' id='word_1_1166' title='bbox 1369 3439 1508 3474; x_wconf 87' lang='lat' dir='ltr'>potestas</span> <span class='ocrx_word' id='word_1_1167' title='bbox 1532 3430 1672 3469; x_wconf 89' lang='lat' dir='ltr'>Ordinis,</span> <span class='ocrx_word' id='word_1_1168' title='bbox 1690 3431 1847 3471; x_wconf 84' lang='lat' dir='ltr'>inquiens,</span> <span class='ocrx_word' id='word_1_1169' title='bbox 1865 3429 1905 3460; x_wconf 90' lang='lat' dir='ltr'>ad</span> <span class='ocrx_word' id='word_1_1170' title='bbox 1928 3427 2198 3469; x_wconf 83' lang='lat' dir='ltr'>dispensationem</span> <span class='ocrx_word' id='word_1_1171' title='bbox 2210 3424 2402 3476; x_wconf 39' lang='lat' dir='ltr'>‘Sacramen-</span> 
     </span>
     <span class='ocr_line' id='line_1_148' title="bbox 1331 3469 2403 3508; baseline -0.011 0"><span class='ocrx_word' id='word_1_1172' title='bbox 1331 3490 1345 3505; x_wconf 83' lang='lat'><strong>»</strong></span> <span class='ocrx_word' id='word_1_1173' title='bbox 1368 3485 1476 3508; x_wconf 87' lang='lat' dir='ltr'>torum</span> <span class='ocrx_word' id='word_1_1174' title='bbox 1493 3476 1673 3507; x_wconf 85' lang='lat' dir='ltr'>ordinatur:</span> <span class='ocrx_word' id='word_1_1175' title='bbox 1690 3475 1770 3505; x_wconf 91' lang='lat' dir='ltr'>inter</span> <span class='ocrx_word' id='word_1_1176' title='bbox 1780 3474 1982 3505; x_wconf 84' lang='lat' dir='ltr'>Sacramenta</span> <span class='ocrx_word' id='word_1_1177' title='bbox 1997 3478 2105 3503; x_wconf 78' lang='lat' dir='ltr'>autem</span> <span class='ocrx_word' id='word_1_1178' title='bbox 2120 3469 2357 3501; x_wconf 79' lang='lat' dir='ltr'>nobilissimum</span> <span class='ocrx_word' id='word_1_1179' title='bbox 2372 3473 2403 3497; x_wconf 89' lang='lat' dir='ltr'>et</span> 
     </span>
     <span class='ocr_line' id='line_1_149' title="bbox 1332 3513 2402 3562; baseline -0.012 -9"><span class='ocrx_word' id='word_1_1180' title='bbox 1332 3535 1345 3549; x_wconf 77' lang='lat'><strong>»</strong></span> <span class='ocrx_word' id='word_1_1181' title='bbox 1369 3520 1662 3553; x_wconf 77' lang='lat' dir='ltr'>consummativum</span> <span class='ocrx_word' id='word_1_1182' title='bbox 1680 3519 1818 3550; x_wconf 83' lang='lat' dir='ltr'>aliorum</span> <span class='ocrx_word' id='word_1_1183' title='bbox 1841 3525 1888 3549; x_wconf 87' lang='lat' dir='ltr'>est</span> <span class='ocrx_word' id='word_1_1184' title='bbox 1904 3515 2118 3548; x_wconf 82' lang='lat' dir='ltr'>Eucharistiae</span> <span class='ocrx_word' id='word_1_1185' title='bbox 2141 3513 2402 3562; x_wconf 72' lang='lat' dir='ltr'>Sacramentum3</span> 
     </span>
     <span class='ocr_line' id='line_1_150' title="bbox 1330 3561 2401 3607; baseline -0.012 -9"><span class='ocrx_word' id='word_1_1186' title='bbox 1330 3579 1344 3593; x_wconf 61' lang='grc' dir='ltr'><em>ν</em></span> <span class='ocrx_word' id='word_1_1187' title='bbox 1368 3572 1495 3607; x_wconf 88' lang='lat' dir='ltr'>oportet</span> <span class='ocrx_word' id='word_1_1188' title='bbox 1516 3565 1605 3606; x_wconf 89' lang='lat' dir='ltr'>quod</span> <span class='ocrx_word' id='word_1_1189' title='bbox 1628 3570 1766 3605; x_wconf 86' lang='lat' dir='ltr'>potestas</span> <span class='ocrx_word' id='word_1_1190' title='bbox 1784 3562 1913 3594; x_wconf 88' lang='lat' dir='ltr'>Ordinis</span> <span class='ocrx_word' id='word_1_1191' title='bbox 1932 3561 2148 3592; x_wconf 81' lang='lat' dir='ltr'>consideretur</span> <span class='ocrx_word' id='word_1_1192' title='bbox 2170 3565 2338 3598; x_wconf 78' lang='lat' dir='ltr'>praecipue</span> <span class='ocrx_word' id='word_1_1193' title='bbox 2354 3565 2401 3586; x_wconf 87' lang='lat' dir='ltr'>se-</span> 
     </span>
     <span class='ocr_line' id='line_1_151' title="bbox 1331 3606 2399 3649; baseline -0.012 -7"><span class='ocrx_word' id='word_1_1194' title='bbox 1331 3623 1344 3637; x_wconf 86' lang='lat'><strong>»</strong></span> <span class='ocrx_word' id='word_1_1195' title='bbox 1368 3611 1510 3642; x_wconf 90' lang='lat' dir='ltr'>cundum</span> <span class='ocrx_word' id='word_1_1196' title='bbox 1526 3608 1798 3649; x_wconf 86' lang='lat' dir='ltr'>comparationem</span> <span class='ocrx_word' id='word_1_1197' title='bbox 1809 3607 1849 3637; x_wconf 92' lang='lat' dir='ltr'>ad</span> <span class='ocrx_word' id='word_1_1198' title='bbox 1862 3606 1925 3637; x_wconf 91' lang='lat' dir='ltr'>hoc</span> <span class='ocrx_word' id='word_1_1199' title='bbox 1935 3606 2186 3637; x_wconf 77' lang='lat' dir='ltr'>Sacramentum,</span> <span class='ocrx_word' id='word_1_1200' title='bbox 2196 3610 2271 3631; x_wconf 89' lang='lat' dir='ltr'>narn</span> <span class='ocrx_word' id='word_1_1201' title='bbox 2283 3609 2399 3631; x_wconf 90' lang='lat' dir='ltr'>unum-</span> 
     </span>
     <span class='ocr_line' id='line_1_152' title="bbox 1330 3642 2398 3696; baseline -0.009 -13"><span class='ocrx_word' id='word_1_1202' title='bbox 1330 3670 1343 3683; x_wconf 80' lang='lat'><strong>»</strong></span> <span class='ocrx_word' id='word_1_1203' title='bbox 1367 3655 1521 3696; x_wconf 89' lang='lat' dir='ltr'>quodque</span> <span class='ocrx_word' id='word_1_1204' title='bbox 1545 3652 1770 3684; x_wconf 89' lang='lat' dir='ltr'>denominatur</span> <span class='ocrx_word' id='word_1_1205' title='bbox 1792 3661 1810 3681; x_wconf 90' lang='lat' dir='ltr'>a</span> <span class='ocrx_word' id='word_1_1206' title='bbox 1833 3649 1930 3681; x_wconf 89' lang='lat' dir='ltr'>fine...</span> <span class='ocrx_word' id='word_1_1207' title='bbox 1947 3648 2032 3686; x_wconf 83' lang='lat' dir='ltr'>Quia</span> <span class='ocrx_word' id='word_1_1208' title='bbox 2054 3646 2151 3688; x_wconf 85' lang='lat' dir='ltr'>igitur</span> <span class='ocrx_word' id='word_1_1209' title='bbox 2173 3643 2265 3688; x_wconf 87' lang='lat' dir='ltr'>(cap.</span> <span class='ocrx_word' id='word_1_1210' title='bbox 2282 3654 2363 3675; x_wconf 73' lang='lat' dir='ltr'>Lxxv</span> <span class='ocrx_word' id='word_1_1211' title='bbox 2372 3642 2398 3687; x_wconf 95' lang='lat'>),</span> 
     </span>
    </p>
   </div>
  </div>
 </body>
</html>
