2788 4204
79 566 89 576 ·
98 565 173 587 codd.
179 576 189 580 —
197 571 217 586 με
226 570 292 590 vero,-

78 599 105 613 n:
120 593 198 613 autem
206 607 225 613 ..
235 607 241 613 .
286 598 291 612 :

77 618 192 646 disputat.

80 658 88 666 ·
107 657 182 679 Codd.
198 669 214 673 -
228 663 290 682 μακε

75 683 143 705 idest
160 683 224 712 quod
236 689 291 705 non.

1145 269 1256 305 CAP.
1286 269 1374 316 XII,
1404 269 1554 306 LECT.
1584 269 1674 305 XXI

321 349 541 399 disputatio,
572 350 602 387 si
627 356 756 386 tamen
783 360 862 385 non
882 348 1007 384 solum
1028 347 1094 384 fiat
1114 347 1314 396 disputatio
1336 347 1383 384 de

320 415 367 440 eo
391 403 497 451 quod
525 410 581 439 est
603 401 834 450 geometriae
852 399 876 447 λ,
906 400 975 437 sed
994 400 1108 437 etiam
1129 412 1174 436 ex
1192 400 1384 448 principiis

319 456 558 504 geometricis
586 454 825 504 procedatur.
858 453 897 490 Si
924 465 1019 490 vero
1049 465 1127 489 non
1156 453 1209 489 sic
1236 453 1302 489 fiat
1331 452 1383 489 di—

320 509 482 558 sputatio
511 508 549 545 in
577 507 804 555 geometria,
840 518 920 543 non
953 506 1052 542 bene
1088 505 1308 554 disputatur.
1344 505 1384 542 Si

321 562 422 599 enim
437 562 458 583 *⁵
476 561 609 610 aliquis
629 560 792 608 disputet
811 571 900 595 curn
919 566 1115 606 geometra
1135 571 1213 595 non
1234 558 1280 595 de
1296 570 1383 606 geo-

320 615 495 662 metricis,
526 613 770 650 manifestum
800 620 855 648 est
883 612 988 660 quod
1016 624 1090 648 non
1119 612 1258 661 arguit,
1288 611 1385 648 idest

320 680 398 705 non
420 668 440 689 *
467 665 668 714 convincit,
698 665 769 702 nisi
787 677 856 714 per
875 664 1068 702 accidens:
1096 672 1188 713 puta
1211 664 1241 700 si
1265 664 1312 700 sit
1331 664 1384 701 di-

370 859 398 894 λ)
415 860 446 885 Si
464 863 552 885 tamen
572 859 705 884 etc.·-Est
723 859 798 883 lectio
813 858 898 883 Piana.
912 858 952 883 En
967 858 1042 883 lectio
1057 858 1130 883 codd.
1145 858 1312 888 BCDEKOQ
1324 865 1383 882 cum

318 896 428 921 aliorum
446 895 521 920 codd.
539 894 708 919 variantibus:
727 894 752 918 si
770 893 804 926 (Ι,
822 894 882 924 sed‚·
901 895 931 924 L,
949 894 1020 926 cum)
1039 896 1126 918 tamen
1148 893 1251 926 (tamen
1271 901 1324 917 om.
1344 893 1382 925 L)

318 931 464 963 disputatio
483 938 535 955 non
550 931 635 955 solum
650 929 752 962 (GlST,
767 936 818 954 non
833 930 918 954 solum
933 929 1092 961 disputatio,·
1106 929 1130 953 A
1142 936 1196 953 om.
1211 936 1262 953 non
1270 935 1280 958 ‚·
1292 928 1316 952 R
1330 936 1383 953 orn.

318 974 371 992 non
390 967 475 991 solum
481 973 491 996 ‚·
509 966 531 990 L
553 973 607 990 om.
629 965 725 997 solum)
743 965 799 998 fiat
817 964 936 997 (ALMN,
952 965 1008 997 fiat
1025 964 1171 996 disputatio
1178 964 1230 994 ,χΙ-Ι
1247 971 1301 988 om.
1317 963 1382 996 fiat)

318 1002 352 1027 de
364 1009 395 1027 eo
409 1002 481 1034 quod
498 1004 538 1026 est
554 1001 715 1034 geometriae
734 1000 777 1032 (G,
795 1007 833 1024 ex
850 1000 891 1024 his
909 1007 977 1032 quae
990 1001 1053 1024 sunt
1070 1006 1155 1032 geom.
1160 1007 1170 1029 ‚·
1188 999 1219 1030 N,
1238 999 1271 1023 de
1289 1006 1327 1028 eo,
1343 999 1384 1023 vel

317 1044 356 1062 ex
368 1037 417 1067 his,
432 1043 499 1069 quae
514 1035 555 1069 (ἒ)
570 1039 609 1061 est
621 1042 722 1068 geom:
740 1036 766 1060 in
779 1036 895 1068 margine
909 1035 930 1059 L
945 1035 1003 1059 add.
1018 1035 1128 1059 absurde
1143 1041 1194 1058 non
1211 1038 1271 1066 post
1284 1034 1355 1066 quod
1360 1034 1382 1065 );

274 1070 278 1073 ”
317 1072 366 1097 sed
382 1072 463 1097 etiam
482 1071 529 1104 (A,
547 1071 659 1101 semem
677 1071 709 1101 N,
729 1070 806 1102 idest)
825 1077 863 1095 ex
882 1069 1024 1101 principiis
1037 1069 1204 1102 geometricis
1219 1068 1384 1100 procedatur

318 1107 363 1140 (M,
378 1107 439 1139 sed)
459 1114 540 1140 marg.
556 1106 657 1130 additur
675 1106 710 1137 et)
730 1112 768 1130 ex
780 1105 901 1137 propriis
916 1103 1009 1137 (prop.
1024 1104 1145 1136 expung.)
1164 1103 1303 1135 principiis
1318 1110 1384 1135 pro-

315 1142 626 1174 ceditur).-Lectionem
645 1141 759 1170 Pianam,
778 1147 845 1172 quae
869 1141 1006 1172 perspicua
1023 1144 1065 1164 est
1077 1145 1104 1164 et
1121 1146 1169 1171 pro
1187 1146 1218 1163 se
1235 1138 1313 1163 habet
1330 1138 1384 1163 fere

316 1178 466 1202 unanimem
485 1176 559 1201 codd.
579 1176 764 1206 auctoritatem,
783 1176 933 1200 retinemus.

369 1212 399 1246 μ)
419 1211 494 1236 Unde
503 1211 672 1244 manifestum
687 1213 727 1235 est
737 1210 900 1235 ete—Codd.
913 1209 1002 1239 AIMQ
1013 1217 1120 1241 prorsus
1135 1208 1275 1233 absurdam
1289 1207 1384 1232 habent

314 1247 461 1272 lectionem.
479 1246 582 1271 Etenim
597 1246 607 1270 1
621 1246 714 1270 omittit
732 1245 811 1270 verba
829 1245 901 1278 quod
914 1252 966 1270 non
981 1248 1033 1274 est,
1049 1249 1075 1269 et
1088 1243 1165 1274 AMQ
1177 1243 1267 1276 legunt
1281 1243 1307 1268 in
1321 1249 1384 1276 geo-

2423 281 2493 306 221

1438 348 1599 396 sputatio
1643 347 1690 385 de
1719 348 1739 368 *
1768 347 1914 384 musica
1951 354 1988 383 et
2029 347 2220 395 contingat
2262 355 2497 395 geometram

1436 413 1505 448 per
1538 400 1712 437 accidens
1750 413 1832 437 esse
1871 400 2071 437 musicum.
2106 400 2218 437 Unde
2255 401 2498 437 manifestum

1438 460 1494 489 est
1527 453 1632 502 quod
1669 466 1747 490 non
1782 461 1838 503 est
1868 453 1907 489 in
1939 465 2018 490 non
2054 452 2293 500 geometricis
2330 453 2377 490 de
2409 466 2498 501 geo-

1439 505 1572 542 metria
1601 505 1870 555 disputandum
1893 512 1933 552 ¹⁴⁴,
1968 505 2057 554 quia
2077 518 2156 542 non
2179 505 2318 554 poterit
2342 506 2498 542 iudicari

1438 571 1507 607 per
1534 558 1717 607 principia
1749 559 1845 595 illius
1875 558 2072 607 scientiae,
2102 566 2230 595 utrum
2259 559 2279 579 *
2313 559 2411 595 bene
2445 559 2497 595 di-

1439 618 1610 660 sputetur
1635 613 1698 648 vel
1718 612 1817 648 male
1837 616 1859 648 ⁹.
1881 613 1930 648 Et
1962 611 2130 648 similiter
2149 624 2189 648 se
2209 612 2324 648 habet
2351 611 2390 648 in
2419 611 2498 648 aliis

1439 672 1611 701 seientus.
2062 672 2066 674 ’

1438 858 1563 882 metricis.
1576 870 1596 877 —-
1609 858 1744 882 Praeterea
1763 857 1866 882 absurdi
1887 862 1947 881 sunt
1966 858 2066 882 codices
2085 857 2194 888 CDHIQ
2211 857 2320 890 legendo
2338 857 2418 883 infra:
2436 858 2500 890 quia

1433 893 1536 924 poterit
1554 892 1670 918 iudicari
1682 899 1734 924 per
1743 892 1880 924 principia
1895 892 1923 924 (1,
1938 893 2011 924 peius
2025 893 2110 923 etiam,
2124 893 2157 917 de
2166 893 2318 925 principiis)
2334 893 2403 918 illius
2416 893 2500 918 scien-

1437 928 1499 953 tiae.
1517 929 1638 952 Attamen
1657 929 1682 952 in
1701 928 1723 952 D
1743 927 1866 959 particula
1884 934 1936 951 non
1956 928 2091 959 apponitur
2109 928 2222 952 secunda
2240 936 2328 952 manu.

1490 963 1513 995 ν)
1533 963 1626 988 Utrum
1641 963 1704 988 bene
1717 962 1867 994 disputetur
1881 963 1922 986 vel
1936 963 2037 987 male.—-
2047 963 2082 987 Ita
2096 963 2170 987 codd.
2179 977 2198 981 -
2207 963 2265 987 PG:
2281 966 2369 988 utrum
2387 963 2434 995 (G,
2449 964 2500 989 sci-

1438 998 1498 1023 licet
1516 998 1616 1030 utrum)
1632 998 1695 1022 bene
1707 998 1749 1022 vel
1763 998 1831 1023 male
1849 997 2128 1028 disputetur.—-Codex
2140 1006 2203 1022 vero
2217 998 2238 1023 N
2254 999 2322 1023 addit
2340 999 2500 1024 immediate:

1437 1036 1464 1057 et
1477 1033 1526 1058 hoc
1539 1036 1578 1058 est
1590 1033 1661 1065 quod
1674 1033 1746 1062 dicit,
1762 1032 1860 1057 latebit.
1872 1033 1908 1056 Et
1921 1033 2043 1057 similiter
2057 1038 2104 1057 etc.
2118 1033 2217 1058 Revera
2226 1034 2378 1058 Aristoteles
2393 1034 2417 1058 in
2431 1038 2500 1059 textu

1437 1067 1522 1098 habet,
1537 1075 1604 1100 quae
1623 1068 1716 1092 indicat
1734 1067 1790 1092 cod.
1805 1067 1841 1092 N:
1861 1067 1952 1092 latebit
1970 1067 2039 1092 enim
2054 1075 2140 1099 prave
2159 1068 2311 1100 disputans,-
2328 1066 2401 1099 λήσει
2415 1066 2465 1102 γὰρ
2486 1067 2500 1094 ὁ

1437 1101 1540 1136 φαύλως
1559 1101 1752 1136 διαλεγόμενος
1773 1103 1819 1127 sed
1834 1102 1894 1135 quia
1908 1110 1975 1126 unus
1994 1103 2063 1133 cod.‚
2084 1108 2172 1128 contra
2187 1104 2362 1128 auctoritatem
2382 1104 2500 1135 aliorum,

1437 1137 1515 1162 refert
1532 1140 1559 1162 et
1576 1138 1625 1162 hoc
1643 1141 1683 1162 est
1700 1137 1771 1169 quod
1789 1138 1861 1167 dicit,
1881 1138 1979 1167 latebit,
1995 1146 2047 1162 non
2067 1139 2149 1163 audeo
2164 1139 2318 1163 additionem
2337 1139 2414 1163 textui
2434 1140 2502 1164 inse-

1436 1180 1501 1203 rere,
1517 1180 1597 1205 quam
1611 1172 1670 1205 (nisi
1684 1173 1841 1206 antiquiores
1856 1180 1886 1197 ac
1899 1173 2011 1204 optimae
2025 1174 2130 1198 omnino
2145 1179 2220 1198 notae
2235 1174 2335 1198 codices
2354 1175 2501 1206 oppositum

1437 1208 1571 1239 suadeant)
1590 1208 1626 1232 uti
1645 1208 1761 1232 notulam
1780 1208 1888 1232 studiosi
1911 1207 2023 1232 hominis
2042 1209 2144 1240 sapiens
2168 1216 2197 1233 ac
2219 1209 2332 1241 prudens
2355 1210 2435 1234 lector
2457 1210 2503 1235 ha-

1437 1243 1498 1267 bere
1517 1243 1601 1268 debet.

2527 358 2536 367 ·
2546 357 2620 380 Codd.
2633 370 2649 374 -
2662 364 2689 380 νε
2704 359 2738 381 in.

2525 564 2534 573 '
2551 569 2580 584 c:
2602 563 2691 585 scilicet
2712 570 2740 585 u-

2525 591 2593 611 trum.
