2548 4192
216 263 262 287 XII

212 328 419 394 impune
459 322 605 374 liceat
642 340 671 370 a
709 315 938 384 vestigiis
980 311 1100 366 tanti
1141 309 1231 361 viri
1272 307 1353 359 vel
1398 305 1664 358 minimum
1715 298 2002 378 discedere.
2055 297 2127 349 bt
2165 297 2409 351 Dom1n1-

213 398 407 450 cianam
435 392 671 445 familiam
692 399 1092 457 praetereamus,
1126 400 1258 448 quae
1289 397 1493 430 summo
1518 376 1618 426 hoc
1647 382 1899 452 maglstro
1923 389 2042 448 iure·
2055 369 2289 448 quodam
2311 391 2407 423 suo

212 467 454 537 gloriatur
536 483 595 514 ea
632 462 746 528 lege
795 456 953 510 teneri
994 450 1387 516 Benedictinos,
1430 445 1761 509 CarmelltaS‚
1803 441 2259 520 Augustinlanos,
2309 441 2407 494 So-

213 507 633 600 cietatem⁷lesu,
681 531 910 596 aliosque
959 544 1133 578 sacros
1179 521 1415 574 Ordines
1466 516 1791 584 complureS,
1845 523 2033 564 statuta
2081 514 2406 581 slngulorum

214 619 498 744 testffisse
528 676 626 726 hoc
656 673 771 724 loco
798 688 985 737 magna
1011 686 1126 718 cum
1153 663 1418 731 voluptate
1447 658 1689 728 provolat
1715 656 1917 708 animus
1943 656 2010 708 ad
2039 656 2405 710 celeberrimas

212 751 317 803 illas
373 767 503 815 quae
534 745 653 796 olim
693 743 741 794 in
780 741 996 807 Europa
1025 738 1321 801 floruerunt,
1353 729 1676 784 Academias
1709 740 1758 780 et
1788 728 2025 796 Scholas,
2057 728 2405 782 Parisiensem

213 792 397 888 nenipe
452 814 839 880 Salmantinam,
873 809 1328 878 Complutensem,
1350 804 1693 868 Duacenam,
1725 800 2072 869 Tolosanam,
2104 800 2404 854 Lovanien-

211 912 318 944 sem
372 861 691 953 P'atavinam,
721 882 1134 947 Bononiensem,
1165 875 1589 945 Neapolitanam,
1623 872 2143 940 Conimbricensem,
2173 873 2405 942 aliasque

209 933 495 1031 permultas.
537 957 775 1027 Quarum
813 950 1220 1006 Academiarum
1260 967 1450 1000 nomen
1491 956 1657 997 aetate
1700 943 2105 1012 quodammodo
2147 945 2404 1014 crevisse,

210 1043 515 1101 rogatasque
544 1027 833 1094 sententias,
857 1045 972 1077 cum
1002 1022 1241 1092 graviora
1270 1029 1547 1088 agerentur
1572 1016 1800 1086 negotia,
1827 1016 2108 1085 plurimum
2139 1016 2190 1068 in
2220 1037 2405 1070 omnes

207 1114 376 1173 partes
415 1101 662 1167 valuisse,
712 1117 864 1149 nemo
904 1096 1115 1164 ignorat.
1165 1093 1400 1144 Iamvero
1443 1100 1772 1157 compertum
1813 1100 1920 1157 est,
1971 1089 2020 1140 in
2067 1089 2270 1158 magnis
2310 1089 2404 1142 illis

208 1176 458 1227 humanae
484 1170 760 1240 sapientiae
787 1166 1071 1234 domiciliis,
1094 1177 1354 1231 tamquam
1387 1162 1435 1213 in
1466 1182 1562 1213 suo
1594 1181 1778 1230 regnO,
1801 1160 2068 1213 Thomam
2099 1161 2403 1215 consedisse

207 1245 511 1314 principem,
533 1254 685 1310 atque
708 1240 935 1292 omnium
953 1238 1033 1290 vel
1052 1237 1325 1289 doctorum
1343 1234 1423 1286 vel
1441 1232 1738 1285 auditorum
1760 1232 1964 1289 animos
1986 1233 2116 1285 miro
2141 1253 2402 1287 consensu

207 1317 255 1368 in
285 1316 430 1368 unius
460 1313 675 1382 angelici
704 1310 951 1363 Doctoris
982 1307 1275 1377 magisterio
1308 1317 1357 1358 et
1385 1304 1687 1357 auctoritate
1719 1304 2098 1373 conquievisse.

310 1386 434 1454 Sed,
466 1385 607 1453 quod
638 1383 795 1452 pluris
826 1393 916 1450 est,
947 1380 1171 1432 Romani
1202 1378 1482 1430 Pontifices
1512 1376 1959 1429 Praedecessores
1985 1378 2166 1430 Nostri
2197 1378 2402 1447 sapien-

208 1459 326 1511 tiam
347 1458 584 1509 Thomae
612 1454 890 1524 Aquinatis
920 1451 1263 1521 singularibus
1292 1449 1503 1502 laudum
1534 1449 1845 1518 praeconiiS‚
1878 1461 1928 1502 et
1958 1450 2265 1503 testimoniis
2295 1471 2402 1504 am-

206 1529 443 1598 plissimis
474 1527 729 1597 prosecuti
758 1537 884 1578 sunt.
913 1525 1049 1576 Nam
1086 1523 1334 1576 Clemens
1366 1521 1441 1573 VI
1474 1521 1654 1589 (Bulla
1684 1521 1749 1573 ln
1787 1521 2033 1591 Ordine),
2064 1522 2318 1575 Nicolaus
2349 1522 2402 1575 V

174 1621 176 1624 ’
208 1601 403 1670 (Breve
430 1600 496 1652 ad
518 1599 619 1650 FF.
647 1597 778 1651 Ord.
795 1596 975 1648 Praed.
1006 1600 1094 1662 145
1113 1598 1177 1665 Ι),
1206 1593 1522 1646 Benedictus
1549 1593 1674 1645 XIII
1697 1596 1720 1659 (
1728 1593 1878 1646 Bulla
1900 1593 2190 1664 pretiosus)
2212 1594 2402 1664 aliique

207 1682 462 1739 testantur,
491 1669 773 1722 admirabili
801 1669 907 1720 eius
937 1667 1168 1720 doctrina
1195 1666 1489 1718 universam
1510 1665 1805 1718 Ecclesiam
1837 1665 2095 1734 illustrari,
2124 1666 2176 1719 S.
2198 1666 2323 1719 Pius
2349 1666 2403 1719 V

206 1763 328 1794 vero
351 1742 525 1812 (Bulla
543 1741 834 1810 Mz'mbz‘lz's)
855 1740 1037 1792 fatetur
1058 1738 1241 1791 eadem
1268 1738 1505 1790 doctrina
1526 1738 1770 1790 haereses
1798 1737 2040 1791 confusas
2063 1750 2114 1791 et
2134 1739 2402 1792 convictas

207 1813 454 1883 dissipari,
495 1813 779 1881 orbemque
810 1812 1104 1864 universum
1137 1831 1166 1863 a
1195 1809 1449 1879 pestiferis
1480 1807 1714 1878 quotidie
1756 1810 1960 1863 liberari
2003 1810 2288 1879 erroribus3
2319 1811 2401 1864 alii

206 1906 320 1937 cum
352 1885 620 1938 Clemente
650 1884 748 1936 XII
789 1883 963 1954 (Bulla
1004 1882 1160 1935 Verba
1188 1882 1341 1951 Dei),
1381 1882 1646 1935 uberrima
1685 1882 1828 1934 bona
1866 1882 1933 1935 ab
1967 1882 2076 1935 eius
2116 1883 2320 1952 scriptis
2350 1883 2401 1936 in

204 1956 489 2008 Ecclesiam
528 1956 815 2008 universam
852 1955 1155 2023 dimanasse,
1196 1954 1480 2023 Ipsumque
1512 1954 1704 2007 eodem
1737 1955 1938 2007 honore
1971 1955 2253 2008 colendum
2285 1975 2400 2008 esse

206 2027 469 2096 affirmant,
510 2028 594 2095 qui
633 2027 842 2080 summis
881 2027 1146 2079 Ecclesiae
1187 2026 1510 2094 doctoribus,
1548 2026 1830 2096 Gregorio,
1861 2027 2177 2096 Ambrosio,
2207 2027 2401 2098 Augu-

207 2099 337 2150 stino
368 2110 416 2151 et
444 2099 766 2168 Hieronymo
796 2099 1039 2167 defertur,
1069 2098 1148 2151 alii
1176 2098 1387 2151 tandem
1419 2098 1470 2152 S.
1489 2099 1756 2151 Thomam
1785 2119 2087 2168 proponere
2117 2120 2222 2152 non
2250 2099 2402 2152 dubi-

206 2181 370 2222 tarunt
406 2170 710 2223 Academiis
750 2182 799 2223 et
837 2171 1034 2240 magnis
1074 2171 1264 2240 Lyceis
1305 2171 1572 2240 exemplar
1619 2183 1669 2223 et
1707 2171 2041 2240 magistrum,
2092 2191 2251 2240 quem
2291 2183 2401 2225 tuto

203 2241 338 2310 pede
367 2254 712 2310 sequerentur.
755 2242 880 2312 Qua
914 2243 962 2295 in
994 2263 1046 2295 re
1087 2254 1376 2296 memoratu
1417 2243 1723 2312 dignissima
1763 2243 2005 2296 videntur
2043 2243 2099 2296 B.
2124 2243 2326 2296 Urbani
2349 2243 2402 2296 V

203 2313 362 2365 verba
399 2313 464 2365 ad
503 2314 847 2366 Academiam
887 2314 1229 2368 Tolosanam:
1284 2315 1534 2368 Volumus
1572 2324 1623 2367 et
1657 2324 1829 2367 tenore
1863 2317 2222 2383 praesentium
2260 2316 2403 2368 vobis

205 2385 550 2453 iniungimus,
599 2395 657 2437 ut
690 2386 747 2438 B.
779 2386 830 2438 T
819 2386 1012 2439 lcomae'
1035 2387 1323 2440 doctrinam
1363 2397 1634 2456 tamquam
1677 2387 1960 2440 veridicam
2003 2396 2054 2440 et
2093 2387 2402 2442 catholicam

203 2457 478 2524 sectemini,
517 2457 838 2525 eamdemque
873 2459 1126 2511 studeatis
1156 2461 1273 2512 totis
1303 2460 1507 2512 viribus
1536 2459 1791 2528 ampliare
1829 2459 2082 2530 (Constit.
2111 2465 2168 2513 5?
2193 2459 2293 2513 dat.
2317 2459 2402 2513 die

208 2533 233 2578 3
257 2526 398 2595 Aug.
429 2534 555 2580 1368
587 2528 653 2580 ad
685 2528 908 2582 Cancell.
931 2530 1065 2583 univ.
1087 2531 1308 2601 Tolos).
1350 2531 1552 2584 Urbani
1592 2543 1765 2584 autern
1807 2531 2107 2602 exemplum
2147 2531 2402 2585 Innocen-

205 2597 301 2649 tius
334 2598 432 2650 XII
471 2599 616 2669 (Litt.
640 2600 687 2652 in
722 2600 864 2653 form.
889 2602 1063 2670 Brev.,
1095 2603 1178 2655 die
1211 2610 1240 2656 6
1272 2603 1430 2656 Febr.
1462 2606 1628 2674 1694)
1664 2604 1714 2657 in
1750 2603 2070 2657 Lovaniensi
2111 2603 2405 2658 studiorum

206 2668 566 2748 Universitate,
607 2682 656 2724 et
693 2672 1005 2726 Benedictus
1049 2674 1180 2727 XIV
1220 2675 1370 2740 (Litt.
1393 2676 1442 2728 in
1472 2675 1619 2729 form.
1650 2676 1820 2744 Brev.,
1851 2676 1936 2729 die
1970 2696 2027 2729 21
2066 2676 2213 2746 Aug.
2244 2678 2404 2747 1752)

207 2758 255 2792 1n
296 2740 534 2811 Collegio
565 2743 888 2811 Dionysiano
922 2745 1320 2800 Granatensium
1361 2760 1690 2801 renovarunt.
1709 2782 1778 2787 —
1799 2748 1900 2800 His
1930 2769 2057 2801 vero
2088 2748 2404 2802 Pontificum
2467 2746 2472 2750 ’

207 2812 543 2891 Ῑῃειὶςίῐῃοωιῃ
582 2814 647 2866 de
687 2815 895 2869 Thoma
933 2817 1200 2886 Aquinate
1241 2819 1461 2889 iudiciis,
1502 2820 1659 2873 veluti
1701 2820 1958 2889 cumulus,
1999 2820 2285 2873 Innocentii
2326 2820 2403 2873 VI

208 2884 550 2963 testlmonium
581 2886 813 2939 accedat:
843 2888 1027 2941 Huius
1057 2890 1352 2961 (Thomae)
1374 2893 1613 2946 doctrina
1633 2901 1768 2961 prae
1797 2894 1990 2961 ceteris,
2011 2901 2221 2961 excepta
2251 2912 2403 2946 cano-

210 2974 339 3033 nica,
378 2955 531 3036 habet
554 2960 912 3025 proprietatem
951 2962 1232 3031 verberum,
1275 2964 1481 3017 moa'um
1520 2965 1870 3033 dicendorum,
1906 2966 2173 3018 veritatem
2202 2973 2403 3018 senten-

210 3033 413 3105 tiarum,
441 3037 513 3080 ita
543 3038 603 3080 ut
628 3050 910 3098 numquam
941 3034 1036 3100 qui
1059 3054 1170 3086 eam
1198 3037 1474 3104 tenuerint,
1506 3037 1901 3090 inveniantura
1931 3038 2169 3089 veritatis
2198 3038 2406 3090 tramite

209 3095 438 3149 deviasse
442 3117 465 3164 ,·
503 3108 551 3150 et
585 3102 679 3167 qui
719 3122 829 3154 eam
869 3104 1275 3174 impugnaverit,
1314 3117 1513 3176 semper
1540 3108 1722 3178 suerit
1764 3109 1826 3162 de
1872 3107 2089 3161 ve‘m'tate
2135 3117 2404 3177 suspectus

212 3166 404 3235 (Serm.
427 3169 491 3220 de
522 3170 572 3222 S.
594 3171 840 3242 Thoma).
2287 3204 2290 3206 ’

315 3238 432 3307 Ipsa
470 3261 678 3310 quoque
719 3244 955 3298 Concilia
994 3246 1382 3319 Oecumenica‚
1428 3251 1477 3304 in
1518 3252 1710 3321 quibus
1750 3252 1942 3305 eminet
1981 3253 2143 3305 lectus
2188 3273 2252 3305 ex
2291 3263 2401 3305 toto

211 3308 337 3361 orbe
359 3321 603 3365 terrarum
625 3314 720 3366 flos
741 3316 1036 3387 sapientiae,
1058 3319 1369 3389 singularem
1387 3323 1630 3377 Thomae
1648 3324 1905 3393 Aquinati
1928 3324 2185 3377 honorem
2207 3324 2402 3377 habere

210 3393 460 3449 perpetuo
490 3384 803 3465 studuerunt.
834 3387 890 3440 In
922 3388 1170 3444 Conciliis
1191 3392 1554 3463 Lugdunensi,
1578 3396 1883 3465 Viennensi,
1911 3396 2234 3465 Florentin0‚
2257 3394 2402 3448 Vati-

213 3453 870 3536 can0,.dellberat1·onibus
920 3472 969 3512 et
1007 3461 1227 3516 decretis
1266 3465 1475 3519 Patrum
1523 3467 1810 3521 interfuisse
1850 3467 2117 3522 Thomam
2167 3479 2217 3520 et
2264 3487 2400 3537 pene

211 3522 487 3603 praefuisse
527 3526 728 3607 dixerls,
759 3530 1008 3584 adversus
1039 3554 1240 3588 errores
1272 3535 1613 3607 Graecorum,
1655 3540 2035 3594 haereticorum
2067 3552 2118 3592 et
2146 3539 2402 3592 rationali-

214 3602 400 3645 starum
427 3597 731 3651 1neluctab1li
759 3601 808 3653 vi
840 3613 889 3653 et
915 3602 1222 3658 faustissimo
1253 3608 1387 3660 exitu
1415 3609 1990 3665 decertantem—Sed
2020 3612 2149 3665 haec
2180 3610 2404 3664 maxima
