2548 4192
234 361 283 391 Ex
307 359 414 392 codice
437 359 519 410 Petri
550 358 589 389 de
613 359 671 389 Le-

387 413 520 434 mowcis

229 493 336 533 Caput
362 502 415 522 xvi
448 504 462 519 α
485 491 533 521 De
566 491 698 532 trifaria

184 537 338 567 divisione
361 536 459 567 totius
483 536 598 575 operis.

229 603 237 611 .
248 603 256 611 .
266 603 274 611 .
285 581 489 621 Quapropter
498 580 606 620 ipsum
617 590 700 620 opus

184 625 380 663 universum,
405 625 494 665 quod
526 625 700 665 Speculum

184 669 288 700 Maius
297 670 480 707 vocabatur,
496 669 529 700 in
546 674 612 699 tres
620 679 700 709 par-

185 719 231 744 tes
247 714 459 754 principales,
476 720 642 754 tamquam
666 714 698 743 in

185 759 249 788 tria
278 759 442 789 volumina
466 758 517 788 vel
545 757 700 798 opuscula

183 802 321 843 perfecta
345 809 375 833 et
398 813 416 833 a
439 812 471 832 se
495 802 631 833 invicem
650 812 698 832 se-

185 853 292 887 parata
303 847 592 884 distinxi.Quorum
604 847 699 877 etiam

185 892 443 933 unumquodque
453 892 582 932 Speculi
596 891 700 921 nomi-

185 946 225 966 ne
250 936 377 967 divisim
406 936 574 967 intitulavi.
593 936 699 966 Prima

184 981 291 1022 itaque
325 992 396 1022 pars
430 981 571 1011 continet
598 987 700 1011 totam

184 1026 367 1056 Historiam
383 1026 566 1056 naturalem
578 1031 608 1055 et
624 1025 700 1054 haec

183 1076 316 1101 vocatur
334 1070 505 1111 Speculum
523 1069 698 1099 Creatoris.

185 1115 330 1145 Secunda
362 1121 464 1144 totam
496 1113 609 1143 seriem
633 1113 699 1142 Do-

183 1158 352 1189 ctrinalem
386 1164 417 1188 et
455 1158 531 1188 haec
568 1162 700 1187 vocatur

184 1202 355 1243 Speculum
375 1202 602 1233 Scientiarum.
619 1201 698 1231 Ter-

184 1247 227 1278 tia
264 1256 340 1277 vero
379 1253 480 1277 totam
515 1246 697 1276 Historiam

185 1292 391 1333 temporalem
416 1298 447 1322 et
469 1291 546 1321 haec
569 1297 701 1321 vocatur

184 1336 356 1377 Speculum
379 1336 615 1366 Historiarum.
635 1334 700 1364 Pri-

185 1380 241 1412 ma
264 1374 272 1378 ’
290 1380 449 1422 siquidem
498 1379 703 1430 prosequitur

184 1431 331 1456 naturam
386 1432 416 1456 et
471 1424 697 1465 proprietatem

184 1470 333 1501 omnium
381 1476 507 1500 rerum:
556 1468 698 1499 secunda

183 1515 349 1546 maten'am
357 1521 388 1546 et
397 1514 543 1545 ordinem
550 1512 699 1544 omnium

184 1559 317 1591 artium:
351 1560 446 1590 tertia
478 1568 554 1589 vero
587 1557 701 1588 seriem

185 1604 334 1635 omnium
365 1611 560 1644 temporum.
586 1615 601 1630 ’
628 1601 699 1632 Alia

185 1656 382 1690 sequuntur,
424 1658 506 1689 quae
549 1646 700 1677 trifariam

184 1700 311 1725 tantum
320 1692 524 1734 partitionem
534 1691 700 1722 illustrant.

913 279 968 315 IN
999 279 1036 316 S.
1058 278 1299 315 THOMAM
1326 279 1649 326 AQUINATEM

756 359 802 388 Ex
826 358 892 388 aliis
919 359 1052 399 vulgatis
1077 358 1227 398 exemplis

791 491 898 531 Caput
915 501 966 521 xv1
994 504 1007 518 c<
1022 491 1069 521 De
1090 490 1259 531 quadrifa-

745 536 796 565 ria
829 535 984 565 divisione
1016 535 1114 566 totius
1143 535 1258 575 operis.

793 602 800 609 .
813 603 820 610 .
831 580 1050 620 ‚Quapropter
1059 579 1166 619 ipsum
1177 589 1259 619 opus

747 624 931 655 universum
947 624 979 654 in
996 629 1136 664 quatuor
1146 629 1260 664 partes

740 669 951 709 principales,
963 675 1129 709 tamquam
1139 669 1171 698 in
1182 678 1259 708 qua-

746 719 821 744 tuor
844 714 1007 744 volumina
1032 713 1169 753 perfecta
1193 719 1224 743 et
1243 723 1260 742 a

746 768 778 788 se
802 757 938 788 invicem
962 765 1102 798 separata
1122 757 1258 787 distinxi.

745 802 891 839 Quarum
916 812 979 832 una
1003 802 1143 832 continet
1158 808 1260 832 totam

745 846 862 877 scilicet
869 846 1051 877 Historiam
1063 847 1261 877 naturalem:

746 891 807 921 alia
829 900 904 921 vero
928 898 1029 921 totam
1053 891 1166 922 seriem
1194 891 1259 920 Do-

745 936 927 966 ctrinalem:
948 935 1038 966 tertia
1060 945 1135 966 vero
1158 941 1260 965 totam

747 979 958 1010 eruditionem
973 981 1149 1010 Moralem:
1166 988 1259 1020 quar—

746 1031 777 1054 ta
800 1031 902 1054 totam
932 1023 1114 1054 Historiam
1142 1029 1260 1062 tempo—

747 1068 858 1098 ralem.
877 1067 982 1097 Prima
1005 1067 1163 1108 siquidem
1187 1076 1260 1107 pro-

745 1112 887 1152 sequitur
906 1118 1051 1141 naturam
1071 1118 1101 1142 et
1117 1110 1260 1151 proprie-

745 1162 842 1186 tatem
876 1155 1023 1186 omnium
1056 1163 1179 1186 rerum:
1212 1164 1259 1185 se-

745 1200 851 1231 cunda
870 1209 945 1231 vero
970 1200 1134 1230 materiam
1154 1206 1185 1230 et
1208 1208 1259 1229 or-

745 1244 853 1274 dinem
877 1243 1026 1274 omnium
1049 1244 1175 1274 artium:
1197 1249 1260 1274 ter-

746 1290 790 1320 tia
844 1288 1050 1328 proprietates
1097 1295 1127 1318 et
1172 1294 1260 1318 actus

747 1333 895 1364 omnium
918 1332 1072 1363 virtutum
1106 1339 1137 1363 et
1167 1332 1260 1363 vitio-

746 1385 830 1408 rum:
845 1382 963 1418 quarta
983 1378 1095 1408 seriem
1112 1377 1261 1407 omnium

743 1429 938 1463 temporum.
953 1435 967 1449 ¹>
987 1422 1059 1453 Alia
1069 1429 1256 1463 sequuntur,

744 1477 826 1508 quae
863 1466 1067 1508 partitionem
1102 1466 1260 1508 quadrifa-

745 1512 824 1542 riam
848 1511 947 1551 magis
971 1511 1138 1542 declarant.

601 1789 728 1810 CAPUT
751 1788 844 1808 xvu.

416 1869 468 1900 De
486 1869 623 1899 materia
647 1867 899 1907 uniuscuiusque
915 1867 1033 1907 partis.

234 1971 249 1987 ‹
263 1958 362 2000 Igitur
371 1959 503 2000 primae
509 1958 619 1998 partis
629 1956 700 1988 fun—

186 2004 373 2035 damentum
389 2010 436 2034 est
454 2002 584 2033 historia
603 2011 700 2040 sacra,

186 2048 225 2080 ab
248 2049 319 2089 ipso
353 2046 510 2089 principio
535 2055 636 2087 usque
660 2046 700 2076 ad

187 2093 374 2124 eiectionem
397 2091 537 2123 hominis
556 2091 636 2132 lapsi
660 2090 699 2120 de

184 2138 334 2170 Paradiso
349 2145 357 2167 ι
390 2137 441 2168 cui
474 2136 619 2166 videlicet
650 2135 698 2165 hi-

186 2182 300 2214 storiae
316 2182 545 2213 interseruntur
560 2190 607 2219 ea,
618 2189 700 2221 quae

186 2227 344 2269 pertinent
375 2227 415 2256 ad
447 2233 593 2256 naturam
621 2223 719 2255 caeli·

186 2278 218 2303 et
231 2270 355 2302 mundi:
370 2277 401 2301 et
418 2270 451 2301 in
467 2269 530 2300 fine
546 2269 698 2300 adiiciun-

185 2322 238 2348 tur
274 2321 387 2347 cuncta
427 2325 510 2356 quae
543 2313 700 2354 pertinent

186 2361 227 2392 ad
249 2361 375 2391 ruinam
390 2360 441 2390 vel
455 2359 618 2400 sequelam
628 2367 702 2399 pec-

188 2405 259 2436 cati.
274 2406 374 2436 Porro
390 2403 638 2435 fundamentum
652 2412 701 2434 se-

188 2450 314 2482 cundae
330 2450 439 2489 partis
470 2455 517 2479 est
546 2447 700 2488 reparatio

187 2494 279 2535 lapsi.
286 2493 546 2524 Fundamentum
554 2502 629 2522 vero
639 2497 702 2522 ter-

188 2540 254 2570 tiae
261 2539 370 2579 partis
386 2544 442 2574 est,
453 2537 558 2578 primo
570 2535 701 2577 quidem

187 2583 318 2614 historia
350 2581 489 2613 hominis
523 2590 625 2621 usque
663 2580 703 2610 ad

186 2627 359 2668 imperium
380 2626 528 2663 Neronis,
551 2625 624 2655 inde
646 2635 700 2655 ve-

187 2682 223 2703 ro
235 2695 243 2703 .
256 2695 264 2703 .
276 2695 284 2702 .
296 2681 399 2713 usque
409 2671 449 2701 ad
459 2671 545 2701 diem
553 2669 662 2700 istum.
673 2692 680 2700 .
691 2692 699 2700 .

795 1969 809 1983 ιι
824 1955 922 1995 Igitur
924 1957 1055 1996 primae
1064 1957 1173 1996 partis
1188 1955 1259 1986 fun-

747 2000 934 2031 damentum
949 2007 995 2031 est
1013 2000 1143 2031 historia
1162 2010 1259 2038 sacra,

746 2045 784 2075 ab
809 2044 879 2085 ipso
903 2045 1062 2086 principio
1094 2045 1260 2076 creationis

745 2099 851 2120 rerum
884 2099 986 2130 usque
1018 2090 1161 2131 requiem
1189 2090 1259 2119 sab-

744 2134 824 2165 bati:
842 2134 893 2165 cui
914 2134 1009 2165 etiam
1033 2134 1261 2165 interseruntur

746 2189 793 2217 ea,
818 2188 900 2220 quae
923 2179 1081 2220 pertinent
1104 2179 1144 2209 ad
1167 2186 1259 2210 natu-

744 2233 813 2254 ram
837 2223 913 2254 caeli
937 2230 968 2254 et
990 2223 1114 2254 mundi.
1132 2224 1259 2254 Funda-

745 2274 892 2299 mentum
909 2268 1070 2299 secundae
1086 2269 1191 2309 partis
1214 2274 1262 2298 est

745 2313 886 2343 hominis
898 2312 978 2353 lapsi
994 2313 1149 2353 reparatio
1161 2323 1260 2354 quan-

747 2364 817 2388 tum
836 2358 875 2388 ad
899 2357 1105 2388 intellectum.
1125 2357 1166 2388 Et
1189 2357 1261 2387 fun—

748 2402 935 2432 damentum
994 2403 1109 2432 tertiae
1153 2402 1262 2442 partis

747 2453 904 2487 quantum
919 2446 958 2476 ad
982 2445 1129 2476 affectum
1144 2453 1190 2476 est
1204 2446 1261 2476 ho-

749 2490 843 2521 minis
855 2490 1018 2531 reparatio.
1032 2490 1178 2527 Quartae
1181 2500 1261 2531 par-

747 2536 788 2566 tis
802 2534 1058 2572 fundamentum,
1070 2535 1175 2575 primo
1190 2534 1260 2575 qui-

749 2581 823 2610 dem
846 2589 932 2610 sacra
955 2579 1115 2619 Scriptura
1130 2589 1149 2609 a
1178 2589 1261 2610 crea-

746 2624 834 2655 tione
857 2623 997 2654 hominis
1008 2646 1016 2653 .
1028 2646 1036 2654 .
1049 2646 1057 2654 .

255 2761 398 2791 invectae
421 2759 654 2800 depravationis
677 2765 780 2799 partes
803 2758 878 2788 alias
902 2763 992 2788 notat
1013 2756 1188 2795 Echardus,
1213 2757 1260 2787 in-

187 2806 265 2846 tegri
282 2805 409 2847 vulgati
426 2804 555 2844 Prologi
570 2803 739 2835 collatione
759 2802 839 2833 facta
855 2812 930 2833 cum
945 2802 1097 2843 Prologo‚
1115 2801 1170 2842 qui
1187 2811 1260 2842 pro-

188 2857 248 2882 stat
270 2850 304 2880 in
326 2856 452 2880 vetusto
476 2849 571 2880 citato
595 2848 711 2879 codice*
728 2857 787 2878 ms.
804 2847 945 2888 optimae
968 2853 1073 2877 notae.
1090 2845 1175 2876 Hinc
1194 2846 1260 2876 duo

188 2894 391 2935 colliguntur:
417 2905 443 2925 1.
459 2893 665 2924 vincentium
687 2892 945 2923 Bellovacensem
968 2891 1007 2921 de
1030 2890 1166 2931 Speculo
1189 2891 1261 2921 Mo-

189 2939 270 2976 ruli,
294 2938 384 2979 quod
407 2949 426 2968 a
448 2938 548 2969 tribus
570 2937 638 2967 aliis
661 2936 837 2974 Naturali,
857 2936 1061 2973 Doctrinali,
1085 2935 1262 2965 Ilistoriali

190 2982 373 3013 distinctum
401 2982 459 3021 sit,
484 2981 699 3012 elucubrando
733 2981 920 3021 edendoque
953 2990 992 3010 ne
1021 2979 1151 3020 quidem
1176 2979 1260 3019 cogi-

188 3033 284 3058 tasse:
308 3036 336 3057 2.
354 3027 524 3067 Speculum
548 3026 634 3057 idem
652 3026 782 3056 Morale
801 3025 880 3055 falso
897 3024 1048 3055 hactenus
1065 3024 1168 3054 eidem
1190 3023 1260 3054 Bel-

190 3070 348 3101 lovacensi
370 3070 525 3101 tributum
549 3070 655 3100 fuisse.

257 3114 386 3146 Codicis
409 3114 515 3152 huius,
539 3114 595 3155 qui
618 3121 684 3145 tam
707 3114 828 3155 insigne
853 3113 1120 3154 splendidumque
1144 3123 1259 3153 suppe-

190 3159 267 3192 ditat
290 3165 534 3199 argumentum,
553 3157 650 3188 fidem
673 3165 791 3199 augent
820 3164 851 3189 et
881 3157 1070 3188 confirmant
1103 3157 1168 3187 duo
1202 3157 1261 3187 alia

190 3204 319 3244 Speculi
340 3204 540 3234 Doctrinalis
571 3212 607 3233 ac
630 3203 763 3244 Prologi
785 3203 948 3243 praemissi
977 3201 1165 3242 exemplaria
1195 3212 1260 3231 ma-

190 3248 367 3288 nuscripta:
392 3247 425 3277 in
449 3247 565 3288 quibus
589 3247 721 3288 trifaria
754 3254 879 3278 tantum
902 3247 1048 3287 Speculi,
1073 3246 1162 3287 quod
1191 3246 1261 3276 Bel-

190 3292 365 3323 lovacensis
389 3291 534 3332 concepit
557 3291 766 3332 confecitque,
791 3291 927 3322 occurrit
949 3290 1087 3331 partitio.
1115 3290 1262 3320 Servatur

191 3338 325 3368 alterum
348 3336 381 3366 in
406 3335 558 3366 ditissima
580 3335 770 3366 bibliotheca
793 3335 872 3366 olim
896 3335 1095 3366 Colbertina:
1127 3334 1262 3364 alterurn

190 3382 295 3412 videre
325 3391 360 3411 ac
390 3380 521 3410 lustrare
551 3379 624 3410 licet
655 3379 688 3409 in
712 3379 902 3410 bibliotheca
927 3378 1055 3408 maioris
1087 3384 1262 3408 conventus

190 3425 371 3457 Parisiensis
403 3424 614 3455 Eremitarurn
646 3434 671 3454 s.
695 3423 875 3463 Augustini.
902 3423 1028 3463 Inquies
1059 3431 1135 3452 vero
1166 3421 1262 3461 longe

190 3470 297 3511 plures
325 3480 400 3500 ωδε.
427 3469 551 3500 codices
583 3467 730 3508 reperiri,
759 3467 866 3508 eisque
897 3466 980 3507 typis
1009 3465 1091 3496 edita
1119 3466 1262 3505 exempla

191 3524 366 3545 consonare
390 3513 509 3551 omnia,
524 3522 606 3554 quae
628 3512 795 3552 vulgatum
813 3511 989 3551 Prologum
1004 3519 1078 3540 cum
1093 3509 1260 3549 partitione

190 3559 399 3600 quadrifaria
422 3562 663 3598 repraesentant.
690 3556 859 3596 Reponam
883 3565 942 3594 ego
964 3554 1142 3584 editionum
1165 3552 1262 3583 fidem

191 3603 347 3634 maiorem
370 3613 437 3633 non
468 3612 534 3632 esse
557 3601 619 3632 fide
647 3607 679 3631 et
705 3600 889 3630 auctoritate
913 3598 1062 3629 codicum
1085 3597 1128 3628 ita
1151 3607 1184 3627 se
1206 3597 1261 3627 ha-

190 3647 347 3687 bentium,
363 3657 399 3677 ex
415 3647 532 3688 quibus
554 3646 626 3676 illae
650 3644 853 3686 prodierunt:
870 3643 1057 3684 codicesque
1076 3641 1261 3672 huiusmodi

333 3709 403 3741 Opp.
421 3709 453 3733 D.
467 3708 582 3732 Tamus
600 3707 632 3732 T.
652 3707 670 3732 1.

2329 295 2385 320 CCI

1316 358 1412 398 longe
1431 366 1507 390 nota
1531 369 1566 390 ac
1590 366 1688 390 aetate
1707 359 1870 390 inferiores
1894 370 1960 390 esse
1985 361 2092 391 codice
2115 361 2244 393 laudato
2271 363 2387 394 Sorbo-

1317 403 1410 441 nico,
1439 404 1495 444 qui
1518 414 1652 434 manum
1675 404 1791 434 saeculi
1824 404 2020 435 tertiidecimi
2045 405 2084 434 ad
2107 404 2204 436 finem
2234 408 2388 447 vergentis

1317 447 1471 487 praefert,
1491 458 1630 489 suaeque
1654 447 1847 489 antiquitatis
1873 458 1908 479 ac
1930 447 2004 479 fidei
2028 449 2237 480 certissimum
2261 451 2388 490 signum

1317 492 1411 522 habet
1434 492 1467 522 in
1495 492 1626 523 nomine
1658 493 1747 523 Petri
1776 492 1816 523 de
1838 493 2035 530 Lemovicis,
2061 504 2159 534 quem
2191 505 2275 525 anno
2306 497 2386 526 1263

1318 542 1348 566 et
1372 546 1453 577 1272
1474 536 1651 574 florentem,
1675 538 1820 578 adeoque
1844 537 2062 578 synchronum
2085 538 2253 569 Vincentio
2285 539 2388 570 Bello-

1316 580 1440 610 vacensi
1463 581 1612 612 vidimus.
1636 581 1771 612 Codices
1795 581 1874 611 alios
1898 582 1991 620 duos,
2017 581 2239 613 Colbertinum
2263 590 2293 614 et
2321 586 2387 614 Au-

1316 625 1545 663 gusdnianum,
1570 635 1807 666 quemcumque
1831 626 1871 656 ad
1895 636 2016 656 annum
2039 626 2164 665 referas,
2180 637 2239 667 pro
2264 634 2386 658 senten-

1316 668 1359 699 tia
1383 676 1489 699 nostra
1513 670 1646 700 militare
1665 677 1802 701 constat:
1827 670 1923 711 idque
1947 671 2057 701 saltem
2076 671 2182 711 palam
2201 682 2238 702 ex
2261 672 2298 702 iis
2320 671 2386 702 fieri

1316 723 1412 743 nemo
1437 724 1503 744 non
1532 714 1616 744 videt
1645 714 1916 755 quadripartitam
1946 715 2051 755 operis
2079 715 2279 746 Vincentiani
2307 716 2386 746 divi-

1317 757 1440 787 sionem
1464 759 1611 788 nondum
1635 769 1674 789 eo
1697 765 1840 798 tempore
1864 759 2020 790 invectam
2039 760 2275 801 cognitamque,
2291 766 2386 801 atque

1316 802 1462 832 nondum
1481 802 1652 843 Speculum
1669 804 1799 833 Morale
1822 803 1854 832 in
1878 803 1983 834 lucem
2007 804 2139 842 editum,
2156 815 2222 845 quo
2242 805 2386 835 librarius

1316 846 1447 876 eosdem
1470 856 1568 876 manu
1593 847 1745 877 exarabat.

1383 891 1421 920 11.
1449 890 1623 921 Codicibus
1653 901 1689 921 ac
1719 890 1870 931 trifariae
1902 891 2017 922 laudati
2047 892 2174 932 Speculi
2203 892 2385 933 partitioni,

1315 933 1412 964 fidem
1428 934 1600 964 maximam
1624 935 1745 965 addunt
1769 935 1939 975 synchroni
1955 942 2058 966 testes.
2075 937 2200 967 Primus
2216 938 2313 976 adest,
2329 938 2385 979 qui

1317 978 1460 1008 codicem
1475 978 1557 1009 Petri
1582 978 1620 1009 de
1644 978 1822 1009 Lemovicis
1846 979 1894 1009 his
1917 980 2019 1010 verbis
2035 981 2163 1020 propria
2191 992 2289 1012 manu
2313 982 2385 1013 scri-

1316 1021 1377 1061 ptis
1401 1022 1590 1053 adnotabat:
1615 1023 1703 1053 «Iste
1726 1022 1804 1052 liber
1828 1029 1875 1053 est
1898 1033 2075 1063 pauperum
2098 1025 2323 1065 Magistrorum
2347 1027 2386 1057 de

1319 1078 1333 1092 »
1354 1066 1508 1104 Sorbona,
1530 1076 1566 1096 ex
1589 1067 1698 1107 legato
1722 1068 1873 1107 magistri
1895 1068 1984 1098 Petri
2010 1068 2049 1098 de
2071 1069 2257 1108 Lemovicis,
2283 1081 2385 1111 quon-

1319 1122 1333 1136 »
1354 1110 1428 1140 dam
1452 1110 1528 1140 socii
1552 1111 1678 1141 Domus
1702 1110 1836 1141 huius..
1850 1134 1857 1141 .
1881 1111 1916 1141 In
1936 1111 1997 1142 hoc
2021 1113 2184 1143 volumine
2207 1115 2387 1146 continetur

1319 1166 1333 1180 ιο
1354 1154 1365 1183 1
1386 1164 1458 1193 pars
1475 1154 1602 1194 Speculi
1619 1154 1757 1192 Maioris,
1774 1155 1919 1186 videlicet
1941 1166 2059 1186 novem
2079 1157 2149 1187 libri
2165 1158 2259 1197 primi
2274 1159 2384 1199 ipsius.

1319 1210 1333 1225 ιο
1354 1198 1453 1235 Quod
1476 1198 1607 1238 quidem
1631 1199 1804 1239 Speculum
1837 1199 1931 1230 habet
1959 1201 2022 1230 tria
2046 1201 2178 1231 nomina
2209 1204 2385 1234 secundum

1320 1254 1334 1269 x·
1354 1247 1420 1272 tres
1439 1243 1508 1273 eius
1525 1248 1648 1283 partes.
1670 1243 1817 1280 Quarum
1845 1243 1946 1283 prima
1969 1251 2101 1275 vocatur
2124 1245 2294 1285 Speculum
2318 1248 2385 1278 Na-

1319 1299 1334 1313 »
1354 1287 1480 1317 rurale.-
1494 1288 1640 1321 ‚secunda
1663 1297 1739 1318 vero
1767 1287 1938 1327 Speculum
1962 1289 2170 1320 Doctrinale:
2198 1291 2287 1321 tertia
2309 1302 2384 1322 vero

1319 1343 1333 1358 1>
1354 1341 1425 1371 pars
1450 1331 1517 1362 eius
1540 1338 1672 1362 vocatur
1703 1332 1873 1372 Speculum
1906 1332 2097 1364 Historiale.
2122 1346 2136 1361 »
2162 1335 2385 1366 Animadverte

1317 1377 1380 1406 tria
1405 1377 1535 1406 nomina
1560 1376 1687 1416 Speculi
1710 1376 1859 1415 Maioris,
1884 1377 1974 1417 quod
1997 1383 2043 1408 est
2064 1377 2223 1418 integrum
2250 1379 2386 1410 Vincen—

1317 1420 1440 1451 tianum
1473 1428 1575 1461 opus:
1608 1421 1749 1461 itemque
1782 1426 1848 1451 tres
1879 1422 1948 1452 eius
1974 1427 2088 1462 partes
2125 1429 2249 1463 tresque
2277 1423 2386 1454 titulos

1317 1465 1443 1505 Speculi
1467 1465 1650 1503 Naturalis,
1675 1465 1885 1502 Doctrinalis,
1911 1466 2112 1497 Historialis.
2130 1467 2289 1503 Quartum
2312 1478 2387 1508 ergo

1317 1509 1508 1549 Speculum,
1538 1510 1628 1550 quod
1651 1510 1782 1540 Morale
1804 1509 1934 1549 dicitur,
1967 1520 2032 1541 non
2057 1511 2245 1550 agnoscebat
2268 1522 2388 1553 anony-

1317 1564 1390 1584 mus
1413 1553 1463 1584 hic
1487 1554 1665 1584 adnotator.

1384 1598 1535 1639 Sequitur
1558 1598 1714 1629 Henricus
1731 1599 1958 1636 Gandavensis‚
1978 1609 2076 1640 quem
2095 1599 2158 1630 vita
2176 1599 2315 1630 Tornaci
2329 1600 2389 1630 mi-

1316 1653 1420 1683 grasse
1439 1653 1525 1673 anno
1548 1644 1628 1683 1293
1645 1642 1738 1674 refert
1754 1643 1887 1674 loannes
1901 1643 2050 1674 Molanus
2069 1643 2103 1673 in
2117 1654 2177 1674 ms.
2194 1644 2389 1675 Bibliotheca

1317 1697 1412 1718 sacra.
1431 1687 1481 1718 Sic
1498 1687 1591 1718 habet
1607 1687 1659 1717 ille
1682 1688 1720 1717 de
1740 1687 1951 1727 Scriptoribus
1968 1687 2043 1718 eccl.
2062 1687 2162 1728 capite
2178 1696 2256 1718 x1.11:
2283 1701 2298 1716 «
2311 1689 2389 1719 Vin-

1319 1744 1334 1759 »
1355 1732 1476 1762 centius
1493 1731 1636 1762 eiusdem
1652 1731 1781 1762 Ordinis
1797 1730 2081 1774 (Praedicatorum)
2102 1732 2215 1763 dicitur
2230 1733 2388 1773 scripsisse

1319 1789 1334 1804 a»
1354 1776 1519 1817 quoddam
1543 1786 1626 1816 opus
1657 1776 1763 1816 magni
1793 1776 1911 1816 ingenii
1935 1783 1965 1807 et
1987 1776 2123 1807 laboris:
2153 1777 2243 1817 quod
2274 1778 2388 1818 praeti-

1319 1833 1334 1848 ›
1352 1820 1464 1852 tulavit
1497 1820 1617 1860 triplex
1649 1820 1843 1860 Speculum,
1872 1821 2070 1858 Historiale,
2103 1821 2321 1862 Allegoricum
2355 1827 2387 1852 et

1319 1878 1334 1893 »
1353 1866 1492 1895 Morale.
1511 1877 1526 1892 »
1549 1865 1625 1902 Quo
1648 1865 1681 1895 in
1705 1864 1887 1895 testimonio
1912 1865 2006 1906 digna
2025 1872 2099 1896 sunt
2115 1865 2387 1896 animadversione

1316 1910 1525 1951 quamplura:
1557 1920 1582 1940 1.
1604 1910 1650 1939 Ex
1674 1909 1811 1940 aliorum
1834 1909 1932 1940 relatu
1955 1908 2088 1952 (dicitur
2109 1908 2287 1952 scripsisse)
2311 1910 2387 1940 Vin-

1317 1954 1409 1986 centii
1434 1954 1543 1985 nostri·
1557 1964 1639 1994 opus
1663 1954 1814 1984 recenseri
1843 1954 1881 1984 ab
1898 1954 2054 1984 Henrico:
2086 1964 2115 1984 2.
2127 1954 2260 1984 Famam
2284 1954 2388 1994 operis

1316 1999 1473 2039 viguisse,
1505 1998 1595 2040 quod
1614 1998 1851 2038 praetitulatum
1875 2005 1955 2029 esset
1978 1999 2098 2038 triplex
2119 1998 2302 2038 Speculum,
2320 2008 2387 2029 non

1316 2043 1527 2085 quadruplex:
1549 2044 1576 2074 3.
1588 2043 1714 2073 Partem
1728 2043 1942 2073 Historialem
1967 2042 2087 2083 optime
2111 2042 2243 2080 laudari,
2263 2052 2329 2072 non
2345 2043 2388 2073 ita

1316 2088 1452 2129 reliquas
1476 2088 1570 2118 duas:
1597 2097 1628 2127 4.
1645 2087 1865 2128 Allegoricum
1890 2087 1979 2128 quod
2002 2087 2180 2117 inscribitur
2203 2087 2386 2127 Speculum,

1316 2133 1402 2163 idem
1426 2142 1493 2162 esse
1518 2142 1593 2163 cum
1611 2132 1784 2163 Naturali:
1803 2131 1845 2162 ita
1869 2131 1989 2162 dictum
2011 2132 2053 2161 ob
2070 2141 2106 2161 ea
2122 2141 2203 2171 quae
2222 2131 2289 2171 ipse
2310 2131 2388 2162 Vin-

1317 2177 1437 2208 centius
1461 2177 1555 2207 habet
1578 2177 1610 2206 in
1635 2183 1772 2216 utroque
1794 2176 1932 2215 Prologo
1956 2175 2096 2215 genuino
2120 2182 2150 2205 et
2172 2175 2312 2214 vulgato,
2339 2185 2389 2205 ca»-

1317 2222 1381 2262 pite
1403 2231 1479 2252 xvm
1502 2221 1683 2262 inquiente:
1707 2221 1782 2251 Hoc
1805 2225 1851 2250 est
1875 2221 1978 2260 igitur
2001 2219 2185 2259 Speculum,
2203 2219 2292 2259 quod
2314 2219 2388 2250 licet

1316 2266 1465 2297 Naturale
1489 2265 1538 2303 sit,
1564 2271 1663 2296 totum
1690 2270 1795 2295 tamen
1814 2274 1877 2304 per
1890 2264 2045 2304 quasdam
2070 2273 2179 2294 rerum
2203 2263 2386 2294 similitudi-

1318 2321 1374 2341 nes
1397 2316 1427 2341 et
1450 2311 1671 2351 integumenta
1692 2309 1887 2350 figurarum
1912 2308 1956 2338 ad
1977 2307 2230 2349 aedificationem
2260 2317 2385 2338 morum

1317 2355 1438 2396 referri
1453 2355 1572 2385 valeat:
1590 2355 1618 2384 5.
1630 2353 1804 2393 Speculum
1824 2352 1960 2393 denique
1982 2352 2113 2382 Morale
2131 2352 2170 2382 ab
2187 2351 2386 2382 Gandavensi

1317 2399 1512 2439 appellatum
1535 2408 1601 2428 non
1626 2397 1711 2428 aliud
1734 2396 1866 2437 intelligi
1890 2397 2020 2434 debere,
2045 2396 2106 2426 nisi
2127 2396 2297 2436 Speculum
2321 2397 2387 2426 Do—

1317 2444 1468 2481 ctrinale,
1486 2442 1743 2483 proptereaquod
1766 2441 1912 2472 scientiae
1928 2441 1961 2471 in
1976 2441 2091 2471 eodem
2111 2441 2149 2470 ab
2171 2446 2299 2470 auctore
2318 2450 2386 2480 per-

1317 2495 1462 2519 tractatae
1490 2488 1530 2517 ad
1558 2487 1693 2518 ethicam
1720 2486 1941 2516 Universalem
1965 2485 2136 2525 pertinent,
2159 2485 2387 2523 Monasticam,

1321 2532 1575 2569 Oeconomicam,
1599 2532 1785 2568 Politicam,·
1808 2530 1848 2560 ad
1871 2529 1920 2560 ius
1944 2536 2117 2570 utrumque
2139 2529 2241 2559 Civile
2262 2534 2292 2559 et
2325 2529 2386 2559 Ca-

1318 2578 1490 2614 nonicum;
1513 2583 1544 2606 et
1574 2576 1614 2606 ad
1646 2575 1756 2606 omnia
1787 2574 1980 2614 generatim,
2004 2584 2086 2614 quae
2118 2573 2258 2603 hominis
2291 2573 2388 2604 totius

1318 2622 1449 2662 eiusque
1473 2630 1598 2651 morum
1623 2619 1884 2650 reformationem
1917 2619 2180 2658 complectuntur.
2198 2618 2285 2648 Haec
2308 2618 2388 2647 habe

1317 2675 1393 2706 prae
1415 2665 1535 2703 oculis,
1559 2665 1674 2695 lector:
1700 2663 2007 2703 disertissimumque
2030 2662 2244 2702 deprehendes
2264 2661 2388 2692 Ganda-

1317 2710 1420 2741 vensis
1444 2709 1666 2741 testimonium
1689 2719 1747 2749 pro
1772 2708 1891 2748 triplici
1913 2708 2076 2737 dumtaxat
2099 2706 2235 2746 Speculo
2252 2706 2387 2736 Vincen-

1317 2755 1421 2794 tiano,
1445 2754 1621 2791 Naturali,
1645 2753 1848 2789 Doctrinali,
1868 2752 2052 2782 Historiali.
2070 2751 2142 2788 Qua
2166 2750 2204 2780 de
2228 2759 2260 2779 re
2283 2750 2387 2780 adhuc

1316 2799 1397 2830 infra
1420 2799 1590 2839 agendum.

1384 2844 1511 2874 Tertius
1535 2842 1620 2873 testis
1643 2841 1761 2872 accedit
1785 2841 1918 2871 Ioannes
1951 2839 2156 2880 Hautfuney,
2180 2844 2290 2869 auctor
2326 2838 2385 2868 Ta-

1317 2889 1412 2919 bulae
1434 2888 1467 2918 in
1491 2887 1665 2928 Speculum
1681 2885 1860 2916 Historiale.
1882 2885 1917 2914 In
1936 2894 2010 2915 mss.
2028 2883 2199 2921 codicibus,
2216 2892 2298 2923 quos
2314 2882 2384 2922 plu—

1317 2943 1366 2963 res
1388 2932 1467 2963 vidit
1490 2933 1622 2963 Iacobus
1655 2930 1838 2967 Echardus,
1862 2935 2044 2968 nuncupata
2066 2928 2179 2967 legitur
2202 2937 2238 2957 ea
2260 2926 2386 2956 Tabula

1317 2977 1351 3007 S.
1372 2977 1457 3008 tituli
1479 2981 1612 3007 sanctae
1643 2976 1774 3005 Priscae
1796 2973 1989 3014 Presbytero
2015 2972 2204 3002 Cardinali:
2226 2971 2281 3011 qui
2305 2970 2386 3000 alius

1317 3032 1383 3052 non
1409 3028 1474 3060 est,
1498 3031 1597 3062 quam
1620 3020 1729 3050 Simon
1760 3018 1800 3049 de
1822 3018 1979 3048 Archiaco
2010 3017 2121 3057 gallus
2151 3014 2385 3053 sanctonensis,

1318 3065 1584 3106 Archiepiscopus
1608 3064 1766 3095 Viennae:
1782 3063 1911 3093 Primus
1931 3062 2013 3092 enim
2039 3061 2092 3090 ille
2111 3066 2157 3091 est
2176 3058 2296 3102 (verbis
2313 3066 2387 3089 utor

1317 3110 1435 3140 laudati
1458 3107 1613 3151 Echardi)
1642 3109 1682 3139 ab
1705 3108 1789 3138 obitu
1812 3106 2067 3144 Bellovacensis,
2092 3105 2184 3135 cuius
2207 3113 2321 3134 nomen
2345 3103 2386 3133 ab

1317 3155 1350 3185 S.
1368 3155 1535 3185 inchoetur
1558 3159 1589 3184 et
1612 3153 1697 3184 tituli
1711 3156 1843 3182 sanctae
1865 3151 1996 3180 Priscae
2014 3148 2327 3189 Cardinalisfuerit,
2343 3147 2386 3178 ad

1311 3208 1496 3239 purpuram
1520 3198 1641 3228 scilicet
1664 3201 1789 3227 evectus
1811 3195 1863 3225 die
1885 3204 1925 3224 20
1948 3194 2123 3224 decembris
2150 3202 2236 3223 anno
2260 3192 2340 3222 1320
2364 3201 2384 3221 a

1317 3243 1442 3273 Ioanne
1463 3241 1571 3272 XXII
1590 3246 1668 3272 teste
1689 3239 1860 3271 Bernardo
1886 3238 2042 3269 Guidonis
2063 3242 2236 3278 praesente
2259 3241 2289 3266 et
2311 3245 2385 3266 ocu-

1318 3288 1403 3317 lato:
1424 3291 1455 3317 et
1477 3296 1592 3317 revera
1616 3287 1648 3316 in
1673 3285 1779 3316 codice
1802 3293 1859 3314 ms.
1885 3283 2024 3313 eiusdem
2048 3282 2177 3312 tabulae
2199 3280 2386 3310 monasterii

1318 3332 1420 3361 nostri
1451 3331 1659 3361 Pissiacensis
1692 3330 1831 3369 legitur,
1863 3327 1995 3358 Simoni.
2029 3326 2171 3356 Tabulae
2204 3323 2385 3364 praefigitur

1317 3375 1538 3415 prooemium,
1562 3374 1595 3403 in
1619 3383 1686 3414 quo
1710 3373 1785 3403 haec
1818 3372 1988 3401 habentur:
2025 3383 2039 3398 «
2059 3370 2109 3399 Fr.
2131 3368 2314 3399 Vincentius
2345 3367 2386 3397 de

1320 3431 1334 3446 »
1352 3419 1487 3448 Belvaco
1518 3427 1593 3448 cum
1616 3416 1745 3456 collegis
1777 3415 1841 3446 suis
1867 3415 1995 3446 Ordinis
2025 3413 2280 3443 Praedicatorum
2295 3434 2303 3442 .
2320 3434 2328 3442 .
2347 3434 2355 3442 .
2371 3434 2381 3442 .

1319 3475 1334 3490 »
1354 3468 1419 3493 tres
1442 3462 1592 3492 Summas
1615 3460 1752 3500 egregias
1776 3469 1811 3489 ac
1834 3459 1982 3499 perutiles
2006 3457 2219 3497 compilarunt
2233 3478 2241 3486 .
2258 3479 2266 3486 .
2284 3478 2292 3486 .
2311 3455 2384 3485 Pri-

1319 3519 1334 3533 »
1356 3516 1409 3536 ma
1429 3506 1514 3536 enim
1538 3505 1651 3535 dicitur
1672 3504 1843 3544 Speculum
1867 3502 2039 3538 Naturale,
2056 3501 2089 3531 in
2105 3511 2168 3541 qua
2184 3500 2385 3540 appropriate

1320 3563 1335 3578 »
1354 3557 1524 3581 tractantur
1547 3547 1768 3589 speculabilia,
1798 3556 1853 3587 per
1885 3556 1966 3587 quae
1997 3545 2180 3576 exercitatur
2207 3544 2384 3575 intellectus

1320 3607 1335 3622 2>
1354 3595 1387 3625 in
1412 3593 1592 3634 cognitione
1614 3592 1689 3623 veri.
1723 3591 1870 3622 Secunda
1898 3590 2069 3631 Speculum
2092 3589 2240 3626 Morale,
2264 3588 2298 3618 in
2320 3598 2386 3628 qua

1320 3652 1335 3667 »
1354 3645 1525 3670 tractantur
1543 3637 1686 3675 moralia,
1710 3646 1765 3676 per
1788 3645 1869 3677 quae
1893 3635 2042 3665 excitatur
2067 3633 2194 3664 affectus
2216 3633 2250 3663 in
2273 3642 2385 3673 opera-

2209 3693 2241 3718 26
