2788 4204
23 366 31 374 ¹
46 371 72 387 o:
92 363 218 392 exponitur
225 371 236 390 ‚-

21 398 37 413 τ
51 397 100 413 om.
115 392 159 412 est.

23 679 34 689 ⁸
50 677 177 700 Codd.-P:
194 678 224 698 et.

24 731 68 752 ’σε
83 730 196 752 vehimus.

25 894 34 903 ·
48 899 117 915 cmx:
132 891 238 920 acciptu-

23 925 83 942 mue.

26 1374 36 1383 ‘
50 1372 100 1396 Hic
113 1378 142 1394 ex
156 1372 238 1400 codd„

25 1404 176 1449 ᾳὸὁέἆρη
191 1431 238 1448 an-

25 1484 38 1496 *
50 1482 84 1506 Be
95 1489 146 1506 om.
161 1489 234 1506 on.-

26 1509 178 1559 waff-
196 1515 238 1538 ’²’

22 1849 203 1904 ΜὙΜ.
213 1855 242 1871 “

1056 273 1167 309 CAP.
1197 273 1319 321 XVII,
1350 275 1501 311 LECT.
1531 275 1659 310 XXIX

263 352 377 389 situm
403 359 459 388 est
472 352 502 399 *,
524 350 759 400 impossibile
780 357 835 387 est
855 351 960 399 quod
979 358 1139 400 utraque
1160 352 1205 388 sit
1224 352 1327 389 falsa.

265 405 484 452 Quia-cum
513 405 595 441 talis
624 403 864 453 syllogismus
897 416 976 440 non
1003 405 1122 452 possit
1150 405 1232 442 fieri
1259 406 1327 442 nisi

264 459 303 495 in
333 458 459 507 prima
492 458 635 506 figura,
669 465 830 505 utraque
865 457 1045 493 existente
1080 458 1327 505 affirmativa,

264 524 421 549 necesse
455 518 510 548 est
538 510 644 560 quod
671 510 797 547 minor
823 510 1032 559 propositio
1071 519 1224 548 maneat
1255 513 1331 548 hoc

265 564 397 611 modo,
427 564 523 601 sicut
542 570 621 600 erat
647 563 686 599 in
705 575 799 599 vero
821 563 1053 612 syllogismo.
1083 564 1195 601 Unde
1217 577 1330 614 opor-

264 618 356 655 tebit
383 618 567 654 maiorem
594 615 898 665 propositionem
928 629 1011 653 esse
1039 625 1235 664 mutatam,
1262 619 1330 655 sci-

264 672 350 708 licet
369 670 417 707 de
436 669 611 717 negativa
630 670 668 706 in
684 669 969 717 affirmativam3
990 671 1092 708 unde
1108 672 1127 692 *⁵⁴
1143 672 1332 720 oportebit

265 723 371 773 quod
390 723 437 759 sit
451 723 553 759 falsa.
584 724 681 759 Puta
700 722 730 759 si
749 723 913 760 velimus
929 724 949 744 *
970 725 1198 762 concludere
1227 726 1330 774 quod

269 775 399 814 Omnis
426 777 538 813 homo
570 777 618 813 sit
648 777 854 825 quantitas,
876 777 982 825 quod
1016 785 1072 814 est
1101 779 1330 816 contrarium

263 829 365 878 huic,
394 829 534 867 Nullus
561 831 674 866 homo
698 836 752 867 est
778 831 976 879 quantitas,
1002 831 1108 868 cuius
1130 833 1331 880 proprium

264 883 429 921 medium
450 890 506 920 est
522 884 748 929 substantia‚·
768 884 998 932 accipiemus
1012 885 1032 905 ³*
1051 885 1162 922 istam
1183 886 1329 932 falsam,

270 937 399 974 Omnis
426 937 631 974 substantia
660 942 714 973 est
735 938 941 986 quantitas,
977 946 1013 975 et
1044 939 1143 975 hanc
1174 951 1331 986 veram,

270 990 399 1028 Omnis
426 991 538 1027 homo
566 996 619 1026 est
645 991 860 1027 substantia.

319 1056 355 1093 7.
386 1043 536 1081 Deinde
557 1056 645 1080 cum
667 1043 771 1080 dicit:
802 1044 979 1080 Similiter
998 1050 1123 1080 autem
1143 1049 1178 1080 et
1194 1044 1229 1080 si
1246 1051 1330 1091 etc.,

266 1097 431 1134 ostendit
476 1096 675 1145 quomodo
710 1097 754 1134 fit
796 1097 1037 1145 syllogismus
1073 1096 1306 1144 ignorantiae
1322 1126 1331 1143 ,

266 1149 421 1200 quando
451 1149 631 1198 accipitur
659 1150 831 1187 medium
866 1162 944 1187 non
971 1150 1192 1198 proprium,
1228 1150 1333 1198 quod

265 1203 312 1240 sit
340 1202 513 1240 eiusdem
543 1202 685 1239 ordinis
704 1209 734 1250 π,
761 1203 829 1240 sed
857 1215 903 1239 ex
931 1203 1003 1239 alia
1033 1202 1331 1239 coordinatione.

265 1257 363 1293 Puta
383 1256 414 1293 si
434 1256 618 1293 dicerem:
644 1257 764 1293 Omne
782 1268 901 1306 agens
919 1261 974 1292 est
990 1255 1194 1304 quantitas;
1213 1256 1334 1292 omnis

265 1310 378 1346 homo
407 1315 462 1346 est
479 1321 618 1359 agens5
645 1321 740 1359 ergo
760 1309 882 1346 omnis
900 1310 1012 1346 homo
1033 1314 1087 1345 est
1104 1309 1290 1356 quantitas
1304 1315 1331 1345 Ρ.

267 1363 441 1418 onttet.
463 1362 566 1399 enim
595 1362 656 1399 hic
675 1363 695 1383 *
722 1362 907 1398 minorem
938 1373 1117 1409 manere,
1148 1362 1332 1399 maiorem

259 1418 360 1455 ‘vero
375 1416 396 1437 *
413 1415 552 1452 mutari
581 1415 629 1452 de
657 1414 833 1463 negativa
851 1415 890 1452 in
910 1414 1191 1452 affirmativam.
1221 1415 1333 1452 Unde

267 1476 304 1506 et
324 1469 344 1490 *
371 1469 468 1505 haec
496 1468 669 1517 deceptio
703 1468 834 1505 similis
864 1476 920 1505 est
950 1468 1066 1517 priori
1096 1468 1331 1517 deceptioni,

265 1521 362 1559 sicut
389 1521 585 1558 dicebatur
612 1521 651 1558 in
679 1522 898 1570 syllogismo
927 1521 1128 1571 privativo.

321 1575 356 1612 8.
386 1574 536 1612 Deinde
566 1587 655 1611 cum
685 1575 790 1611 dicit:
829 1577 926 1612 Cum
953 1587 1044 1612 vero
1071 1575 1119 1611 sit
1145 1587 1219 1611 non
1249 1582 1332 1621 etc„

266 1627 431 1666 ostendit
458 1628 657 1677 quomodo
678 1628 745 1666 fiat
763 1628 1004 1677 syllogismus
1030 1627 1263 1676 deceptionis
1283 1629 1335 1664 af-

265 1681 480 1719 firmativus
507 1694 578 1730 per
595 1681 770 1721 medium
799 1689 1038 1727 extraneum3
1068 1689 1105 1718 et
1124 1681 1212 1718 dicit
1230 1682 1336 1730 quod

267 1734 299 1772 si
327 1734 532 1783 accipiatur
559 1736 632 1772 tale
661 1736 825 1773 medium
853 1741 1089 1780 extraneum,
1119 1734 1225 1783 quod
1245 1747 1333 1771 eon-

266 1787 430 1829 tineatur
457 1789 528 1825 sub
557 1788 692 1825 maiori
721 1788 966 1834 extremitate,
995 1795 1086 1824 tunc
1106 1788 1230 1824 maior
1247 1793 1334 1836 pro‘-

266 1841 405 1890 positio
420 1842 440 1863 *
455 1841 524 1878 erit
541 1854 646 1889 vera,
676 1850 712 1878 et
731 1842 857 1879 minor
875 1842 978 1878 falsa.
1007 1841 1138 1877 Potest
1159 1840 1261 1877 enim
1281 1842 1333 1888 A,

268 1906 367 1944 quae
396 1901 452 1931 est
479 1892 604 1932 maior
631 1895 866 1941 extremitas,
902 1894 949 1931 de
978 1893 1150 1942 pluribus
1182 1894 1334 1933 univer-

268 1947 394 1986 saliter
406 1948 630 1996 praedicari,
647 1961 744 1997 quae
760 1960 839 1985 non
854 1955 942 1984 sunt
960 1947 1031 1984 sub
1047 1947 1229 1993 invicem3
1245 1955 1337 1996 puta

266 2000 414 2039 habitus
443 2001 489 2038 de
517 2002 772 2051 grammatica
793 2009 830 2038 et
847 2001 993 2038 virtute.
1030 2001 1137 2037 Haec
1157 2000 1259 2038 enim
1280 2008 1337 2037 est

267 2053 447 2102 mediata,
475 2054 596 2092 Nulla
614 2055 948 2105 grammatica9est
965 2054 1094 2091 virtus.
1125 2054 1337 2090 Possumus

268 2119 359 2156 ergo
380 2107 608 2145 concludere
629 2108 860 2145 contrarium
881 2107 1006 2155 huius,
1027 2106 1182 2144 scilicet:
1208 2107 1337 2144 Omnis

322 2300 353 2336 π)
374 2301 453 2332 Quod
470 2300 507 2326 sit
523 2301 640 2326 eiusdem
660 2301 772 2326 ordinis.
782 2301 858 2325 —Est
876 2301 951 2326 lectio
965 2308 1053 2334 quam,
1068 2308 1122 2325 exc.
1134 2301 1165 2330 R,
1185 2300 1280 2325 habent
1294 2308 1337 2325 co-

270 2337 418 2362 dices.-P:
437 2336 508 2369 quod
527 2343 579 2361 non
598 2337 634 2361 sit
651 2336 768 2362 eiusdem
788 2336 891 2361 ordinis
898 2344 907 2365 ,·
925 2337 963 2361 D:
982 2337 1029 2361 sed
1046 2336 1082 2361 sit
1100 2336 1215 2361 eiusdem
1235 2341 1283 2361 etc.

324 2370 348 2408 ρ)
370 2372 445 2405 Ergo
464 2371 550 2396 omnis
569 2373 728 2396 eta—Hanc
747 2372 949 2402 conclusionem,
965 2372 1207 2403 subintelligendam
1221 2372 1337 2404 quidem,

270 2408 318 2433 sed
336 2407 452 2440 explicite
474 2415 527 2432 non
551 2408 698 2432 necessario
721 2408 886 2439 requisitam,
905 2407 983 2432 habet
1001 2415 1061 2432 cum
1078 2407 1098 2431 P
1117 2415 1185 2431 unus
1204 2407 1240 2438 E3
1260 2407 1337 2431 ceteri

270 2443 346 2468 codd.
359 2443 489 2467 omittunt.
498 2457 517 2462 -
527 2443 591 2468 Cod.
604 2443 626 2467 Α
646 2443 672 2467 ἱη
690 2443 806 2475 margine
824 2442 936 2467 inferiori
955 2443 1027 2474 ponit
1045 2443 1101 2466 sine
1113 2443 1168 2467 ullo
1183 2443 1257 2474 signo
1271 2442 1337 2467 hanc

269 2483 374 2509 notam,
400 2486 467 2511 quae
485 2478 595 2503 refertur
619 2479 652 2503 ad
670 2486 701 2503 ea
719 2486 786 2511 quae
804 2478 831 2502 in
849 2486 959 2503 numero
977 2486 1034 2510 seq.
1055 2478 1173 2502 dicuntur
1193 2478 1225 2502 de
1250 2478 1337 2502 medio

270 2519 403 2544 exn-aneo,
422 2514 494 2546 quod
513 2514 656 2538 continetur
674 2514 723 2538 sub
743 2513 833 2538 maiori
852 2513 1024 2538 extremitate:
1045 2513 1121 2538 Istud
1139 2516 1179 2538 est
1192 2514 1260 2538 male
1271 2513 1338 2538 scri-

265 2552 345 2582 ptum
360 2549 425 2574 vitio
438 2549 594 2581 scriptori&
612 2552 639 2574 et
657 2549 716 2574 ideo
730 2556 819 2581 ponas
837 2549 989 2580 exemplum
1003 2549 1029 2573 in
1044 2549 1085 2574 his
1099 2549 1238 2574 ter-minis.-
1254 2549 1339 2574 Omne

269 2591 367 2617 corpus
385 2587 426 2609 est
442 2584 593 2610 substantia
599 2592 609 2615 ,·
627 2585 713 2610 omnis
737 2585 812 2610 color
829 2587 869 2609 est
886 2592 999 2616 corpus,·
1018 2591 1083 2618 ergo
1102 2584 1188 2609 omnis
1205 2584 1280 2610 color
1298 2587 1338 2609 est

269 2619 428 2646 substantia.

324 2654 351 2690 σ)
373 2655 452 2686 Quod
470 2663 522 2681 non
548 2655 584 2680 sit
601 2656 649 2680 sub
667 2656 707 2686 A,
727 2655 822 2681 maior.
838 2670 856 2674 —
870 2655 919 2680 Est
943 2655 1019 2680 lectio
1039 2655 1157 2680 omnium
1179 2655 1254 2680 codd.
1269 2669 1288 2674 -
1302 2655 1338 2679 P:

2374 277 2447 324 257

1382 354 1637 403 grammatica
1657 359 1711 390 est
1726 354 1856 400 virtus,
1885 366 1954 402 per
1973 353 2128 402 aliquod
2147 355 2322 400 medium,
2345 355 2450 403 quod

1384 408 1620 444 contineatur
1648 408 1718 444 sub
1747 408 1895 451 virtute;
1923 414 1960 443 et
1987 414 2076 443 tunc
2105 408 2228 444 maior
2257 407 2325 444 erit
2343 421 2446 455 vera,

1384 468 1420 496 et
1447 461 1573 497 minor
1601 461 1703 497 falsa.
1738 461 1835 497 Puta
1868 460 1897 496 si
1927 460 2116 497 dicamus:
2157 461 2285 497 Omnis
2313 467 2448 509 tempe-

1383 514 1507 551 rantia
1536 519 1589 550 est
1615 515 1754 558 virtus;
1789 514 1910 550 omnis
1943 514 2196 563 grammatica
2230 520 2284 550 est
2313 519 2447 562 tempe-

1383 568 1526 612 rantia;
1545 579 1639 617 ergo
1659 567 1780 603 omnis
1798 567 2052 616 grammatica
2072 573 2126 603 est
2143 567 2270 603 virtus.
2294 567 2332 603 Si
2352 580 2447 603 vero

1385 620 1588 669 accipiatur
1607 620 1763 669 aliquod
1782 620 1962 665 medium,
1984 620 2089 668 quod
2117 632 2195 656 non
2215 620 2261 656 sit
2280 620 2350 656 sub
2370 622 2405 656 A
2421 627 2446 667 Ε,

1384 674 1508 710 maior
1542 686 1695 722 semper
1723 673 1791 710 erit
1819 673 1927 719 falsa,
1958 673 2045 721 quia
2074 673 2254 722 accipitur
2282 673 2447 710 affirma-

1384 727 1472 763 tiva.
1495 726 1572 763 Sed
1592 727 1776 763 minorem
1800 726 1979 773 contingit
2000 739 2082 762 esse
2096 732 2112 746 ‘
2132 739 2219 762 cum
2239 727 2311 763 hac
2330 739 2448 775 quan-

1386 780 1513 828 doque
1530 779 1686 828 quidem
1707 780 1852 825 falsam,
1870 787 1906 815 et
1924 787 2014 815 tunc
2034 780 2170 815 ambae
2191 787 2301 816 erunt
2319 780 2446 826 falsae,

1385 841 1476 882 puta
1504 833 1534 869 si
1563 832 1751 869 dicamus:
1786 832 1915 869 Omnis
1939 832 2069 868 albedo
2098 838 2152 869 est
2167 833 2305 877 virtus,·
2328 833 2449 870 omnis

1384 886 1639 936 grammatica
1659 891 1712 922 est
1734 885 1883 929 albedo;
1902 897 1995 934 ergo
2021 893 2110 931 etc.;
2131 887 2363 935 quandoque
2383 898 2448 922 au-

1386 947 1464 976 tem
1492 946 1617 987 potest
1636 950 1718 974 esse
1738 950 1842 974 vera:
1864 937 1953 973 nihil
1975 938 2077 974 enim
2105 939 2302 986 prohibet,
2332 939 2385 975 sic
2409 951 2449 975 se

1386 991 1613 1029 habentibus
1631 990 1813 1037 terminis,
1835 990 1939 1038 quod
1958 992 1992 1026 A
2013 1000 2257 1029 removeatur
2275 993 2323 1028 ab
2343 991 2450 1028 omni

1386 1046 1434 1091 D,
1457 1052 1493 1081 et
1511 1046 1546 1081 D
1567 1044 1613 1080 sit
1639 1044 1678 1080 in
1707 1043 1812 1080 omni
1832 1044 1875 1090 B,
1897 1043 1992 1080 sicut
2012 1051 2067 1080 est
2085 1044 2123 1080 in
2145 1045 2164 1066 '³‘
2191 1045 2248 1081 his
2268 1045 2448 1092 terminis,

1386 1097 1547 1143 animal,
1575 1097 1746 1142 scientia,
1776 1096 1931 1135 musica.
1953 1097 2104 1133 Animal
2135 1097 2249 1144 enim,
2270 1098 2377 1146 quod
2395 1105 2451 1134 est

1387 1150 1512 1187 maior
1525 1150 1752 1195 extremitas,
1770 1157 1991 1186 removetur
2005 1150 2266 1187 universaliter
2280 1151 2327 1187 ab
2345 1151 2450 1188 omni

1387 1203 1559 1248 scientia;
1588 1202 1692 1239 unde
1725 1203 1840 1249 haec,
1875 1215 1971 1251 quae
2006 1203 2167 1239 sumitur
2194 1211 2235 1240 ut
2261 1205 2386 1240 maior
2412 1204 2451 1240 in

1387 1255 1607 1304 syllogismo
1628 1255 1871 1303 ignorantiae,
1898 1256 2027 1292 Omnis
2053 1256 2205 1292 scientia
2225 1263 2277 1293 est
2295 1257 2449 1303 animal,

1388 1317 1444 1345 est
1472 1309 1573 1346 falsa.
1603 1309 1739 1357 Mnor
1758 1321 1864 1354 vero,
1895 1308 2046 1355 scilicet,
2081 1309 2210 1346 Omnis
2229 1310 2371 1346 musica
2400 1315 2454 1346 est

1386 1363 1550 1408 scientia,
1578 1369 1634 1398 est
1651 1374 1762 1414 vera3
1792 1361 1860 1398 sed
1885 1362 2078 1399 conclusio
2108 1362 2200 1398 falsa
2218 1362 2452 1412 {contraria

1388 1416 1585 1463 negativae
1613 1428 1729 1452 verae
1758 1415 1958 1451 mediatae.
1990 1415 2182 1462 Contingit
2209 1415 2323 1452 etiam
2347 1415 2452 1464 quod

2477 1055 2488 1066 ⁴
2507 1054 2533 1075 In
2555 1060 2582 1075 ex
2605 1054 2689 1081 codd.,

2478 1087 2527 1102 exc.
2538 1087 2560 1102 n.

2479 1374 2487 1381 ·
2497 1371 2583 1393 Codd.-
2590 1378 2610 1393 P:
2619 1372 2692 1393 concl.

2472 1398 2523 1425 fiat
2535 1400 2626 1423 contr.;
2639 1405 2654 1419 n
2671 1402 2693 1420 et

2479 1431 2498 1446 s.
2507 1431 2538 1445 m.
2547 1432 2565 1446 s.
2575 1425 2694 1453 estsulsa:

2480 1457 2506 1472 u:
2529 1454 2579 1477 est,
2601 1455 2623 1472 et
2644 1458 2693 1473 om.

1389 1477 1424 1505 et
1442 1471 1477 1505 A
1497 1469 1542 1505 sit
1561 1469 1598 1505 in
1618 1469 1722 1505 nullo
1742 1469 1790 1515 D,
1808 1476 1844 1504 et
1863 1469 1897 1504 D
1918 1468 1956 1504 in
1977 1469 2079 1505 nullo
2096 1470 2138 1514 B,
2159 1475 2201 1504 ut
2222 1469 2364 1505 dictum
2385 1476 2450 1505 est.
2473 1477 2537 1506 sats-

1389 1522 1451 1559 Sic
1470 1522 1580 1570 igitur
1606 1529 1710 1570 patet
1738 1521 1843 1570 quod
1871 1521 2025 1570 quando
2050 1522 2213 1558 medium
2238 1534 2316 1558 non
2337 1522 2453 1558 conti-

1388 1582 1499 1612 netur
1517 1576 1588 1611 sub
1615 1575 1754 1611 maiori
1775 1574 2020 1622 extremitate,
2040 1582 2200 1623 possunt
2220 1587 2303 1611 esse
2330 1582 2453 1611 utrae-

1389 1641 1464 1678 que
1493 1628 1607 1665 falsae
1628 1635 1664 1664 et
1683 1629 1798 1664 altera
1818 1640 1967 1675 earum,
1989 1640 2240 1677 quaecunque
2262 1629 2282 1649 *
2310 1628 2453 1664 contin·
2480 1636 2491 1646 ⁴·

1389 1682 1456 1730 git,
1486 1681 1575 1730 quia
1599 1682 1618 1701 *
1648 1688 1685 1717 et
1712 1681 1836 1718 maior
1864 1688 1901 1717 et
1928 1681 2053 1718 minor
2079 1689 2204 1730 potest
2232 1694 2314 1718 esse
2343 1682 2452 1718 falsa:

1390 1735 1515 1772 maior
1542 1741 1671 1770 autem
1699 1746 1778 1770 non
1797 1741 1922 1782 potest
1950 1747 2033 1771 esse
2051 1747 2155 1781 vera,
2177 1734 2230 1771 sic
2250 1747 2290 1771 se
2310 1735 2452 1771 haben-

1390 1787 1489 1824 tibus
1508 1787 1689 1834 terminis‚
1709 1794 1751 1823 ut
1770 1799 1883 1836 supra
1904 1787 2046 1824 dictum
2067 1795 2133 1824 est.

1443 1840 1586 1878 Ultimo
1616 1848 1744 1877 autem
1779 1840 2006 1889 epilogando
2037 1840 2269 1877 concludit*
2297 1840 2454 1877 manife-

1391 1902 1492 1931 stum
1521 1906 1604 1930 esse
1634 1906 1678 1930 ex
1706 1894 1918 1942 praedictis,
1949 1902 2042 1942 quot
2069 1893 2194 1930 modis
2219 1901 2256 1930 et
2274 1906 2342 1941 per
2361 1905 2455 1942 quas

1390 1947 1671 1996 propositiones
1698 1959 1810 1983 veras
1828 1948 1891 1984 vel
1917 1947 2027 1984 falsas
2055 1954 2215 1996 possunt
2243 1946 2325 1983 fieri
2345 1946 2454 1983 dece-

1390 2000 1540 2049 ptiones
1558 2012 1628 2049 per
1655 2000 1930 2048 syllogismum,
1960 2007 2038 2037 tam
2067 2000 2105 2036 in
2132 1999 2455 2049 propositionibus

1390 2053 1642 2100 immediatis,
1682 2065 1798 2102 quam
1835 2053 1874 2090 in
1910 2053 2235 2102 propositionibus
2268 2052 2454 2100 mediatis,

1392 2119 1490 2156 quae
1520 2106 1842 2143 demonstratione
1869 2107 1888 2128 *
1913 2107 2135 2155 probantur.

1391 2301 1463 2333 quod
1475 2307 1527 2325 non
1541 2300 1577 2325 sit
1589 2300 1636 2325 sul>
1650 2300 1748 2325 maiori
1765 2303 1895 2329 extremo,
1911 2299 1998 2324 maior
2010 2304 2058 2324 etc.
2077 2299 2180 2324 Dictum
2197 2305 2237 2325 est
2253 2308 2331 2332 supra
2349 2300 2421 2332 quod
2433 2301 2457 2325 A

1391 2339 1431 2361 est
1450 2336 1536 2360 maior
1554 2336 1728 2365 extremitas5
1747 2341 1772 2360 et
1790 2336 1847 2360 ideo
1866 2336 1951 2367 posito
1964 2336 1996 2365 A,
2011 2343 2062 2359 non
2081 2343 2188 2360 necesse
2202 2340 2241 2360 est
2255 2336 2350 2360 addere
2365 2343 2424 2360 cum
2437 2336 2457 2360 P

1392 2372 1489 2396 maiori
1507 2374 1629 2396 extremo
1635 2379 1645 2401 ,·
1663 2372 1748 2403 posito
1768 2376 1854 2395 autem
1874 2378 1933 2395 cum
1952 2371 1987 2401 P,
2007 2371 2104 2395 maiori
2122 2374 2257 2401 extremo,
2279 2379 2332 2395 non
2349 2378 2458 2396 necesse

1392 2412 1432 2431 est
1449 2407 1544 2431 addere
1562 2408 1594 2431 A.

1445 2442 1471 2475 τ)
1492 2442 1547 2467 Sed
1560 2442 1688 2467 minorem
1702 2442 1880 2466 etc.-Nullus
1899 2441 1956 2466 cod.
1975 2441 2052 2466 habet
2072 2441 2208 2466 lectionem
2222 2442 2250 2466 Ρ.
2270 2441 2370 2466 Omnes
2389 2442 2458 2466 enim

1391 2477 1446 2502 fere
1458 2478 1561 2509 legunt:
1581 2477 1636 2502 Sed
1655 2477 1783 2502 minorem
1801 2485 1861 2502 cum
1876 2478 1892 2502 h
1906 2477 2039 2510 contingit
2051 2484 2106 2501 esse
2119 2477 2277 2509 quandoque
2291 2477 2395 2509 quidem
2402 2477 2458 2510 fal-

1390 2520 1463 2542 sam,
1483 2516 1510 2537 et
1528 2518 1590 2542 etc.;
1610 2513 1645 2537 C:
1665 2513 1719 2537 Sed
1734 2513 1820 2537 minor·
1838 2516 1878 2537 est
1895 2520 1953 2537 cum
1973 2512 2106 2545 contingit
2121 2519 2176 2537 esse
2194 2512 2352 2544 quandoque
2365 2517 2422 2541 etc.;
2437 2512 2458 2536 D

1391 2556 1445 2573 om.
1460 2548 1597 2577 minorem,
1615 2549 1686 2581 quod
1703 2554 1791 2573 tamen
1805 2553 1865 2580 post
1883 2548 2016 2581 contingit
2034 2548 2111 2572 habet
2125 2548 2183 2573 add.
2196 2548 2222 2572 in
2235 2555 2317 2580 marg.
2325 2555 2332 2577 ;
2346 2547 2384 2577 Q:
2405 2547 2460 2572 Sed

1393 2584 1481 2608 minor
1505 2587 1545 2608 est
1566 2591 1625 2609 cum
1645 2584 1661 2608 h
1680 2584 1813 2616 contingit
1831 2584 1988 2616 quandoque
2007 2588 2068 2613 etc.;
2088 2583 2125 2612 R:
2146 2583 2200 2608 Sed
2219 2583 2307 2608 minor
2328 2582 2460 2616 contingit

1391 2627 1451 2644 cum
1471 2619 1521 2644 hac
1537 2619 1697 2651 quandoque
1711 2624 1768 2649 etc.;
1787 2619 1841 2644 ST:
1857 2619 1888 2644 Si
1901 2617 1950 2652 (Τ,
1964 2619 2019 2648 sed,
2033 2624 2059 2643 et
2072 2619 2113 2643 vel
2130 2619 2178 2644 sed
2193 2619 2251 2643 add.
2265 2626 2347 2651 marg.
2361 2617 2396 2652 S)
2410 2618 2459 2643 mi-

1393 2661 1484 2679 norem
1503 2662 1562 2680 cum
1581 2655 1631 2680 hoc
1650 2655 1786 2688 continget
1804 2662 1861 2680 esse
1879 2654 2037 2687 quandoque
2054 2654 2160 2687 quidem
2179 2659 2227 2679 etc.

418 3676 487 3709 Opp.
507 3676 538 3700 D.
553 3676 667 3700 'l'nounss
686 3675 717 3699 T.
732 3675 750 3699 1.

2262 3672 2316 3697 33*

2513 1641 2676 1656 Annuixmusr
2686 1643 2691 1657 :

2497 1668 2641 1689 uamcunque
2651 1670 2658 1686 .·
2681 1668 2695 1683 c

2491 1692 2540 1709 orte
2589 1688 2671 1709 melius
2690 1696 2695 1709 :

2481 1715 2649 1742 quodcunque,·
2662 1721 2675 1735 Ε
2687 1722 2692 1736 :

2481 1742 2611 1769 quicunque
2620 1749 2629 1767 ,·
2656 1748 2674 1766 Q
2685 1749 2690 1763 z

2480 1774 2603 1805 quamque.

2501 1801 2556 1815 Gsr:
2572 1794 2649 1822 quod,·
2662 1800 2692 1815 u:

2481 1821 2544 1842 idest
2552 1821 2622 1848 quod.
2635 1832 2650 1836 -
2664 1820 2696 1841 Et

2483 1853 2510 1868 ex
2525 1847 2602 1871 codd„
2615 1853 2665 1868 exc.
2677 1853 2693 1868 ι.

2483 1875 2491 1883 '
2516 1880 2544 1895 o:
2570 1874 2676 1901 epilogat
2685 1881 2694 1900 ,·

2482 1906 2489 1921 1
2501 1906 2550 1922 om.
2565 1900 2653 1928 epilog.

2483 2041 2495 2052 ⁴
2505 2047 2531 2062 o:
2546 2047 2591 2068 per
2600 2040 2694 2062 demon-

2483 2068 2636 2092 strationem·
2650 2070 2694 2088 cet.

2484 2094 2552 2115 codd.
2560 2097 2616 2118 (exc.
2623 2096 2651 2120 n):
2658 2093 2696 2114 de-

2483 2120 2644 2142 monstrative.
