2788 4204
55 335 64 342 “
81 330 155 354 Codd.
162 336 208 351 —1³:
224 335 268 351 au-

54 360 134 387 getur.

62 550 70 557 “
87 553 114 569 o:
125 553 206 575 augm.
216 552 273 567 vero

61 580 94 595 ιη.

58 601 70 612 ’
85 607 125 622 Pu:
149 599 273 621 circulari-

61 626 214 648 ten-Autem
225 631 274 647 om.

60 653 139 680 codd„
154 658 203 674 exc.
215 658 251 673 on.

60 681 70 689 ·
85 679 131 701 Est
148 685 176 700 ex
195 678 273 704 codd.,

60 712 111 728 exc.
125 711 180 727 nor.

58 734 70 744 ‘
86 732 155 759 uzfit
168 732 201 753 in.

62 866 70 874 ”
85 865 111 886 In
126 870 154 886 ex
169 863 237 885 codd.

156 922 174 938 π

63 1028 71 1035 ·
85 1025 180 1047 Scilicet
192 1030 240 1046 om.
250 1029 273 1044 a.

297 242 371 281 232

295 321 499 368 terminus,
533 328 570 357 et
597 325 845 370 augmentum
868 320 888 340 *
915 326 956 354 ut
984 316 1107 354 maior
1136 314 1361 352 extremitas.

297 375 391 413 Non
405 374 508 411 enirn
523 374 610 411 ideo
627 373 814 410 circularis
830 379 886 408 est
900 372 1001 417 luna,
1018 369 1106 417 quia
1124 368 1177 404 sic
1193 374 1362 415 augetur,

298 428 366 466 sed
386 428 475 477 quia
494 427 681 464 circularis
702 434 768 473 est,
789 425 876 462 ideo
896 423 981 460 talia
996 428 1201 469 augmenta
1220 419 1362 468 recipit.

300 482 356 519 Sit
380 493 470 529 ergo
494 480 584 517 luna
611 480 647 516 in
673 491 746 527 quo
776 479 822 523 C,
847 476 944 513 idest
967 475 1094 512 minor
1123 473 1360 519 extremitas3

300 539 546 584 augmentum
557 535 576 553 ⁴*
592 533 628 569 in
643 543 716 580 quo
733 533 778 578 B,
793 530 890 567 idest
905 528 1055 565 medius
1075 527 1277 573 terminus3
1294 527 1364 563 cir-

301 587 440 625 cularis
459 594 585 623 autem
605 586 625 606 ’⁸
644 585 681 621 in
702 596 775 632 quo
793 583 847 628 A,
874 582 971 618 idest
993 580 1118 618 maior
1137 580 1364 617 extremitas.

302 642 351 678 Et
369 641 444 677 hoc
462 637 746 685 intelligendum
777 643 832 672 est
851 636 870 654 ⁴*
896 635 935 671 in
958 634 1178 682 syllogismo
1203 634 1303 682 quia.
1333 633 1372 670 E*

302 705 488 730 converso
518 698 645 728 autern
673 690 711 726 in
735 690 756 710 '1‘
783 688 1003 737 syllogismo
1026 693 1184 736 propter
1211 686 1311 735 quid.

355 759 390 794 9.
407 744 556 782 Deinde
572 755 660 780 curn
677 742 780 779 dicit:
797 743 843 778 In
860 742 992 790 quibus
1006 746 1131 777 autem
1147 740 1270 777 media
1282 746 1365 786 etc.,

301 798 464 836 ostendit
492 796 597 846 quod
617 796 663 832 sit
686 794 959 833 demonstratio
980 794 1068 842 quia
1088 806 1158 843 per
1187 793 1366 830 effectum

300 864 379 889 non
408 849 716 896 convertibilem,
747 848 877 886 dicens
910 847 1015 897 quod
1043 847 1081 884 in
1101 849 1120 866 θ’
1150 846 1219 883 illis
1252 846 1366 883 etiam

301 903 525 953 syllogismis
558 903 594 939 in
629 903 762 951 quihus
794 902 918 939 media
952 913 1026 938 non
1062 906 1331 937 convertuntur
1349 904 1368 921 π

302 970 390 994 cum
419 955 606 1002 extremis,
630 963 666 992 et
694 955 875 1004 accipitur
901 962 944 991 ut
971 954 1097 991 notius
1127 953 1256 1002 quoad
1283 965 1367 1000 nos,

301 1010 439 1047 scilicet
453 1010 473 1030 *
484 1010 577 1054 ‚loco
598 1008 728 1056 medii,
744 1008 846 1057 quod
863 1020 937 1045 non
958 1013 1013 1045 est
1025 1019 1152 1053 causa,
1165 1006 1233 1044 sed
1248 1006 1368 1054 magis

301 1063 470 1109 effeetus,
500 1062 778 1099 demonstratur
805 1062 953 1110 quidem
982 1061 1083 1109 quia,
1102 1061 1169 1097 sed
1187 1071 1262 1097 non
1276 1071 1368 1108 pro-

59 1126 180 1174 LQuidem
195 1126 274 1147 sium·
295 1122 381 1165 pter
399 1116 498 1164 quid.
520 1116 570 1152 Et
589 1115 746 1164 quidem
766 1114 796 1151 si
812 1115 832 1136 *
852 1115 925 1151 tale
944 1114 1109 1151 medium
1126 1120 1370 1151 convertatur

158 1191 171 1216 Ρ

302 1182 390 1206 cum
425 1169 566 1206 maiori
592 1168 843 1215 extremitate,
879 1175 916 1205 et
951 1167 1109 1204 excedat
1136 1167 1321 1204 minorem
1341 1172 1367 1213 P,

352 1345 381 1377 π)
401 1344 494 1369 Media
512 1351 564 1369 non
579 1343 855 1369 convertuntur.—-Ita
869 1351 928 1368 cum
943 1343 963 1367 P
979 1343 1089 1372 codices,
1104 1350 1157 1367 uno
1171 1343 1180 1367 1
1196 1347 1311 1375 excepto,
1327 1342 1371 1375 qui

300 1381 373 1414 legit:
393 1380 508 1405 medium
529 1387 580 1404 non
596 1379 770 1405 convertitur.
790 1379 863 1409 Quae
883 1379 958 1403 lectio
977 1379 1060 1411 prima
1074 1378 1158 1403 fronte
1176 1385 1238 1402 vera
1256 1383 1371 1411 apparet.

298 1416 366 1441 Nam
385 1423 415 1440 ea
433 1415 528 1448 requiri
547 1415 649 1439 videtur
667 1422 698 1439 ex
712 1415 743 1439 iis
756 1422 824 1447 quae
838 1415 925 1439 statim
939 1414 1080 1439 adduntur:
1095 1417 1122 1438 et
1135 1413 1267 1445 accipitur
1281 1416 1311 1438 ut
1325 1420 1371 1438 no-

300 1451 362 1476 tius.
381 1450 553 1476 Nihilominus
566 1450 653 1475 versio
667 1450 745 1474 textui
764 1448 876 1482 praefixa
888 1454 928 1474 est
941 1450 1009 1474 iuxta
1023 1450 1134 1479 codices,
1149 1449 1202 1473 imo
1216 1454 1301 1473 textus
1315 1449 1372 1481 ipse

299 1494 422 1520 graecus:
441 1483 473 1511 τὰ
494 1485 560 1520 μέσα
579 1483 613 1520 μὴ
629 1480 797 1519 ἀντιστρέφει,
813 1485 901 1510 media
915 1492 967 1510 non
982 1487 1190 1513 convertuntur;
1208 1489 1296 1509 tamen
1310 1484 1371 1509 sub-

300 1523 426 1555 iungitur:
445 1519 488 1545 καὶ
507 1518 562 1546 ἔστι
581 1519 785 1554 γνωριμώτερον,
806 1524 832 1545 et
850 1523 890 1545 est
909 1520 1006 1545 notius.

354 1558 378 1591 ρ)
399 1557 431 1582 Si
449 1557 502 1581 tale
516 1557 632 1581 medium
646 1559 820 1581 convertatur
837 1563 897 1581 cum
912 1555 1011 1581 maiori
1028 1555 1203 1580 extremitate
1217 1558 1243 1580 et
1256 1555 1372 1580 excedat

301 1593 468 1618 minorem.--
477 1592 551 1617 Unus
566 1599 596 1616 ex
610 1591 692 1616 tribus
706 1591 852 1624 syllogismi
867 1591 983 1616 terminis
998 1591 1056 1616 ideo
1071 1590 1186 1615 medium
1201 1590 1301 1622 dicitur,
1311 1591 1372 1623 quia

301 1633 352 1653 stat
366 1629 431 1652 inter
449 1631 582 1657 extrema,
602 1634 670 1660 quae
689 1627 827 1659 separatim
846 1627 871 1651 in
890 1627 980 1651 maiori
998 1626 1174 1659 propositione
1189 1631 1215 1651 et
1233 1626 1259 1651 in
1278 1627 1371 1651 minori

302 1671 362 1689 cum
381 1671 412 1688 eo
432 1668 621 1695 comparantur.
640 1662 710 1695 Ergo
724 1662 840 1687 medium
853 1662 895 1687 vel
910 1667 951 1687 est
965 1662 1131 1687 convertibile
1145 1669 1206 1686 cum
1224 1662 1315 1686 maiori
1329 1669 1371 1686 ex-

301 1699 429 1724 tremitate
449 1698 591 1731 (quatenus
611 1705 705 1730 nempe
724 1698 845 1722 eamdem
862 1697 941 1723 habet
959 1698 1144 1727 extensionem,
1159 1705 1206 1722 seu
1221 1697 1371 1722 universali-

301 1734 404 1767 tatem);
425 1738 450 1758 et
463 1733 527 1759 haec
540 1733 692 1766 hypothesis
712 1733 763 1758 iam
782 1733 944 1758 considerata
958 1738 999 1758 est
1011 1733 1037 1758 in
1051 1732 1154 1757 duobus
1169 1733 1285 1757 numeris
1298 1740 1372 1765 prae-

301 1769 460 1799 cedentibus,
475 1769 501 1793 in
515 1769 611 1802 quibus
626 1769 723 1793 dictum
737 1773 778 1793 est
796 1769 829 1793 de
847 1769 996 1793 reductione
1016 1768 1241 1793 demonstrationis
1257 1768 1321 1801 quia
1340 1768 1372 1793 ad

302 1805 550 1830 demonstrationem
564 1807 679 1837 propter
692 1804 758 1836 quid
761 1811 770 1834 ‚·
789 1804 830 1829 vel
845 1812 898 1828 non
911 1809 952 1829 est
965 1804 1139 1836 convertibile,
1154 1809 1180 1828 et
1193 1803 1243 1828 hoc
1257 1804 1282 1828 in
1297 1811 1372 1829 casu:

306 1848 328 1865 1.
347 1845 391 1865 aut
409 1845 450 1865 est
463 1840 488 1864 in
502 1840 570 1873 plus,
585 1847 632 1865 seu
651 1839 734 1872 magis
753 1839 899 1865 universale
914 1847 993 1872 quam
1013 1840 1095 1864 maior
1109 1839 1268 1870 extremitas;
1290 1836 1314 1864 2¹.
1329 1844 1373 1864 aut

301 1881 342 1900 est
360 1877 385 1900 in
404 1876 490 1900 minus
515 1883 595 1908 quam
618 1876 687 1908 ipsa;
708 1875 732 1900 3.
751 1880 796 1900 aut
814 1880 854 1900 est
872 1875 898 1900 in
916 1875 976 1908 plus
1001 1883 1082 1908 quam
1107 1875 1191 1899 minor
1210 1875 1371 1906 extremitas;

301 1919 327 1943 4.
342 1915 386 1936 aut
404 1915 444 1935 est
462 1911 487 1935 in
506 1911 601 1936 minus.

355 1947 428 1971 Hanc
448 1946 600 1971 divisionem
618 1946 698 1978 tangit
717 1954 739 1971 s.
749 1945 867 1970 Thomas
886 1946 911 1971 in
930 1945 980 1971 hoc
999 1953 1109 1971 numero
1128 1951 1154 1970 et
1172 1946 1241 1970 iuxta
1259 1953 1318 1970 eam
1331 1953 1371 1970 ra-

302 1982 438 2007 tiocinatur
456 1982 527 2007 aiens
541 1982 621 2015 quod,
635 1982 661 2006 in
676 1982 896 2006 demonstratione
915 1982 983 2015 quia,
998 1982 1023 2006 in
1038 1989 1090 2015 qua
1108 1982 1250 2007 assumitur
1263 1981 1371 2006 effectus

885 236 1271 276 POSTERIORUM
1298 234 1729 272 ANALYTICORUM
1757 235 1852 271 LIB.
1884 236 1897 271 1

1418 313 1663 350 manifestum
1684 321 1740 350 est
1758 314 1865 363 quod
1885 314 2120 352 conveniens
2139 315 2182 352 fit
2197 317 2216 335 ⁴*
2236 316 2489 364 syllogismus.

1421 366 1525 403 Sicut
1553 366 1583 403 si
1611 367 1796 415 probetur
1825 367 1873 405 de
1896 380 2034 405 venere
2057 368 2164 417 quod
2183 368 2229 405 sit
2247 381 2382 418 prope,
2403 370 2492 419 quia

1419 432 1499 456 non
1527 420 1710 457 scintillat.
1741 421 1781 457 Si
1811 428 1940 458 autem
1961 434 1981 458 e
2002 434 2191 458 converso
2220 423 2346 459 minor
2363 423 2491 460 termi-

1420 485 1491 510 nus
1521 481 1620 510 esset
1637 473 1676 510 in
1695 475 1780 522 plus
1798 475 1817 496 *
1845 487 1962 523 quam
1982 475 2147 512 medium
2172 483 2413 524 assumptum
2429 476 2490 522 **;

1420 538 1500 563 non
1515 528 1534 547 ⁴⁸
1556 534 1655 564 esset
1670 527 1905 565 conveniens
1925 528 2179 577 syllogismus.
2197 530 2289 566 Non
2305 529 2407 566 enim
2422 542 2491 578 po-

1420 586 1491 616 test
1506 581 1553 617 de
1573 581 1679 617 stella
1697 581 1961 618 universaliter
1981 582 2156 619 concludi
2176 583 2282 631 quod
2297 583 2343 620 sit
2356 595 2490 632 prope,

1420 641 1577 682 propter
1597 634 1618 655 *
1644 635 1720 671 hoc
1748 634 1854 683 quod
1891 647 1970 672 non
2003 635 2186 672 scintillat.
2222 637 2264 673 In
2294 649 2492 685 compara-

1421 686 1524 723 tione
1553 694 1683 724 autem
1712 687 1761 724 ad
1789 689 1974 725 maiorem
2002 689 2210 726 terminum
2234 698 2291 727 est
2311 690 2332 711 *
2359 702 2380 726 e
2401 702 2491 727 con-

1421 752 1548 776 verso.
1569 741 1674 777 Nam
1694 740 1724 777 si
1744 741 1908 778 medium
1929 741 1975 778 sit
1993 741 2031 778 in
2051 742 2178 779 minus
2192 743 2212 764 '¹‘
2231 755 2348 792 quarn
2368 743 2493 780 maior

1421 792 1608 830 terminus
1642 793 1877 831 conveniens
1896 794 1940 831 fit
1963 795 2214 843 syllogismus.
2246 796 2351 833 Sicut
2374 796 2405 833 si
2423 809 2493 846 per

1422 846 1509 894 hoe,
1530 846 1637 894 quod
1657 854 1713 883 est
1736 847 1886 884 moveri
1905 855 2015 884 motu
2033 849 2289 896 progressivo,
2309 850 2494 898 probetur

1424 899 1471 936 de
1501 899 1627 948 aliquo
1658 899 1764 948 quod
1792 901 1932 938 habeat
1957 901 2127 938 animam
2156 902 2375 939 sensibilem
2392 903 2422 940 *.
2453 903 2494 940 Si

1423 960 1552 989 autem
1582 952 1628 990 sit
1646 953 1685 990 in
1704 954 1801 1002 plus,
1821 966 1901 991 non
1920 954 1964 991 fit
1983 954 2218 992 conveniens
2239 955 2492 1004 syllogismus.

1424 1007 1527 1043 Nam
1557 1007 1605 1043 ab
1635 1006 1786 1054 effectu,
1813 1007 1879 1056 qui
1898 1020 1921 1044 a
1939 1008 2111 1056 pluribus
2141 1009 2264 1046 causis
2281 1009 2494 1058 procedere

1422 1067 1558 1108 potest,
1575 1072 1655 1096 non
1672 1067 1799 1109 potest
1816 1073 1896 1098 una
1914 1061 2062 1098 illarum
2083 1062 2270 1100 concludi.
2292 1062 2398 1100 Sicut
2415 1075 2495 1100 non

1422 1121 1549 1162 potest
1576 1113 1765 1161 concludi,
1795 1114 1900 1162 quod
1929 1114 2062 1164 aliquis
2090 1116 2230 1153 habeat
2258 1116 2422 1163 febrem,
2449 1128 2495 1153 ex

1424 1167 1647 1204 excitatione
1674 1167 1807 1216 pulsus
1822 1173 1848 1204 ⁰.

1423 1348 1452 1367 ut
1466 1343 1589 1374 medium,
1609 1351 1631 1368 1.
1646 1344 1668 1368 si
1684 1344 1801 1369 medium
1815 1349 1855 1369 est
1869 1345 1895 1369 in
1909 1345 1977 1377 plus,
1993 1352 2040 1369 seu
2054 1345 2137 1378 magis
2152 1346 2306 1376 universale,
2318 1353 2399 1379 quam
2413 1347 2498 1372 minor

1423 1379 1578 1409 extremitas,
1593 1379 1763 1412 syllogismus
1778 1385 1818 1404 est
1832 1381 2002 1411 conveniens;
2019 1388 2044 1405 2.
2057 1388 2111 1405 non
2125 1385 2212 1405 autem
2227 1381 2249 1405 si
2265 1381 2353 1406 minor
2366 1383 2495 1408 terminus

1424 1414 1457 1438 sit
1475 1414 1501 1438 in
1520 1414 1579 1447 plus
1598 1422 1679 1447 quam
1697 1415 1828 1446 medium;
1849 1415 1872 1440 3.
1892 1423 1922 1440 ex
1941 1417 2062 1448 opposito
2080 1415 2108 1441 fit
2122 1416 2278 1441 conveniens
2292 1417 2461 1451 syllogismus
2474 1417 2497 1443 si

1424 1450 1540 1474 medium
1558 1450 1592 1474 sit
1610 1450 1636 1474 in
1660 1451 1746 1475 minus
1765 1458 1845 1483 quam
1869 1451 1951 1476 maior
1975 1452 2135 1483 extremitas;
2154 1459 2180 1483 4.
2199 1460 2252 1476 non
2272 1457 2359 1477 autem
2378 1453 2401 1478 si
2419 1454 2453 1478 sit
2471 1454 2498 1478 in

1424 1485 1677 1517 plus.-Notandum
1696 1486 1768 1518 quod
1787 1494 1848 1511 cum
1867 1486 1958 1511 dicitur
1977 1495 2030 1511 non
2048 1486 2102 1512 fieri
2122 1487 2306 1520 syllogismum
2321 1489 2427 1521 quando
2441 1497 2497 1514 me-

1424 1520 1496 1545 dium
1510 1525 1550 1545 est
1566 1521 1591 1544 in
1605 1521 1664 1556 plus
1679 1528 1759 1554 quam
1773 1522 1902 1546 terminus
1917 1522 2012 1552 maior,
2027 1523 2222 1556 intelligendum
2237 1528 2278 1548 est
2292 1524 2324 1549 de
2343 1524 2498 1557 syllogismo

1424 1554 1586 1587 affirmativo,
1600 1564 1653 1580 non
1671 1561 1759 1581 autem
1776 1556 1809 1581 de
1822 1557 1982 1590 syllogismis
1997 1558 2132 1591 negativis.
2151 1558 2179 1583 In
2198 1559 2254 1583 istis
2273 1559 2342 1584 enim
2361 1559 2441 1585 illatio
2455 1567 2496 1585 se-

1424 1591 1511 1623 quitur
1530 1592 1555 1616 in
1574 1592 1689 1617 secunda
1700 1590 1797 1624 figura;
1816 1597 1845 1617 ut
1864 1592 1886 1617 si
1905 1593 2003 1618 dicam:
2022 1594 2109 1618 Omne
2128 1593 2223 1618 animal
2242 1593 2320 1619 habet
2332 1595 2497 1627 operationes

1423 1627 1528 1657 vitales;
1549 1627 1595 1651 sed
1611 1627 1675 1659 lapis
1694 1635 1746 1652 non
1765 1626 1843 1652 habet
1860 1628 2024 1660 operationes
2038 1629 2143 1660 vitales3
2163 1636 2226 1662 ergo
2239 1629 2304 1661 lapis
2322 1637 2375 1654 non
2389 1635 2430 1655 est
2443 1631 2497 1655 ani-

1424 1662 1636 1687 ma1.—-Medium
1655 1667 1696 1688 est
1713 1663 1811 1688 habere
1829 1663 1998 1695 operationes
2016 1663 2118 1693 vitales,
2141 1665 2212 1697 quod
2231 1665 2337 1697 quidem
2356 1670 2396 1690 est
2414 1666 2498 1699 magis

1424 1698 1584 1728 universale,
1604 1706 1684 1731 quam
1698 1699 1781 1723 maior
1795 1699 1950 1730 extremitas,
1961 1706 2056 1731 nempe
2069 1699 2172 1725 animal
2177 1708 2186 1725 .·
2204 1700 2325 1725 convenit
2339 1701 2408 1725 enim
2420 1701 2499 1726 etiam

1424 1733 1589 1766 plantis.—-Si
1608 1741 1685 1765 vero,
1705 1734 1788 1767 inquit
1807 1734 1959 1764 Caietanus‚
1979 1734 2095 1759 medium
2114 1735 2173 1760 ideo
2191 1743 2244 1760 non
2263 1740 2304 1760 est
2322 1736 2497 1768 convertibile,

1425 1769 1486 1801 quia
1505 1773 1544 1794 est
1562 1769 1588 1793 in
1607 1770 1694 1794 minus
1713 1777 1793 1802 quam
1811 1770 1896 1794 minor
1914 1770 2055 1800 terminus,
2075 1777 2123 1795 nec
2141 1769 2294 1796 affirmativa
2311 1779 2360 1796 nec
2377 1771 2498 1804 negativa

1425 1804 1611 1829 demonstratio
1626 1803 1667 1835 fit,
1686 1810 1715 1830 ut
1733 1805 1766 1830 de
1784 1812 1814 1830 se
1832 1810 1902 1838 patet
1920 1805 1963 1838 (In
1976 1805 1986 1830 1
2000 1806 2111 1836 Foster„
2126 1813 2182 1839 cap.
2195 1814 2250 1837 xm,
2267 1806 2284 1840 ξ
2301 1806 2380 1832 Circa
2391 1806 2498 1833 tertiam

1424 1839 1617 1865 conclusionem
1637 1844 1694 1870 etc..
1713 1839 1757 1865 fol.
1773 1839 1814 1870 58,
1829 1841 1878 1866 eol.
1897 1838 1931 1873 i).

1479 1875 1505 1908 σ)
1527 1875 1606 1906 Quod
1622 1875 1718 1908 aliquis
1743 1876 1840 1901 habeat
1856 1876 1963 1910 febrem
1983 1881 2032 1901 etc.
2044 1889 2065 1896 —-
2079 1877 2114 1901 B:
2127 1877 2232 1911 febres
2250 1877 2326 1903 codd.
2345 1878 2416 1910 (exc.
2429 1877 2499 1911 tte)

1424 1911 1547 1935 omittunt
1559 1911 1778 1944 praepositionem
1791 1918 1829 1937 ex
1835 1918 1845 1941 ;
1860 1912 1883 1936 Α
1898 1909 2005 1947 (marg.:
2024 1919 2062 1937 ex
2075 1912 2214 1938 occasione
2227 1911 2288 1947 vet),
2299 1913 2427 1939 citatione
2435 1913 2499 1946 pu!-

1424 1953 1483 1977 sus;
1502 1946 1539 1971 0:
1558 1946 1630 1979 quod
1647 1946 1744 1979 aliquis
1763 1947 1860 1972 habeat
1870 1948 1989 1981 febrem,
2011 1944 2103 1981 (marg.
2118 1948 2188 1973 addit
2206 1956 2306 1974 amam:
2325 1949 2390 1982 quia
2408 1944 2498 1983 habet)

1426 1982 1575 2007 excitatum
1591 1983 1709 2014 pulsum.

2518 330 2527 340 “
2542 335 2633 355 aneon:
2648 331 2688 352 sit.

2520 485 2528 494 ·
2544 484 2645 510 Scilicet.
2660 485 2735 513 magis

2520 511 2663 533 universalia.

2518 538 2540 549 ’¹
2548 537 2696 566 Auumptum
2707 545 2735 560 ex

2519 564 2598 590 codd..
2609 571 2658 586 exc.
2669 571 2694 586 u.

2520 592 2528 600 ·
2543 597 2570 612 o:
2585 593 2639 613 tunc
2652 597 2708 612 non.

2521 644 2529 653 ”
2541 643 2617 666 Codd.
2631 645 2688 670 (exc.
2698 645 2718 670 o}
2730 652 2735 665 ι

2517 676 2737 719 firmianum·

2520 723 2623 759 quitatem
2631 723 2672 751 fit.

2519 750 2735 807 ..affigam

2520 809 2594 825 nee.-—
2605 802 2640 826 Cf.
2652 803 2719 825 infra.

2523 914 2530 922 ·
2546 918 2560 934 s
2569 919 2574 933 :
2589 912 2737 934 seminum.
