2548 4192
202 272 307 297 XXXVI

204 354 318 381 nova
351 339 478 381 editio
514 345 711 393 suscepta
744 343 817 385 est,
855 350 906 377 eo
941 335 1083 375 animo
1118 337 1164 373 ut
1198 332 1389 385 Operum
1425 334 1547 376 certe,
1580 339 1691 381 quae
1724 340 1750 366 a
1783 339 1815 365 s.
1845 324 2018 364 Thoma
2051 323 2272 378 Aquinate
2297 324 2388 366 elu-

203 403 375 443 cubrata
408 407 505 442 sunt
538 400 684 454 (verba
717 405 815 440 sunt
847 399 915 438 De
949 395 1142 448 Rubeis),
1178 392 1391 439 editionis,
1425 403 1536 444 quae
1571 388 1764 429 omnium
1798 385 2118 427 accuratissima
2151 386 2386 441 aliquando

203 464 344 519 perfici
380 469 523 518 queat,
567 462 781 517 specimen
822 460 969 500 saltem
1005 456 1232 498 exhiberet.
1284 455 1384 507 Quo
1424 453 1464 492 in
1503 463 1678 491 munere
1721 447 2000 502 adimplendo
2039 448 2127 504 egit
2163 462 2242 503 pro
2277 449 2386 490 virili

205 541 290 567 non
313 526 463 573 solum,
489 525 565 565 sed
589 524 711 564 etiam
736 536 811 576 pro
836 521 893 561 rei
918 519 1121 574 dignitate
1145 518 1210 557 vir
1233 515 1506 557 doctissimus
1529 525 1667 566 aeque
1691 525 1740 551 ac
1767 509 2092 551 eruditissimus.
2131 511 2386 553 Dolendum

203 596 343 629 tamen
378 594 441 628 est
473 586 590 641 quod
624 586 714 639 ipse
747 582 862 625 haud-
893 580 1110 636 perfecerit
1143 578 1261 633 quod
1296 578 1510 630 inceperat
1544 574 1672 628 (forte
1710 586 1763 613 ex
1793 572 1954 612 incuria
1987 573 2294 629 Typographi,
2331 574 2386 616 de

203 664 289 705 quo
324 650 365 690 in
398 648 661 689 Praefatione
694 645 748 686 ad
782 657 880 685 suas
914 641 1249 682 Dissertationes
1284 639 1446 679 criticas
1482 643 1523 678 et
1555 634 1851 690 apologeticas
1891 641 2037 689 aperte
2082 637 2381 691 conqueritur,

190 713 307 753 -sorte
342 711 465 751 etiam
498 715 669 767 propter
702 706 931 760 nequitiam
966 710 1227 757 temporum,
1260 714 1371 755 quae
1394 698 1692 754 philosophiae
1726 696 1996 738 thomisticae
2019 698 2298 740 vertebantur
2319 699 2384 740 in-

201 773 358 826 fensa):
396 772 548 812 etenim
572 770 699 811 editio
737 766 1020 808 bettinelliana
1060 770 1172 805 caret
1210 770 1300 804 tum
1338 761 1556 816 opusculis
1586 760 1671 800 sere
1707 759 1910 799 omnibus
1944 759 2267 815 philosophicis,
2293 769 2385 803 turn

201 835 397 876 omnibus
428 833 564 874 aureis
596 846 628 872 s.
653 831 847 871 Thomae
872 826 1198 869 Commentariis
1221 825 1262 865 in
1287 824 1418 865 libros
1442 821 1699 863 Aristotelis.
1726 821 1928 876 Denique
1954 822 2036 863 sub
2066 823 2232 865 initium
2257 824 2384 866 huius

199 896 352 937 saeculi
386 895 577 935 Thomas
601 893 788 939 Soldati,
815 890 986 932 Ordinis
1021 888 1385 933 Praedicatorum,
1412 886 1478 926 vir
1510 885 1551 925 in
1578 884 1709 924 sacris
1743 883 1977 938 disciplinis
2002 886 2178 941 egregie
2213 887 2381 936 doctus,

200 958 431 1005 consilium,
466 957 525 997 uti
558 956 740 1002 videtur,
766 959 933 1008 ceperat
955 965 1113 992 novam
1139 951 1329 1005 Operum
1364 962 1395 989 S.
1419 947 1618 988 Thomae
1642 946 1876 987 editionem
1902 947 2104 1003 exigendi
2128 948 2183 989 ad
2207 949 2382 990 codices

199 1019 516 1073 manuscriptos.
552 1019 597 1058 In
629 1018 740 1058 hunc
764 1017 891 1057 finem
921 1014 1116 1055 codicum
1150 1012 1341 1053 omnium
1376 1011 1448 1065 qui
1484 1010 1524 1050 in
1559 1008 1829 1050 Bibliotheca
1862 1009 2073 1051 Vaticana
2108 1017 2254 1052 extant
2288 1011 2383 1053 dili-

197 1088 368 1137 gentem
394 1081 526 1122 texuit
556 1080 808 1135 catalogum,
834 1091 962 1132 quem
989 1089 1120 1131 penes
1148 1089 1226 1116 nos
1251 1088 1327 1115 ms.
1353 1073 1574 1113 habemus.
1603 1072 1781 1119 Verum,
1807 1077 1853 1112 ut
1879 1072 2186 1123 existimamus,
2207 1088 2233 1115 a
2256 1080 2383 1129 cepto

197 1144 372 1184 consilio
407 1143 628 1184 deterritus
651 1142 708 1182 ob
732 1140 1001 1188 calamitates,
1037 1138 1193 1193 quibus
1227 1150 1293 1178 res
1317 1135 1512 1191 publicae
1537 1134 1578 1175 in
1614 1147 1833 1175 summum
1873 1134 2103 1177 discrimen
2138 1143 2239 1178 tunc
2273 1143 2382 1178 tem-

195 1206 310 1260 poris
343 1205 682 1253 adducebantur,
716 1203 883 1244 nonnisi
909 1201 1142 1257 praefatum
1174 1199 1417 1254 catalogum
1447 1197 1632 1252 perfecit.
1664 1197 1829 1238 Mentio
1863 1197 1932 1238 hic
1962 1205 2077 1240 esset
2104 1198 2300 1241 facienda
2327 1199 2382 1241 de

196 1267 362 1308 duabus
393 1268 483 1308 aliis
522 1266 789 1314 editionibus,
815 1264 994 1320 quarum
1023 1277 1107 1304 una
1128 1262 1285 1317 prodiit
1306 1262 1497 1308 Parmae,
1531 1260 1663 1301 altera
1687 1259 1884 1301 Lutetiae
1922 1261 2187 1303 Parisiorum
2221 1262 2380 1304 nostris

194 1329 308 1370 hisce
342 1330 512 1378 diebus;
544 1329 621 1370 sed
644 1329 744 1383 quia
770 1328 871 1369 satis
895 1326 1102 1382 cognitae,
1127 1325 1280 1365 sufficit
1302 1337 1374 1365 eas
1409 1323 1632 1364 indicasse.
1675 1323 1744 1363 De
1787 1323 1994 1378 operibus
2018 1338 2124 1365 vero
2148 1324 2382 1380 Aquinatis

195 1392 435 1447 singillatim
463 1392 678 1446 impressis
706 1391 805 1431 nihil
830 1390 911 1431 hoc
934 1390 1030 1430 loco
1055 1394 1118 1429 est
1145 1387 1383 1428 dicendum.

285 1455 418 1495 Porro
452 1460 540 1495 tum
574 1454 757 1508 antiquis
790 1459 879 1493 tum
914 1451 1158 1492 novissimis
1194 1449 1467 1491 Editionibus
1501 1447 1680 1490 Pianam
1714 1449 1968 1490 antecellere
1998 1462 2134 1504 penes
2164 1450 2382 1492 neminem

196 1516 372 1558 dubium
406 1517 555 1558 existit.
580 1516 748 1557 Etenim
780 1535 791 1550 ‹
823 1528 920 1555 cum
938 1520 1104 1554 veteres
1128 1519 1217 1553 tum
1235 1511 1494 1553 recentiores
1528 1510 1783 1563 (editiones)
1811 1511 1966 1566 partim
1987 1511 2108 1567 quod
2125 1526 2212 1554 non
2232 1513 2379 1555 omnia

193 1592 224 1619 s.
249 1579 443 1620 Thomae
480 1579 631 1633 scripta
665 1578 902 1625 exhibeant,
933 1576 1083 1631 partim
1118 1575 1237 1630 quod
1271 1574 1536 1629 optimorum
1570 1573 1662 1615 eius
1697 1573 1976 1629 interpretum
2010 1581 2141 1629 atque
2176 1576 2381 1631 explana-

194 1646 333 1682 torum
367 1647 534 1682 careant
567 1639 891 1688 commentariis,
915 1639 1065 1694 partim
1101 1637 1219 1693 quod
1254 1637 1395 1678 minus
1443 1636 1672 1692 diligenter
1710 1636 1946 1678 adornatae
1989 1637 2090 1687 sint,
2126 1651 2215 1679 non
2249 1651 2381 1681 omne

193 1703 337 1744 tulisse
370 1710 571 1758 punctum
611 1702 807 1744 videntur
837 1721 850 1739 »
887 1702 982 1756 (SS.
1014 1703 1067 1742 D.
1098 1701 1149 1742 N.
1188 1700 1373 1741 Litterae
1407 1699 1464 1740 ad
1498 1700 1669 1741 Emum.
1708 1699 1983 1741 Cardinalem
2018 1701 2087 1741 De
2122 1701 2254 1742 Luca.
2275 1724 2294 1732 -
2317 1701 2380 1744 Cf.

193 1778 288 1820 pag.
308 1764 439 1821 XXI).
467 1766 641 1806 Pianam
675 1765 905 1806 editionem
939 1770 1136 1805 curarunt
1167 1763 1359 1818 plerique
1393 1762 1587 1818 theologi
1612 1775 1666 1804 ex
1689 1762 1854 1804 Ordine
1876 1762 2228 1805 Praedicatorum
2252 1763 2383 1819 (quos

194 1827 299 1868 inter
323 1828 544 1883 Remigius
570 1828 710 1868 Nanni
742 1827 1027 1874 Florentinus,
1060 1827 1125 1867 vir
1147 1826 1300 1867 doctus
1332 1826 1373 1866 in
1396 1825 1545 1881 primis
1562 1849 1580 1856 -
1597 1825 1646 1866 cs.
1667 1824 1838 1867 Echard
1861 1825 2067 1880 Scriptor.
2100 1825 2204 1867 Ord.
2220 1826 2381 1868 Praed.

192 1890 246 1930 ad
279 1904 342 1931 an.
375 1889 500 1931 1580.
534 1891 658 1931 Tom.
689 1891 742 1938 II,
774 1904 870 1946 pag.
897 1889 1036 1944 259),
1068 1889 1224 1944 quibus
1259 1894 1484 1944 praeerant
1515 1888 1780 1943 praelaudati
1814 1888 2070 1929 Vincentius
2104 1888 2377 1939 Iustinianus,

192 1951 236 1993 S.
256 1953 306 1994 R.
325 1954 373 1994 E.
399 1952 632 1994 Cardinalis
655 1966 707 1994 ex
730 1953 885 1994 eodem
909 1952 1070 1994 Ordine
1103 1958 1361 2007 assumptus,
1381 1957 1424 1993 et
1445 1951 1642 1992 Thomas
1668 1951 1922 2006 Marriques,
1947 1951 1993 1992 S.
2010 1951 2056 1992 P.
2075 1951 2129 1993 A.
2159 1952 2382 2008 Magister.

193 2015 400 2067 Quamvis
433 2021 574 2056 autem
609 2015 721 2056 docti
761 2016 815 2056 illi
850 2015 927 2056 viri
971 2028 1135 2056 omnem
1177 2014 1447 2069 diligentiam
1491 2013 1775 2055 adhibuerint
1813 2017 1864 2055 ut
1901 2016 2154 2069 expurgata
2193 2014 2384 2070 undique

182 2080 446 2132 prorsusque
476 2077 699 2132 splendida
730 2077 981 2119 redderetur
1009 2077 1159 2126 editio,
1196 2091 1282 2118 non
1317 2083 1384 2119 est
1415 2083 1559 2118 tamen
1595 2076 1928 2118 existimandum
1963 2076 2085 2131 quod
2118 2076 2220 2119 nihil
2254 2077 2296 2119 in
2331 2090 2384 2120 ea

192 2139 390 2181 exciderit
418 2141 677 2181 correctione
711 2140 908 2196 dignum:
944 2154 1074 2195 opera
1108 2140 1220 2182 enim
1254 2140 1480 2181 hominum
1514 2140 1750 2181 humanum
1784 2139 1968 2194 sapiunt.
2001 2140 2182 2195 Insuper
2214 2139 2382 2182 romani

190 2202 387 2243 Editores
410 2202 606 2243 videntur
627 2202 681 2243 ad
715 2203 1016 2258 praecedentes
1050 2203 1192 2258 potius
1226 2203 1438 2244 editiones
1461 2216 1592 2258 quam
1616 2202 1672 2244 ad
1695 2202 1868 2243 codices
1893 2202 2209 2258 manuscriptos
2232 2216 2382 2245 emen-

191 2264 382 2305 dationes
419 2271 460 2305 et
496 2265 778 2307 correctiones
819 2265 1024 2322 exegisse.
1070 2266 1117 2307 Id
1161 2272 1277 2307 certo
1322 2266 1479 2307 sactum
1520 2278 1616 2306 esse
1656 2271 1762 2320 puto
1802 2265 1951 2319 quoad
1989 2265 2299 2307 commentaria
2337 2265 2382 2307 in

190 2327 319 2367 libros
352 2327 445 2367 Peri
471 2327 733 2368 hermeneias
768 2334 808 2368 et
841 2329 1131 2370 Posteriorum
1155 2329 1477 2383 analyticorum,
1503 2341 1615 2382 quae
1642 2328 1684 2369 in
1708 2328 1791 2369 hoc
1820 2327 1960 2383 primo
1984 2328 2130 2369 Tomo
2155 2327 2380 2370 continen-

190 2395 265 2430 tur.
302 2389 496 2441 Quatuor
529 2390 736 2431 editiones
760 2397 935 2432 venetas
969 2405 1069 2446 prae
1110 2391 1308 2432 manibus
1342 2391 1472 2432 habui
1508 2396 1847 2432 memoratorum
1887 2403 2092 2445 operum,
2128 2403 2238 2445 quas
2271 2390 2382 2432 inter

191 2457 254 2492 est
276 2451 344 2492 illa
368 2465 477 2506 quae
510 2452 666 2506 prodiit
693 2467 806 2494 anno
837 2453 950 2495 1526
973 2454 1176 2509 impensis
1195 2455 1340 2495 Lucae
1365 2453 1545 2495 Antonii
1574 2454 1698 2495 Iunta
1726 2452 1951 2502 florentini,
1979 2452 2251 2494 adamussim
2281 2466 2380 2495 cum

189 2514 293 2568 ipsis
320 2514 504 2554 textibus
532 2515 747 2569 recognita
770 2530 795 2556 a
817 2516 861 2557 fr.
876 2516 1046 2557 Thoma
1076 2517 1318 2558 Vicentino.
1347 2517 1394 2558 In
1418 2516 1555 2572 prima
1577 2522 1720 2558 autem
1749 2515 1933 2557 lectione
1960 2515 2139 2557 secundi
2166 2515 2260 2557 libri
2283 2515 2381 2559 Peri

189 2575 451 2616 hermeneias
480 2590 512 2617 s.
529 2577 731 2626 Thomas
757 2584 802 2619 ut
823 2579 992 2627 assolet,
1016 2580 1193 2634 praebet
1221 2579 1480 2621 divisionem
1510 2585 1651 2620 textus
1675 2578 1934 2628 Aristotelis,
1962 2591 2095 2633 quem
2131 2578 2378 2620 successive

190 2637 491 2692 interpretatur,
515 2645 642 2693 atque
671 2639 712 2680 in
746 2641 1017 2694 praelaudata
1045 2648 1200 2683 veneta
1223 2642 1411 2683 editione
1440 2648 1643 2683 notantur
1675 2641 1883 2683 lectiones
1910 2641 1952 2682 in
1976 2641 2137 2695 quibus
2163 2641 2305 2697 agitur
2327 2640 2383 2683 de

191 2700 391 2742 membris
425 2701 615 2742 eiusdem
650 2702 894 2751 divisionis,
939 2704 1039 2758 quia
1073 2704 1431 2760 Supplementum
1466 2704 1660 2746 Caietani
1705 2703 1887 2746 additur.
1923 2703 2067 2745 Etiam
2112 2703 2155 2744 in
2189 2703 2379 2746 editione

190 2762 321 2803 Piana
347 2762 583 2805 indicantur
605 2764 646 2805 in
670 2766 860 2821 margine
887 2766 1090 2808 lectiones
1110 2780 1195 2815 v111,
1214 2780 1260 2817 v;
1284 2767 1361 2809 sed
1384 2768 1538 2808 frustra
1554 2780 1738 2822 quaeres
1756 2765 2005 2808 huiusmodi
2021 2765 2251 2809 lectiones:
2277 2779 2378 2808 nam

190 2838 221 2865 s.
246 2824 437 2867 Thomas
464 2839 551 2866 non
575 2827 740 2881 scripsit
762 2827 839 2868 nisi
866 2829 1098 2870 secundam
1123 2830 1361 2878 lectionem,
1387 2836 1429 2871 et
1447 2829 1650 2871 Editores
1673 2829 1839 2871 romani
1864 2829 2225 2884 Supplementum
2250 2829 2378 2870 Caie-

167 2886 274 2927 'tani
316 2900 401 2927 non
442 2887 659 2929 dederunt.
688 2889 816 2931 Adde
852 2891 970 2945 quod
1007 2893 1298 2947 comparando
1333 2892 1568 2935 editionem
1605 2892 1784 2934 Pianam
1820 2904 1918 2933 cum
1953 2891 2051 2933 edd.
2085 2891 2252 2933 venetis
2279 2904 2377 2934 eam

191 2949 417 2990 convenire
451 2963 547 2991 cum
568 2951 755 3005 praefata
774 2952 838 2994 ed.
871 2954 996 3003 1526,
1025 2955 1163 3011 magis
1187 2969 1316 3010 quam
1351 2969 1449 2996 cum
1483 2955 1576 2997 aliis
1607 2960 1854 2996 constanter
1887 2954 2145 2995 invenimus.
2174 2953 2307 2996 Hisce
2325 2953 2381 2996 de

191 3010 328 3065 causis
359 3011 490 3053 Piana
522 3013 678 3062 Editio,
704 3015 900 3068 quamvis
932 3016 1054 3058 fuerit
1083 3031 1108 3057 a
1142 3018 1268 3059 nobis
1301 3024 1524 3073 assumpta
1557 3023 1604 3059 ut
1636 3023 1766 3072 typus
1801 3016 1927 3059 huius
1967 3016 2182 3058 Editionis
2218 3016 2381 3058 Leoni·

192 3085 291 3120 nae,
332 3073 500 3115 codices
540 3075 812 3118 nihilominus
846 3079 1157 3134 manuscriptos
1190 3080 1487 3129 adhibuimus,
1522 3086 1569 3122 ut
1602 3093 1656 3122 ex
1678 3080 1744 3122 his
1769 3078 1996 3135 diligenter
2027 3078 2224 3134 perlectis
2248 3079 2381 3121 colla-

192 3132 331 3187 tisque
357 3148 453 3176 curn
483 3136 634 3185 Piana,
658 3138 762 3179 haec
786 3140 853 3180 vel
883 3141 1204 3183 confirmaretur
1230 3143 1298 3183 vel
1327 3143 1622 3199 corrigeretur.
1653 3142 1787 3197 Quod
1814 3141 2123 3197 praescriptum
2144 3156 2170 3183 a
2194 3141 2380 3184 Summo

115 3210 127 3219 ·
192 3195 397 3238 Pontifice
420 3198 568 3239 Leone
590 3200 687 3240 XIII
706 3207 769 3241 est
794 3201 835 3242 in
858 3203 1141 3256 praelaudatis
1159 3204 1330 3246 Litteris
1353 3205 1409 3247 ad
1433 3205 1833 3247 Eminentissimum
1853 3204 2127 3246 cardinalem
2149 3205 2219 3246 De
2242 3205 2377 3247 Luca:

199 3275 211 3291 ι
238 3257 364 3299 Certa
394 3272 493 3314 spes
516 3267 595 3308 est,
614 3262 759 3315 inquit,
790 3263 1034 3306 huiusmodi
1061 3267 1300 3308 necessitati
1331 3269 1574 3310 consultum
1608 3268 1656 3309 iri
1680 3281 1756 3323 per
1784 3280 1946 3309 novam
1976 3266 2238 3316 Editionem,
2267 3279 2380 3322 quae

194 3325 211 3354 '2
243 3326 392 3389 cuncta
428 3322 602 3364 omnino
648 3338 679 3364 s.
713 3325 915 3367 Doctoris
949 3328 1103 3382 scripta
1136 3329 1461 3384 complectatur,
1505 3331 1701 3386 optimis,
1748 3329 1895 3385 quoad
1940 3330 2030 3371 fieri
2075 3329 2253 3385 poterit,
2289 3328 2378 3371 sor-

200 3398 213 3416 »
244 3394 322 3450 mis
364 3382 593 3426 litterarum
627 3399 847 3440 expressa,
891 3396 1172 3445 accurateque
1207 3391 1452 3434 emendata:
1489 3393 1539 3434 iis
1584 3393 1712 3435 etiam
1745 3392 1949 3434 adhibitis
1983 3392 2183 3434 codicum
2223 3404 2378 3433 manu-

200 3460 211 3476 »
243 3450 492 3498 scriptorum
529 3447 748 3497 subsidiis,
795 3463 905 3504 quae
949 3458 1087 3493 aetate
1129 3452 1208 3494 hac
1242 3460 1389 3495 nostra
1421 3455 1462 3496 in
1497 3455 1636 3497 lucem
1671 3462 1713 3497 et
1745 3469 1872 3497 usum
1907 3455 2073 3511 prolata
2106 3459 2217 3496 sunt.
2242 3471 2257 3491 »

224 3564 231 3571 .
314 3506 424 3547 Huic
458 3507 623 3550 Summi
657 3511 874 3553 Pontificis
909 3512 1122 3556 desiderio
1156 3522 1203 3556 ut
1234 3515 1390 3558 faceret
1417 3517 1520 3559 satis
1558 3518 1767 3574 Magister
1795 3517 2018 3560 Generalis
2043 3516 2220 3559 Ordinis
2249 3516 2380 3557 Prae-

192 3563 444 3615 dicatorum,
480 3570 544 3610 cui
578 3571 834 3614 demandata
875 3581 940 3616 est
971 3589 997 3616 a
1039 3577 1246 3619 LEONE
1287 3579 1385 3621 XIII
1419 3593 1521 3621 cura
1566 3579 1692 3622 huius
1736 3594 1878 3622 novae
1921 3579 2138 3625 Editionis
2181 3578 2376 3633 operum
