2788 4204
83 479 91 487 ·
105 484 131 499 ιε
152 479 196 499 aut
217 484 294 504 omn.,

81 506 124 525 aut
127 504 294 531 pluribus‚aut.

83 530 175 552 ‘eoch
184 542 194 546 -
205 536 246 552 Po:
258 530 294 552 di—

23 558 49 581 1!
81 556 212 584 sdenam.
229 568 239 573 —
257 557 294 579 Cf.

1 587 7 604 .“
40 598 45 605 ,
62 602 64 607 ,
80 586 137 604 text.

29 613 33 623 ι
41 610 47 617 '
56 610 61 615 ⁴

82 634 140 656 *cr
152 640 174 656 n.
185 641 206 656 2.

83 688 94 698 '
109 687 184 709 Codd.
193 695 198 708 z

223 692 294 715 quam

83 713 123 740 ι’νιῐ
134 720 163 735 A:
178 713 220 735 illa
235 715 279 735 est.

330 234 399 269 162

377 313 412 348 6.
434 312 580 358 Tertio,
596 312 662 348 ibi:
678 311 811 361 Magis
826 311 924 347 enim
941 321 1086 346 necesse
1100 315 1154 345 est
1166 316 1248 355 etc„
1266 321 1381 357 expo-

322 365 376 402 nit
403 365 507 413 quod
536 365 689 412 dixerat,
720 364 847 401 dicens
875 363 980 411 quod
999 363 1088 408 hoe,
1114 362 1219 409 quod
1239 361 1380 398 dictum

323 426 393 465 est,
418 418 523 466 quod
542 418 662 466 magis
681 429 835 454 necesse
860 423 915 452 est
934 415 1087 452 credere
1107 414 1299 463 principiis
1318 422 1382 451 aut

323 471 501 508 omnibus
515 472 535 492 '¹‘
550 479 614 507 aut
632 469 860 519 quibusdam
881 481 997 516 quam
1018 467 1260 514 conclusioni,
1277 468 1380 504 intel—

322 524 514 572 ligendum
535 532 589 560 est
609 524 655 560 de
669 523 742 568 illo,
760 522 825 570 qui
840 522 952 558 debet
967 520 1136 569 accipere
1152 521 1346 558 scientiam
1361 522 1381 542 ’¹‘

321 590 390 626 per
414 577 787 614 demonstrationem.
823 574 863 611 Si
892 574 994 610 enim
1019 573 1168 610 aliunde
1189 574 1380 611 conclusio

324 639 420 667 esset
432 638 531 677 nota,
539 630 633 666 sicut
646 641 715 677 per
729 639 884 665 sensum
896 628 927 673 ⁴⁶,
944 627 1033 663 nihil
1049 626 1268 676 prohiberet
1281 627 1381 676 prin-

324 683 419 732 cipia
438 695 515 719 non
531 695 612 718 esse
632 681 751 729 magis
771 687 859 717 nota
882 680 1124 717 conclusione
1143 679 1182 717 in
1194 681 1213 701 *
1231 680 1295 717 via
1309 680 1379 717 illa.

376 749 411 784 7.
441 735 600 781 Deinde,
631 747 718 771 cum
747 734 848 771 dicit:
869 734 960 771 Non
988 733 1109 771 solum
1133 739 1278 782 oportet
1299 741 1381 780 etc„

294 917 301 943 ,ι’
322 915 383 939 dum
403 913 486 946 quod,
506 912 646 936 formaliter
664 912 810 945 loquendo,
830 912 934 937 scientia
953 917 993 937 est
1017 912 1221 941 conclusionum,
1242 911 1384 935 intellectus

290 945 294 953 ¹
321 955 406 974 autem
426 952 465 973 est
483 947 679 980 principiorum3
697 953 722 972 et
740 947 800 980 quia
818 955 869 972 non
889 948 963 972 datur
982 947 1086 972 scientia
1104 947 1151 971 nisi
1170 947 1293 971 habeatur
1312 946 1386 971 certi-

321 986 396 1015 tudo,
416 991 462 1008 seu
481 982 587 1007 firmitas
606 982 768 1007 adhaesionis
786 983 886 1007 veritati
905 983 941 1007 rei
960 982 1088 1014 cognitae,
1108 987 1133 1007 et
1151 981 1258 1006 firmitas
1273 982 1321 1006 ista
1338 989 1384 1006 vo-

321 1025 393 1045 catur
411 1027 425 1043 a
444 1017 607 1043 Scholasticis
626 1018 731 1043 habitus
750 1016 814 1051 (seu
833 1018 967 1051 dispositio
991 1017 1065 1042 firma
1083 1023 1110 1042 et
1127 1017 1229 1042 difficile
1254 1016 1383 1048 mobilis),

322 1055 425 1080 scientia
450 1054 541 1078 dicitur
563 1053 667 1078 habitus
685 1054 893 1084 conclusionum,
913 1059 938 1078 et
957 1054 1100 1078 intellectus
1120 1053 1224 1078 habitus
1238 1052 1385 1085 principio-

322 1099 389 1115 rum.
414 1088 538 1120 Quamvis
561 1094 659 1119 autem,
679 1094 708 1113 ut
726 1089 821 1113 dictum
841 1094 888 1119 est,
907 1089 1017 1114 scientia
1036 1094 1062 1114 et
1080 1089 1226 1113 intellectus
1240 1088 1385 1113 necessario

321 1126 453 1159 postulent
471 1123 616 1149 firmitatem
635 1124 806 1154 adhaesionis,
821 1130 845 1150 et
864 1124 922 1149 ideo
941 1132 971 1149 ex
990 1125 1039 1149 hoc
1058 1124 1139 1157 capite
1157 1123 1259 1148 differre
1277 1131 1329 1147 non
1348 1123 1385 1147 vi-

322 1162 440 1191 deantur;
459 1165 545 1184 tamen
559 1158 666 1184 firmitas
684 1160 734 1189 illa,
754 1160 819 1184 sicut
832 1160 924 1185 caeteri
937 1160 1037 1184 habitus
1051 1164 1077 1184 et
1091 1159 1271 1192 dispositiones
1286 1166 1386 1190 omnes,

322 1196 499 1222 intensitatem
513 1195 629 1226 admittit,
642 1203 710 1228 quae
727 1196 844 1228 provenit
857 1203 886 1220 ex
905 1195 1011 1220 veritate
1026 1195 1081 1228 ipsa
1095 1200 1215 1219 movente
1228 1194 1386 1219 intellectum

321 1233 353 1257 ad
368 1232 407 1256 sui
422 1230 593 1263 cognitionem
608 1235 634 1255 et
647 1238 792 1261 assensum,
804 1236 829 1255 et
843 1238 909 1263 quae
921 1231 1004 1256 maior
1017 1236 1057 1255 est
1070 1235 1113 1255 aut
1127 1230 1211 1254 minor
1225 1237 1255 1254 ex
1269 1237 1301 1254 eo
1315 1230 1386 1262 quod

321 1267 414 1292 veritas
433 1272 477 1291 aut
490 1274 542 1298 per
557 1273 584 1291 se
599 1266 683 1298 ipsam
698 1271 741 1290 aut
754 1273 806 1298 per
819 1266 900 1291 aliam
914 1267 1048 1291 veritatem
1061 1266 1185 1290 videatur.
1205 1266 1270 1290 Nam
1284 1265 1386 1295 veritas,

322 1310 389 1335 quae
407 1310 454 1335 per
472 1309 501 1326 se
518 1301 619 1326 videtur
633 1306 658 1326 et
672 1306 778 1334 propter
796 1309 874 1334 quam
889 1302 952 1326 aliae
965 1302 1085 1326 veritates
1103 1301 1230 1332 videntur,
1246 1299 1386 1324 firmiorem

322 1337 506 1363 adhaesionem
525 1336 551 1360 in
570 1342 656 1361 rnente
681 1342 798 1368 generat,
822 1337 889 1361 iuxta
908 1337 971 1362 illud
997 1344 1074 1370 supra
1093 1336 1246 1368 explicatum
1271 1335 1386 1360 axioma:

322 1374 437 1405 Propter
455 1372 526 1404 quod
545 1372 747 1405 unumquodque
763 1371 816 1405 (Cf.
831 1380 916 1404 supra,
936 1380 961 1397 n.
974 1371 1013 1406 3).
1033 1372 1102 1404 Ergo
1116 1378 1172 1396 esse
1187 1371 1279 1396 melius
1298 1371 1387 1402 dispo-

321 1409 387 1434 situs
406 1413 431 1433 et
450 1408 536 1440 magis
553 1408 620 1433 scire
639 1415 690 1432 non
710 1408 779 1432 aliud
798 1406 947 1439 significant,
963 1415 1041 1440 quam
1061 1407 1126 1431 scire
1139 1413 1191 1438 per
1205 1413 1232 1431 se
1248 1410 1273 1430 et
1286 1404 1386 1430 firmius

322 1444 447 1469 assentire
465 1443 509 1468 uni
529 1451 607 1477 quam
626 1443 706 1474 alteri,
727 1442 856 1475 principiis
875 1450 954 1475 quam
973 1442 1141 1467 conclusioni.

375 1479 426 1504 Sed
446 1478 552 1504 dubium
571 1478 620 1503 hoc
638 1479 695 1502 loco
714 1478 820 1510 exurgit.
840 1478 892 1502 Cur
910 1485 1005 1510 nempe
1023 1477 1169 1509 intelligens
1188 1475 1333 1510 (principia)
1349 1476 1386 1500 di-

323 1519 393 1539 catur
411 1514 504 1538 melius
529 1514 668 1547 dispositus
692 1521 771 1545 quam
796 1513 880 1537 sciens
900 1511 1128 1546 (conclusiones)?
1147 1513 1213 1537 Nam
1239 1511 1385 1542 intelligens

322 1549 446 1583 principia
464 1554 504 1574 est
522 1550 546 1574 in
566 1549 678 1582 potentia
697 1549 728 1573 ad
747 1548 920 1580 cognitionem
940 1548 1137 1572 conclusionum
1157 1545 1205 1581 (Cf.
1222 1548 1279 1572 lect.
1293 1554 1322 1571 111
1340 1555 1387 1579 per

322 1585 387 1619 tot.),
407 1590 432 1609 at
450 1590 537 1610 contra
556 1585 639 1609 sciens
659 1589 698 1608 est
717 1584 742 1608 in
761 1589 818 1608 actu
838 1591 998 1616 cognoscens
1021 1583 1144 1616 principia
1163 1588 1188 1608 et
1206 1581 1386 1607 conclusiones

322 1619 474 1645 scientificas
493 1621 519 1645 in
537 1620 600 1653 ipsis
619 1619 758 1652 principiis.
778 1619 870 1643 Melius
895 1624 981 1643 autem
1001 1618 1141 1651 dispositus
1160 1618 1261 1643 videtur
1281 1617 1324 1642 ille
1342 1618 1386 1651 qui

322 1660 379 1680 actu
398 1656 528 1687 cognoscit
546 1655 668 1688 principia
688 1659 713 1679 et
732 1654 920 1684 conclusiones,
935 1662 1015 1687 quam
1029 1654 1072 1679 ille
1086 1654 1131 1686 qui
1145 1654 1247 1678 nonnisi
1262 1653 1387 1686 principia

321 1690 446 1722 intelligit,
461 1696 486 1715 et
499 1691 546 1715 scit
558 1691 737 1715 conclusiones
746 1690 839 1715 virtute
853 1694 962 1714 tantum.
971 1703 990 1709 —-
1001 1690 1145 1714 Dicendum
1158 1690 1228 1722 quod
1243 1690 1275 1714 de
1290 1689 1386 1714 sciente

322 1731 347 1750 et
365 1726 397 1750 de
416 1726 573 1758 intelligente
597 1726 730 1758 dupliciter
753 1725 824 1758 loqui
847 1733 1004 1757 possumus:
1027 1732 1081 1749 uno
1100 1726 1179 1749 modo
1203 1725 1343 1749 formaliter
1361 1730 1387 1749 et

321 1761 444 1793 praecise,
464 1766 541 1794 prout
559 1769 653 1794 nempe
672 1761 737 1785 scire
755 1761 896 1785 formaliter
914 1765 953 1785 est
971 1768 1130 1793 cognoscere
1149 1760 1342 1790 conclusiones,
1362 1766 1387 1785 et

321 1796 463 1828 intelligere
481 1796 621 1821 formaliter
639 1801 679 1821 est
696 1804 854 1828 cognoscere
873 1796 997 1829 principia
1003 1804 1011 1827 ;
1036 1795 1086 1820 alio
1105 1797 1184 1820 modo
1207 1795 1282 1828 quasi
1305 1800 1385 1820 mate-

321 1832 416 1856 rialiter
433 1838 559 1864 quatenus
578 1839 673 1865 nempe
690 1832 758 1857 scire
776 1831 953 1856 consideratur
970 1836 999 1856 ut
1018 1836 1100 1856 totum
1115 1831 1292 1864 complectens
1307 1831 1385 1859 simul

906 231 1290 268 POSTERIORUM
1317 230 1745 269 ANALYTICORUM
1774 232 1867 270 LIB.
1899 234 1912 269 Ι

1437 309 1599 347 ostendit
1631 311 1736 359 quod
1769 324 1846 348 non
1879 313 2005 349 solum
2034 320 2184 361 oportet
2212 313 2332 361 magis
2361 325 2499 361 cogno-

1436 375 1540 399 scere
1568 363 1751 412 principia
1779 377 1895 413 quam
1925 365 2210 402 conclusionem
2237 366 2499 403 demonstran-

1436 415 1525 452 dam
1546 418 1577 463 *,
1608 417 1675 454 sed
1704 417 1817 454 etiarn
1846 418 1937 455 nihil
1967 418 2079 455 debet
2107 432 2190 456 esse
2219 419 2354 456 certius
2383 431 2500 468 quarn

1435 469 1542 516 quod
1570 470 1745 518 opposita
1771 471 1963 520 principiis
1992 471 2064 508 sint
2092 472 2194 508 falsa.
2225 473 2274 508 Et
2300 472 2375 508 hoc
2399 472 2498 519 ideo,

1436 522 1523 570 quia
1551 529 1696 571 oportet
1711 524 1885 560 scientem
1897 526 1916 544 ὓ
1937 536 2011 561 non
2031 537 2109 561 esse
2128 524 2381 562 incredibilem
2400 525 2500 573 prin-

1436 574 1559 623 cipiis,
1599 576 1666 612 sed
1702 576 1919 613 firmissime
1955 577 2007 614 eis
2041 578 2232 615 assentire.
2273 578 2501 626 Quicunque

1436 635 1564 664 autem
1584 628 1728 665 dubitat
1747 629 1794 666 de
1815 630 1970 666 falsitate
1993 631 2106 667 unius
2125 631 2402 679 oppositorum,
2423 643 2502 667 non

1435 688 1560 729 potest
1587 681 1745 718 firmiter
1772 682 1968 719 inhaerere
1986 684 2007 704 '¹‘
2026 684 2220 732 opposito:
2241 684 2331 732 quia
2350 696 2502 732 semper

1437 733 1614 770 formidat
1642 733 1689 770 de
1717 734 1874 772 veritate
1903 735 2053 772 alterius
2081 737 2255 785 oppositi.

1439 910 1613 942 cognitionem
1632 911 1748 944 principii
1762 916 1788 936 et
1801 912 1983 943 conclusionis,
1998 917 2023 937 et
2036 912 2183 945 intelligere
2197 912 2320 944 accipitur
2334 912 2502 936 solummodo

1439 951 1467 970 ut
1482 954 1549 978 pars,
1569 954 1664 979 nempe
1682 952 1758 979 prout
1773 947 1831 972 dicit
1844 955 2000 979 cognoscere
2019 948 2075 972 sola
2093 947 2224 980 principia.
2245 947 2318 972 Ratio
2338 947 2404 974 facta
2418 947 2443 971 in
2456 947 2503 972 du-

1439 981 1482 1005 bio
1501 981 1645 1006 considerat
1663 982 1730 1007 scire
1755 987 1780 1007 et
1804 983 1951 1016 intelligere
1975 982 2024 1007 hoc
2049 983 2162 1007 secundo
2183 989 2276 1013 sensu3
2297 987 2322 1007 et
2340 982 2504 1007 concedenda

1439 1021 1487 1040 est.
1507 1017 1564 1041 Non
1579 1017 1656 1047 enim,
1670 1017 1753 1050 inquit
1766 1018 1909 1048 Caietunus,
1929 1023 1968 1042 est
1986 1018 2041 1042 sani
2056 1018 2145 1051 capitis
2160 1018 2275 1043 dubitare
2290 1018 2349 1051 quis
2364 1018 2397 1042 sit
2410 1017 2503 1042 melius

1440 1052 1593 1084 dispositus,
1612 1053 1695 1077 sciens
1714 1061 1809 1086 nempe
1828 1054 1869 1078 vel
1887 1053 2046 1086 intelligens:
2066 1055 2165 1078 clarum
2183 1053 2252 1078 enim
2271 1059 2310 1078 est
2328 1053 2400 1086 quod
2418 1053 2503 1078 sciens

1439 1092 1478 1111 est
1493 1087 1609 1118 nobilior,
1624 1088 1690 1112 sicut
1704 1093 1786 1113 totum
1802 1089 1913 1113 nobilius
1928 1094 1967 1113 est
1982 1094 2062 1121 parte.
2082 1090 2116 1113 At
2128 1089 2150 1113 si
2164 1094 2299 1113 sumantur
2316 1088 2401 1121 primo
2415 1088 2503 1119 modo,

1440 1130 1535 1155 nempe
1560 1123 1713 1154 formaliter,
1741 1124 1890 1156 oppositum
1919 1129 1958 1149 est
1982 1124 2153 1149 retinendum.
2179 1125 2245 1149 Nam
2269 1124 2381 1156 cognitio
2404 1131 2451 1156 per
2475 1130 2504 1148 se

1440 1158 1550 1183 nobilior
1569 1163 1608 1183 est
1626 1154 1771 1191 cognitione
1790 1167 1836 1192 per
1855 1159 1922 1184 aliud
1941 1159 2014 1192 (quia
2033 1160 2103 1192 quod
2122 1164 2162 1184 est
2179 1155 2226 1192 per
2244 1167 2273 1184 se
2292 1159 2403 1184 nobilius
2418 1163 2458 1184 est
2471 1166 2504 1183 eo

1441 1194 1510 1226 quod
1530 1199 1569 1219 est
1587 1202 1634 1227 per
1652 1193 1744 1229 aliud);
1764 1202 1842 1227 porro
1861 1195 1948 1219 notitia
1967 1195 2151 1227 principiorum
2165 1200 2205 1220 est
2220 1194 2325 1220 evidens
2338 1200 2364 1220 et
2376 1200 2443 1220 certa
2457 1202 2504 1227 per

1440 1237 1477 1260 se,
1497 1230 1543 1254 sed
1562 1229 1741 1254 conclusiones
1765 1238 1817 1254 non
1841 1235 1902 1255 sunt
1920 1238 2005 1263 neque
2027 1231 2158 1255 evidentes
2182 1238 2267 1263 neque
2287 1235 2371 1255 certae
2389 1229 2438 1254 nisi
2457 1237 2504 1262 per

1441 1265 1571 1297 principia.
1591 1265 1689 1290 Deinde
1708 1265 1819 1297 cognitio
1834 1270 1904 1290 tanto
1920 1266 2030 1290 nobilior
2044 1271 2083 1291 est
2097 1270 2195 1298 quanto
2210 1265 2301 1290 certior
2314 1270 2340 1290 et
2353 1265 2503 1290 evidentior.

1440 1301 1491 1325 Sed
1510 1300 1597 1325 notitia
1615 1300 1799 1333 principiorum
1815 1305 1854 1325 est
1868 1301 1960 1325 certior
1974 1306 1999 1326 et
2013 1301 2163 1331 evidentior,
2179 1309 2231 1326 non
2247 1301 2333 1325 solum
2346 1301 2433 1333 quoad
2447 1308 2503 1331 nos,

1439 1336 1486 1360 sed
1505 1336 1581 1360 etiam
1601 1336 1743 1360 secundum
1763 1341 1889 1366 naturam,
1908 1344 1986 1368 quam
2006 1337 2039 1361 sit
2058 1336 2167 1369 cognitio
2183 1336 2387 1367 conclusionum,
2401 1340 2430 1360 ut
2443 1343 2504 1368 pro-

1440 1370 1528 1395 batum
1547 1370 1574 1395 in
1591 1370 1640 1395 hac
1665 1371 1774 1396 lectione
1797 1377 1845 1396 est,
1869 1372 2001 1404 Denique,
2016 1377 2113 1404 quanto
2138 1379 2184 1405 per
2202 1379 2231 1396 se
2250 1379 2327 1396 causa
2346 1371 2461 1404 proxima
2479 1375 2506 1396 et

1440 1405 1570 1430 sufficiens
1588 1406 1729 1431 evidentiae
1743 1411 1769 1430 et
1782 1414 1903 1431 assensus
1922 1407 1948 1431 in
1962 1407 2047 1439 aliqua
2061 1407 2237 1440 propositione
2251 1412 2291 1431 est
2305 1407 2421 1437 nobilior,
2434 1411 2505 1431 tanto

1439 1441 1496 1473 ipsa
1515 1441 1603 1466 notitia
1621 1446 1661 1466 est
1679 1441 1802 1466 nobilior:
1822 1450 1882 1466 nam
1901 1442 2012 1475 cognitio
2027 1443 2175 1468 nobilitatur
2192 1450 2223 1467 ex
2242 1442 2399 1467 certitudinis
2418 1449 2504 1467 causa.

1439 1476 1518 1508 Atqui
1537 1484 1614 1501 causa
1633 1477 1749 1509 proxima
1767 1477 1908 1502 evidentiae
1927 1483 1952 1502 et
1971 1485 2094 1502 assensus
2113 1478 2138 1502 in
2157 1477 2288 1511 principiis
2301 1477 2391 1511 primis
2405 1482 2445 1502 est
2458 1485 2505 1502 no-

1439 1511 1515 1535 bilior
1532 1519 1611 1536 causa
1628 1511 1743 1544 proxima
1762 1512 1903 1537 evidentiae
1917 1513 2125 1538 conclusionum:
2141 1513 2175 1538 ibi
2187 1513 2256 1538 enim
2271 1521 2301 1538 ex
2314 1521 2366 1538 una
2379 1517 2452 1546 parte
2465 1517 2506 1537 est

1439 1546 1586 1571 immediate
1601 1547 1689 1571 lumen
1703 1547 1808 1571 rationis
1823 1552 1848 1572 et
1862 1547 2009 1573 immediata
2023 1548 2208 1581 principiorum
2220 1548 2327 1579 veritas;
2341 1548 2383 1573 hic
2397 1547 2506 1573 habetur

1439 1581 1533 1606 veritas
1553 1582 1663 1606 mediata
1681 1587 1707 1607 et
1725 1582 1837 1607 derivata
1851 1590 1866 1607 a
1878 1583 2007 1616 principiis
2026 1591 2072 1616 per
2086 1583 2312 1608 ratiocinationem.
2331 1583 2409 1615 Ergo,
2422 1583 2506 1616 inquit

1440 1617 1584 1647 Caietanus‚
1604 1617 1664 1650 quia
1683 1617 1805 1642 Albertus
1824 1618 1933 1649 Magnus
1952 1623 1978 1643 et
1996 1626 2017 1643 ε.
2030 1618 2148 1643 Thomas
2166 1618 2217 1649 sic,
2237 1626 2332 1651 nempe
2349 1618 2504 1648 formaliter.

1440 1657 1652 1686 comparaverunt
1665 1653 1789 1678 scientem
1805 1653 1963 1686 intelligenti
1972 1651 2108 1686 (quoniam
2121 1654 2240 1678 doctores
2254 1653 2366 1678 maximo
2378 1654 2506 1686 pollentes

1441 1688 1542 1720 ingenio
1561 1688 1672 1718 fuerunt,
1692 1696 1804 1721 quorum
1824 1693 1863 1713 est
1882 1688 1953 1721 loqui
1972 1696 2094 1714 sermone
2112 1687 2234 1723 formali),
2249 1689 2307 1714 ideo
2324 1689 2423 1722 optime
2437 1689 2506 1714 dixe-

1440 1729 1499 1748 runt
1513 1724 1583 1756 quod
1597 1723 1741 1756 intelligens
1756 1728 1795 1748 est
1809 1723 1903 1748 melius
1918 1724 2060 1757 dispositus
2072 1732 2151 1757 quam
2165 1724 2258 1749 sciens.
2273 1724 2320 1749 Est
2334 1724 2403 1749 enim
2417 1724 2505 1757 dispo-

1440 1759 1505 1784 situs
1519 1759 1660 1783 formaliter
1679 1759 1711 1783 ad
1725 1759 1934 1791 cognoscendum
1954 1759 2041 1784 habitu
2060 1759 2259 1792 principiorum,
2278 1760 2323 1793 qui
2342 1764 2382 1785 est
2396 1759 2507 1785 nobilior

1440 1794 1527 1819 habitu
1541 1793 1689 1825 scientifico,
1703 1802 1757 1826 quo
1769 1794 1910 1819 formaliter
1922 1795 2065 1827 disponitur
2078 1795 2170 1824 sciens,
2183 1800 2212 1820 ut
2225 1795 2270 1826 sic,
2280 1795 2313 1820 ad
2325 1794 2506 1821 conclusiones

1441 1830 1577 1854 intuendas
1596 1829 1642 1862 (ln
1661 1830 1670 1854 l
1689 1830 1800 1859 Foster„
1819 1837 1875 1863 cap.
1890 1838 1916 1861 n,
1936 1830 1960 1862 ἕ.
1977 1830 2116 1861 Quomodo
2134 1830 2284 1864 intelligens
2303 1829 2373 1863 ete).

2527 430 2537 440 ⁸
2553 429 2641 451 Codd.·
2650 436 2688 451 sn:
2700 430 2741 452 de-

2528 456 2713 478 monstrativum
2733 464 2743 482 ,-

2529 487 2543 502 ο
2551 489 2556 503 :
2563 482 2640 509 princ.
2649 483 2741 504 concha-

2528 508 2597 529 sione
2645 508 2741 531 demon-

2528 534 2638 556 stranda.

2528 561 2538 570 '
2546 560 2660 582 Scientem
2665 561 2742 583 omitt.

2529 586 2599 617 codd.
2609 598 2620 604 -
2632 587 2668 610 cf.
2682 591 2739 610 text.

2530 619 2574 640 »Μ’
2583 617 2698 646 Mam

2531 694 2538 701 ”
2547 699 2573 714 n:
2587 693 2724 715 adhaerere
2730 701 2740 719 ,-

2529 725 2557 741 n:
2571 719 2615 741 alii
2623 719 2740 747 opposito.
