2788 4204
83 1270 91 1278 ·
103 1274 129 1289 o:
140 1273 200 1288 omn.
211 1267 295 1294 singu-

81 1295 157 1315 lorum
172 1300 200 1321 sy

82 1323 100 1330 '¹'
116 1320 147 1342 Et
159 1327 187 1341 ex
197 1326 224 1341 co

80 1354 95 1368 Α
109 1354 158 1368 om.
170 1347 221 1368 hoc.

82 1376 91 1383 ''
103 1374 139 1395 Cf.
150 1374 202 1394 lect.
213 1380 292 1400 xxxin,

81 1407 103 1421 n.
115 1406 134 1421 2.

79 1428 88 1436 ·
102 1427 156 1448 Hoc
170 1432 218 1448 om.
233 1433 254 1448 Ε.

228 1300 289 1341 a-

78 1480 171 1502 *Num
186 1486 209 1507 9.

81 1637 89 1644 ·
105 1635 175 1657 Num.
190 1642 213 1661 4.

79 1741 90 1752 ¹⁸
106 1741 177 1763 Num.
192 1747 212 1768 5.

79 1903 86 1910 ·
103 1901 173 1922 Num.
191 1907 212 1928 3.

82 2605 91 2613 ⁶
113 2609 127 2624 c
137 2610 141 2624 :
164 2602 280 2624 cavillare
287 2610 295 2628 ‚-

332 235 408 280 314

329 321 385 349 que
400 313 498 340 eadem
515 311 655 348 principia
669 316 736 338 sunt
749 319 884 338 verorum
900 309 1148 346 syllogismorum;
1164 315 1192 336 et
1206 308 1300 344 prima
1321 308 1394 336 ratio

329 352 452 380 sumitur
473 361 506 379 ex
527 351 645 379 diversis
668 350 815 387 principiis
836 359 932 378 rerum
955 349 1087 385 propriis.
1118 350 1224 376 Rerum
1247 347 1325 375 enim
1346 357 1394 385 ge-

329 402 396 420 nere
419 392 611 426 diversarum,
634 391 670 418 de
692 390 796 426 quibus
818 389 890 417 fiunt
911 388 1077 425 syllogismi,
1101 388 1213 415 diversa
1234 394 1301 415 sunt
1315 388 1394 424 prin-

329 432 404 468 cipia
424 431 550 469 propria,
573 439 646 467 quae
668 430 741 457 inter
762 439 791 457 se
813 439 873 457 non
897 428 1082 456 conveniunt.
1111 427 1275 464 Syllogismi
1296 434 1394 456 autem

329 472 379 509 qui
400 478 467 500 sunt
497 481 530 500 ex
558 471 667 499 eisdem
694 469 855 506 principiis,
885 467 1062 496 conveniunt
1088 468 1133 495 vel
1154 467 1184 495 in
1205 467 1321 503 medio,
1349 467 1394 495 vel

329 522 442 540 sursum
464 511 647 540 ascendendo
669 519 766 537 versus
789 508 928 537 maiorem
951 507 1175 542 extremitatem,
1197 507 1241 535 vel
1256 508 1393 535 deorsum

329 553 531 580 descendendo
553 560 650 578 versus
666 549 808 577 minorem
824 548 1041 576 extremitatem.
1058 563 1077 569 -·
1092 549 1118 575 6.
1140 548 1239 575 Altera
1253 547 1327 575 ratio
1345 557 1394 575 su-

328 592 416 620 mitur
436 601 470 619 ex
490 590 636 627 principiis
657 588 876 617 communibus:
899 597 968 616 narn
989 597 1050 615 non
1070 594 1192 623 possunt
1214 596 1276 615 esse
1297 587 1395 624 aliqua

327 631 467 668 principia
487 629 666 663 communia,
689 638 723 656 ex
744 628 848 665 quibus
870 628 965 656 solum
987 627 1088 655 omnia
1109 627 1328 664 syllogizentur3
1344 627 1394 655 sed

327 681 393 700 curn
415 671 471 699 sint
492 670 602 698 diversa
623 668 733 697 entium
753 677 869 705 genera,
885 674 1001 704 oportet
1022 667 1168 704 principiis
1188 667 1393 696 communibus

327 719 509 740 coassumere
530 708 670 746 principia
684 708 801 744 propria
822 709 859 736 ad
881 708 1116 736 concludendum
1137 707 1168 735 in
1189 707 1317 744 qualibet
1332 717 1393 736 ma-

326 751 404 779 teria.
416 768 435 772 -
450 760 475 786 7.
491 749 588 777 Tertia
603 748 675 776 ratio
698 747 821 775 sumitur
835 757 868 776 ex
883 747 1103 785 comparatione
1117 747 1341 784 praemissarum
1356 748 1393 776 ad

326 790 534 819 conclusiones.
563 788 639 823 Quia
659 787 737 815 enim
759 797 793 816 ex
814 788 944 816 terminis
972 787 1060 816 finitis
1084 793 1207 824 possunt
1227 787 1393 822 indefinitae

326 829 525 859 conclusiones
539 828 609 863 fieri,
621 837 695 864 quae
711 834 777 855 sunt
792 828 850 856 sive
861 838 919 866 per
933 837 964 856 se
979 827 1037 856 sive
1048 837 1106 865 per
1121 828 1264 861 accidens,
1276 827 1393 855 conclu-

325 870 420 898 siones
441 875 538 897 autem
566 868 727 896 inferuntur
748 877 782 896 ex
803 868 964 904 principiis3
987 867 1116 904 sequitur
1137 868 1217 904 quod
1245 868 1316 895 haec
1337 867 1394 895 sint

324 909 480 944 indefinita,
503 915 530 936 et
550 908 616 936 ideo
638 908 768 943 diversa,
790 908 863 936 sicut
885 907 1163 936 conclusiones-8.
1187 909 1297 942 Quarta
1318 907 1392 935 ratio

324 949 446 977 sumitur
456 958 490 977 ex
504 948 667 977 diversitate
681 948 835 976 necessarii
850 955 878 976 et
893 947 1093 985 contingentis.
1105 947 1225 976 Diversa
1240 954 1307 975 sunt
1323 957 1393 976 con-

442 1088 444 1092 ·
544 1047 765 1090 „ostquam
794 1042 1050 1091 Philosophus
1081 1049 1305 1090 prosecutus
1339 1048 1394 1077 est

392 1116 398 1120 -
442 1099 503 1146 Ξῖ)
528 1091 573 1160 ξ’
588 1095 634 1132 de
663 1095 733 1132 illis
762 1107 926 1144 quorum
957 1103 1012 1132 est
1037 1095 1204 1142 scientia,
1224 1094 1285 1131 hic
1304 1107 1391 1143 pro-

384 1140 411 1193 }
442 1143 567 1201 {71⁴3ss
589 1149 757 1198 sequitur
806 1149 853 1186 de
893 1148 1087 1198 principiis
1128 1148 1390 1195 scientiarum,

386 1213 415 1235 «ἰ
442 1190 571 1232 Ws'st'i‘s
589 1202 794 1240 ostendens
823 1215 902 1240 non
932 1214 1013 1238 esse
1044 1202 1180 1239 eadem
1209 1201 1392 1250 principia

323 1254 499 1291 omnium
520 1255 540 1276 ’l‘
569 1256 889 1304 syllogismorum.
920 1256 970 1292 Et
990 1256 1033 1277 ²¹⁶*
1060 1255 1198 1304 primO,
1229 1254 1393 1292 ostendit

322 1308 396 1344 hoc
425 1307 544 1355 logice
563 1309 594 1356 ³⁸,
624 1309 721 1346 idest
738 1321 807 1358 per
826 1309 989 1346 rationes
1012 1320 1239 1345 communes
1269 1308 1391 1344 omni-

322 1362 393 1398 bus
415 1361 658 1409 syllogismis;
679 1363 861 1408 secundo,
879 1362 1043 1398 ostendit
1063 1362 1138 1398 hoc
1153 1362 1173 1382 ’¹‘
1193 1361 1390 1409 analytice,

322 1414 461 1451 scilicet
478 1427 548 1463 per
567 1416 730 1452 rationes
749 1415 921 1464 proprias
949 1413 1299 1460 demonstrationis;
1320 1414 1389 1451 ibi:

322 1468 365 1504 Si
376 1479 466 1505 vero
481 1468 590 1506 aliter
601 1471 621 1491 '²‘
637 1476 705 1506 etc.
728 1469 838 1505 Circa
851 1468 1020 1517 primum
1035 1467 1105 1504 tria
1124 1467 1226 1504 facit:
1251 1467 1389 1515 primo,

323 1521 487 1558 ostendit
513 1522 754 1571 propositum
773 1534 842 1570 per
870 1521 1121 1558 differentiam
1152 1520 1390 1568 syllogismo-

323 1587 408 1611 rum
429 1575 611 1612 falsorum
631 1588 652 1612 a
666 1575 767 1612 veris
782 1581 815 1621 οι;
841 1574 1028 1621 secundo,
1053 1586 1123 1623 per
1137 1574 1389 1611 differentiam

322 1628 504 1664 falsorum
521 1629 568 1666 ad
584 1629 766 1675 invicem;
784 1627 851 1665 ibi:
867 1629 1000 1665 Postea
1016 1639 1137 1676 neque
1139 1627 1296 1676 falsae*
1307 1635 1390 1674 etc.;

321 1680 441 1728 tertio,
457 1693 525 1730 per
547 1681 798 1719 differentiam
819 1681 1128 1730 syllogismorum
1143 1693 1324 1717 verorum
1342 1681 1390 1718 ad

321 1734 504 1781 invicem3
526 1734 592 1772 ibi:
610 1736 746 1784 Neque
763 1746 942 1772 verorum
961 1735 980 1756 ’¹‘
999 1742 1068 1771 etc.
1091 1734 1201 1771 Circa
1219 1734 1390 1782 primurn

323 1787 399 1824 duo
421 1788 522 1834 facit3
547 1788 692 1838 primo,
720 1788 884 1825 ostendit
911 1788 1172 1837 propositum;
1201 1787 1388 1835 secundo,

323 1842 485 1879 excludit
503 1842 713 1891 quamdam
731 1841 1009 1887 obviationem;
1026 1841 1094 1878 ibi:
1114 1842 1166 1878 Et
1181 1841 1215 1877 si
1228 1852 1392 1889 namque

320 1895 368 1931 sit
389 1907 523 1932 verum
544 1897 564 1917 ²⁸
593 1902 662 1933 etc.

377 1960 412 1985 2.
442 1948 542 1985 Dicit
561 1961 651 1997 ergo
670 1949 797 1998 primo
818 1948 935 1998 quod,
956 1948 1083 1997 primo
1108 1947 1229 1995 logice
1258 1959 1391 1995 specu-

321 2002 458 2049 lando,
489 2002 732 2040 manifestum
771 2010 827 2039 est
860 2001 966 2051 quod
994 2014 1074 2038 non
1111 2007 1273 2050 possunt
1307 2013 1389 2037 esse

323 2055 459 2092 eadem
482 2056 666 2105 principia
686 2056 861 2093 omnium
886 2055 1209 2104 syllogismorum,
1234 2061 1392 2103 propter

322 2109 396 2145 hoc
425 2110 530 2158 quod
550 2109 707 2158 quidam
729 2108 935 2158 syllogismi
957 2116 1044 2146 sunt
1072 2108 1164 2155 falsi,
1186 2107 1283 2145 idest
1302 2119 1393 2144 con-

323 2163 519 2200 cludentes
547 2163 702 2209 falsum,
733 2170 770 2199 et
798 2161 956 2212 quidam
985 2162 1080 2209 veri,
1110 2161 1207 2199 idest
1241 2161 1392 2197 conclu-

323 2216 455 2253 dentes
493 2229 642 2253 verum.
685 2215 1006 2264 Syllogismorum
1040 2222 1169 2252 autem
1208 2214 1392 2251 falsorum

323 2277 359 2306 et
378 2282 560 2306 verorum
586 2277 673 2307 sunt
698 2269 847 2307 diversa
872 2268 1068 2317 principia.
1091 2269 1195 2305 Nam
1222 2267 1392 2316 syllogis-

323 2335 477 2359 morum
492 2335 675 2360 verorum
700 2331 786 2360 sunt
808 2321 993 2371 principia
1017 2334 1128 2367 vera3
1154 2320 1392 2370 syllogismo-

323 2388 408 2412 rum
424 2383 552 2413 autem
569 2377 751 2413 falsorum
767 2383 853 2413 sunt
866 2375 1052 2424 principia
1067 2375 1170 2412 falsa.
1194 2375 1286 2411 Non
1302 2386 1391 2422 ergo

324 2429 498 2466 omnium
520 2429 829 2478 syllogismorum
849 2436 937 2466 sunt
956 2428 1094 2465 eadem
1114 2427 1309 2477 principia.

380 2484 414 2520 3.
431 2483 582 2520 Deinde
599 2495 687 2519 cum
704 2482 802 2519 dicit:
818 2484 870 2519 Et
880 2482 914 2519 si
927 2493 1091 2530 namque
1104 2482 1152 2518 sit
1162 2492 1296 2518 verum
1308 2487 1391 2527 etc.,

325 2536 488 2573 excludit
509 2536 718 2585 quamdam
744 2535 1016 2572 obviationem.
1043 2537 1178 2572 Posset
1202 2533 1304 2570 enirn
1329 2533 1393 2570 ali-

325 2589 408 2638 quis
433 2589 558 2626 dicere
573 2589 593 2610 ’¹‘
616 2589 721 2638 quod
743 2589 856 2626 etiam
878 2588 1188 2637 syllogismorum
1209 2598 1391 2624 verorum

392 1051 407 1085 ἒ
445 1050 535 1088 sue-'¹⁴'

921 231 1305 268 POSTERIORUM
1333 230 1763 268 ANALYTICORUM
1791 232 1885 268 LIB.
1918 232 1931 268 I

1450 308 1588 346 tingentia
1599 315 1626 337 et
1640 310 1809 338 necessaria.
1826 311 1883 338 Sed
1895 310 2130 347 syllogismorum
2146 311 2290 347 quaedam
2300 310 2442 348 principia
2456 318 2522 340 sunt

1449 349 1618 384 necessaria,
1644 350 1788 386 quaedam
1813 350 2017 387 contingentia.
2039 352 2117 388 Ergo
2140 357 2192 379 etc.
2205 360 2262 387 —9.
2285 351 2397 380 Deinde
2419 352 2522 380 eadem

1449 388 1536 416 thesis
1558 390 1698 425 probatur
1712 390 1867 426 analytice,
1890 399 1996 427 nempe
2014 399 2065 427 per
2085 390 2213 418 rationes
2227 390 2359 427 proprias
2374 391 2522 428 principiis

1449 428 1554 465 quibus
1565 429 1700 457 scientiae
1711 430 1919 458 demonstrant.
1927 447 1946 451 -
1954 430 2051 458 Prima
2061 430 2135 458 ratio
2151 430 2274 458 sumitur
2289 439 2322 459 ex
2333 431 2519 459 distinctione

1449 468 1648 505 scientiarum3
1665 479 1740 506 quae
1761 479 1822 498 non
1843 469 1994 498 distinctae
2009 471 2060 498 sed
2074 479 2134 498 una
2154 477 2182 498 et
2197 471 2299 498 eadem
2315 477 2417 506 essent,
2434 471 2457 499 si
2472 480 2522 499 ea-

1449 508 1516 536 dem
1531 509 1670 537 haberent
1684 509 1840 546 principia:
1856 519 1925 538 nam
1939 510 2081 547 principia
2099 516 2167 538 sunt
2181 511 2404 547 quodammodo
2418 511 2521 539 eadem

1449 557 1516 576 cum
1538 548 1734 585 conclusione,
1752 559 1803 577 seu
1825 549 1953 578 scientia.
1970 567 1989 571 -
2007 559 2051 578 10.
2074 550 2158 578 Ratio
2180 550 2269 578 altera
2290 550 2413 577 sumitur
2434 559 2468 577 ex
2489 558 2521 578 re

1449 589 1662 617 demonstrata:
1678 598 1740 617 non
1761 589 1839 617 enirn
1854 589 2004 627 quodlibet
2025 598 2059 617 ex
2080 589 2211 626 quolibet
2232 589 2376 626 principio
2398 590 2521 617 demon-

1449 634 1562 656 stratur.
1580 645 1599 650 -
1623 638 1666 657 11.
1688 629 1856 657 Excluditur
1884 629 2018 658 obiectio.
2039 646 2059 650 -—
2076 631 2144 657 Non
2166 639 2199 657 ex
2221 629 2290 657 solis
2315 629 2521 657 communibus

1448 668 1595 704 principiis
1616 675 1739 704 possunt
1765 669 1865 697 omnia
1889 669 2095 704 demonstrari3
2118 670 2185 704 sed,
2207 676 2239 697 ut
2265 668 2375 697 dictum
2390 675 2432 696 est
2446 678 2475 697 n.
2492 670 2519 704 6,

1448 714 1564 744 oportet
1585 717 1768 737 coassumere
1789 709 1916 745 primum
1938 709 2112 745 principium
2134 709 2285 746 proprium
2300 708 2456 748 unicuique
2471 718 2520 746 ge-

1445 747 1509 776 -neri
1529 747 1681 776 scibilium.
1692 765 1711 769 -
1725 756 1768 776 12.
1785 748 1861 783 Quia
1876 757 1945 785 ergo
1961 758 1995 776 ex
2009 748 2139 785 quolibet
2152 758 2214 777 non
2228 748 2411 777 concluditur
2425 749 2520 785 quod-

1448 788 1530 823 libet,
1555 788 1684 824 sequitur
1705 789 1786 824 quod
1808 797 1841 816 ex
1862 788 2006 824 principio
2028 797 2062 815 ex
2076 797 2136 825 quo
2151 788 2334 816 concluditur
2355 789 2426 816 haec
2447 797 2519 817 con-

1448 827 1548 862 clusio,
1564 837 1625 855 non
1647 828 1837 856 concludatur
1850 827 1922 862 alia3
1945 827 2126 864 proindeque
2140 827 2318 856 diversarum
2335 827 2520 856 scientiarum

1448 873 1515 895 sunt
1529 867 1642 895 diversa
1655 867 1805 904 principia.
1818 885 1836 889 -
1858 868 1902 895 13.
1923 867 2023 895 Tertia
2036 867 2110 896 ratio
2132 867 2255 896 sumitur
2276 877 2310 895 ex
2331 867 2449 895 diversis
2470 877 2520 905 ge·-

1448 907 1565 935 neribus
1586 917 1693 935 rerum.
1718 907 1905 936 Diversorum
1928 907 2006 935 enirn
2028 917 2177 944 generum,
2198 914 2231 935 ut
2252 907 2362 936 dictum
2383 913 2426 936 est
2446 916 2475 936 n.
2493 907 2519 941 5,

1448 954 1515 975 sunt
1536 947 1649 975 diversa
1669 947 1811 984 principia
1831 947 1958 984 propria.

1448 1040 1583 1077 missas
1611 1040 1892 1089 propositiones
1918 1042 1955 1088 ss,
1985 1052 2141 1077 necesse
2176 1039 2245 1076 erit
2264 1041 2307 1061 ²⁸*
2336 1040 2442 1089 quod
2469 1040 2520 1077 illi
2547 1053 2555 1061 ·

1448 1094 1652 1142 syllogismi
1678 1093 1889 1143 procedant
1917 1106 1963 1130 ex
1990 1093 2102 1140 falsis,
2134 1093 2223 1142 quia
2243 1105 2288 1130 ex
2315 1093 2416 1130 veris
2439 1105 2518 1130 non

1449 1147 1685 1185 concluditur
1713 1148 1850 1184 falsum
1867 1147 1902 1184 *t
1934 1147 2039 1184 etita
2062 1147 2101 1184 in
2127 1147 2208 1183 sola
2225 1147 2350 1195 prima
2369 1146 2520 1195 syllogi-

1448 1200 1596 1238 zatione
1613 1201 1632 1222 *
1654 1213 1699 1237 ex
1720 1201 1820 1238 falsis
1850 1200 2088 1249 concluditur
2105 1212 2253 1237 verum.
2275 1200 2325 1237 Et
2342 1200 2419 1237 hoc
2437 1212 2519 1237 ma-

1448 1253 1596 1291 nifestat
1619 1266 1688 1303 per
1714 1255 1946 1303 exemplum.
1978 1254 2034 1291 Sit
2062 1253 2165 1290 enim
2183 1253 2280 1290 haec
2307 1252 2517 1302 propositio

1446 1319 1551 1354 vera,
1573 1319 1684 1344 omne
1701 1308 1720 1329 *
1744 1308 1778 1344 C
1790 1308 1911 1344 estA:
1932 1306 2136 1356 accipiatur
2161 1313 2290 1343 autem
2310 1306 2359 1343 ad
2377 1313 2518 1342 utram-

1447 1373 1523 1409 que
1543 1360 1818 1397 extremitatem
1838 1360 2011 1398 medium
2040 1360 2190 1406 falsum,
2208 1359 2313 1408 quod
2334 1367 2391 1396 est
2409 1359 2453 1406 B,
2469 1359 2520 1396 ita

1447 1413 1586 1450 scilicet
1615 1413 1720 1462 quod
1740 1426 1865 1463 neque
1893 1415 1928 1450 A
1956 1413 2042 1450 insit
2069 1414 2112 1460 B,
2144 1425 2269 1462 neque
2299 1413 2329 1449 B
2357 1412 2445 1449 insit
2474 1412 2518 1449 C.

1447 1466 1487 1502 Si
1503 1466 1766 1515 *accipiantur
1785 1466 1911 1516 aliqua
1931 1466 2060 1503 media
2078 1466 2127 1503 ad
2146 1465 2393 1515 probandum
2407 1478 2518 1515 prae-

1447 1519 1582 1556 missas
1609 1519 1903 1568 propositiones,
1933 1532 2070 1556 omnes
2092 1519 2375 1568 propositiones
2407 1519 2520 1556 falso-

1447 1585 1532 1609 rum
1553 1572 1862 1621 syllogismorum
1882 1579 1992 1609 erunt
2011 1572 2139 1608 falsae:
2165 1572 2255 1621 quia
2280 1571 2406 1609 omnis
2429 1584 2520 1609 con-

1448 1625 1566 1662 clusio
1596 1625 1688 1662 falsa
1718 1625 1955 1662 concluditur
1976 1637 2022 1661 ex
2051 1624 2164 1670 falsis,
2185 1624 2255 1662 sed
2283 1624 2478 1661 conclusio
2498 1625 2519 1646 *

1445 1691 1539 1715 vera
1549 1686 1676 1727 potest
1691 1678 1866 1716 concludi
1883 1690 1928 1715 ex
1943 1678 2123 1714 omnibus
2137 1677 2250 1715 veris.
2267 1677 2379 1715 Unde
2400 1689 2520 1727 quan-

1448 1731 1497 1769 do
1514 1729 1824 1781 “propositiones
1852 1731 2085 1781 praemissae
2114 1738 2199 1768 sunt
2219 1743 2346 1778 verae,
2369 1742 2414 1767 ex
2439 1731 2520 1780 qui-

1447 1786 1519 1822 bus
1555 1785 1791 1822 concluditur
1821 1797 1979 1832 verum,
2009 1797 2089 1821 non
2118 1783 2310 1833 oportebit
2337 1784 2520 1822 devenire

1447 1838 1497 1875 ad
1523 1838 1678 1887 aliquod
1693 1839 1843 1876 falsum.
1875 1837 1938 1875 Sic
1958 1837 2087 1885 igitur,
2119 1850 2206 1874 cum
2228 1837 2324 1874 aliae
2344 1837 2418 1875 sint
2431 1849 2519 1887 pro-

1446 1891 1656 1940 positiones
1684 1904 1812 1938 verae,
1836 1898 1871 1928 et
1893 1891 1913 1912 *⁶
1933 1891 2029 1928 aliae
2058 1891 2184 1938 falsae,
2215 1890 2385 1939 sequitur
2413 1890 2520 1940 quod

1448 1945 1520 1981 alia
1549 1952 1637 1982 sunt
1654 1944 1840 1994 principia
1858 1955 2043 1981 verorum
2062 1943 2372 1992 syllogismorum
2393 1950 2429 1980 et
2448 1944 2520 1982 alia

1448 1998 1642 2035 falsorum.

1501 2063 1539 2099 4.
1569 2051 1720 2089 Deinde
1755 2062 1843 2088 cum
1872 2049 1980 2087 dicit:
2009 2050 2142 2087 Postea
2176 2061 2296 2099 neque
2310 2049 2444 2098 falsae
2469 2062 2520 2087 ex

1448 2105 1585 2142 eisdem
1615 2112 1705 2152 etc.,
1736 2103 1900 2141 ostendit
1929 2102 2033 2152 quod
2063 2115 2135 2140 nec
2164 2102 2315 2139 etiam*
2336 2102 2521 2141 falsorum

1449 2158 1758 2207 syllogismorum
1797 2163 1883 2194 sunt
1921 2156 2059 2193 eadem
2095 2155 2291 2205 principia.
2328 2155 2522 2204 Contingit

1449 2211 1553 2248 enim
1583 2210 1847 2248 conclusiones
1877 2210 1988 2247 falsas
2008 2222 2090 2246 esse
2112 2209 2318 2246 contrarias
2346 2209 2396 2246 ad
2423 2209 2520 2247 invi-

1450 2277 1551 2312 cem,
1589 2272 1626 2301 et
1658 2263 1988 2312 incompossibiles
2023 2262 2094 2300 sibi
2129 2275 2212 2300 esse
2232 2268 2254 2300 ⁸.
2286 2261 2392 2300 Sicut
2424 2262 2533 2305 haec.

1450 2318 1657 2365 conclusio,
1683 2317 1819 2355 iustitia
1843 2322 1898 2354 est
1915 2316 2104 2362 iniustitia,
2126 2323 2182 2356 est
2199 2315 2522 2365 incompossibilis

1448 2371 1538 2408 huic
1567 2370 1818 2417 conclusioni,
1848 2370 1985 2407 iustitia
2014 2375 2067 2407 est
2091 2369 2221 2415 timor,
2251 2381 2340 2406 cum
2359 2376 2521 2418 utraque

1448 2424 1495 2462 sit
1514 2425 1617 2462 falsa.
1634 2424 1772 2461 Timor
1792 2423 1894 2460 enim
1914 2423 2011 2460 sicut
2026 2422 2151 2460 differt
2169 2435 2310 2471 genere
2330 2434 2353 2459 a
2371 2421 2520 2469 iustitia,

1448 2478 1499 2514 ita
1528 2477 1642 2514 etiam
1662 2478 1710 2514 ab
1731 2476 1919 2514 iniustitia.
1942 2476 2122 2514 Similiter
2149 2475 2264 2513 etiam
2285 2475 2300 2502 ζ
2318 2476 2391 2512 hae
2421 2475 2520 2512 duae

1450 2530 1714 2568 conclusiones
1743 2530 1858 2567 falsae
1886 2537 1974 2567 sunt
2002 2529 2213 2567 contrariae
2242 2537 2280 2566 et
2301 2528 2522 2578 incompos-

2547 1052 2684 1101 cossopos.
2711 1059 2760 1075 om.

2547 1107 2567 1115 ''
2575 1105 2652 1128 Codd.
2657 1116 2668 1122 -
2675 1110 2713 1128 rm
2721 1111 2760 1128 et-

2545 1159 2556 1169 ·
2571 1158 2607 1180 Cf.
2622 1159 2677 1180 leet.
2686 1164 2758 1185 xxm,

2546 1191 2607 1260 {aaz}
2616 1211 2725 1234 illatione
2729 1218 2738 1238 ‚·
2745 1217 2760 1233 ο

2545 1322 2556 1333 ’
2573 1321 2647 1343 Omne
2661 1327 2710 1344 om.
2724 1327 2760 1343 n.

2546 1476 2762 1526 ‘sfflz‘ffiffi

2546 1529 2620 1558 accip.
2633 1519 2639 1525 ’
2692 1519 2698 1525 ’

2547 1637 2557 1645 ·
2566 1634 2642 1658 Codd.
2651 1646 2663 1652 -
2670 1641 2696 1657 με
2704 1635 2760 1664 sal-

2547 1662 2591 1688 sis,
2599 1661 2762 1688 consolantem

2546 1695 2563 1710 n
2577 1694 2626 1718 oin.
2642 1687 2716 1711 concl-

2547 1902 2555 1911 ·
2570 1900 2644 1923 Etex
2658 1900 2727 1923 codd.

2546 2109 2558 2120 ⁶
2573 2107 2639 2131 Codd
2659 2119 2669 2125 -
2680 2114 2706 2130 r:
2721 2114 2761 2130 ne-

2617 2124 2763 2190 alsy-aupaci:

2547 2134 2620 2184 w

2547 2534 2764 2574 :UCodd--ezenlm

1449 2584 1585 2630 sibiles,
1606 2585 1719 2620 homo
1747 2589 1803 2620 est
1818 2594 1946 2631 equus,
1978 2589 2024 2630 et,
2053 2583 2167 2620 homo
2182 2587 2237 2619 est
2253 2583 2330 2619 bos.
2352 2582 2401 2618 Et
2419 2580 2522 2618 simi·
2548 2567 2613 2626 2¹03?
2633 2562 2765 2585 ‘mmm'

1448 2637 1530 2674 liter
1549 2637 1621 2673 hae
1642 2636 1740 2674 duae
1764 2635 2045 2685 propositiones
2065 2642 2152 2672 sunt
2179 2633 2520 2684 incompossibiles,
2549 2620 2707 2669 4⁸:252ssss
2722 2620 2764 2664 ι’ἷῖ

1449 2690 1608 2738 aequale
1635 2695 1689 2726 est
1714 2689 1848 2735 maius,
1871 2696 1918 2733 et,
1939 2688 2097 2737 aequale
2124 2693 2178 2725 est
2194 2688 2329 2725 minus.
2361 2687 2525 2736 Oportet
2566 2669 2651 2690 mm

83 2636 130 2655 uQ:
146 2629 243 2651 credere
248 2636 257 2655 ‚·
266 2635 297 2650 nx

85 2663 108 2685 p.
119 2663 150 2677 m.
162 2662 218 2680 om.:
230 2663 249 2677 s.
265 2662 296 2677 m.

85 2690 101 2705 it
115 2683 137 2704 in
152 2683 229 2704 interl.
239 2686 263 2703 ut
274 2688 296 2709 c,

86 2716 158 2740 marg.
170 2712 194 2730 ut
209 2716 229 2730 Ρ.

325 2650 413 2679 sunt
430 2642 615 2691 principia
634 2643 738 2690 falsa,
755 2642 843 2691 quia
864 2641 1044 2689 contingit
1058 2653 1104 2678 ex
1124 2640 1224 2677 falsis
1245 2639 1392 2688 syllogi-

326 2709 411 2733 zare
426 2708 563 2733 verum
572 2697 602 2733 *.
622 2697 699 2734 Sed
714 2696 789 2732 hoc
809 2694 973 2732 excludit
991 2694 1120 2731 dicens
1139 2693 1246 2742 quod
1261 2705 1395 2741 quam-
2560 2684 2763 2717 *εοαα.ἰ»;ω...

2549 2721 2605 2743 ei'nt.

86 2736 155 2785 :mcci
175 2736 229 2757 ’ω’
244 2741 297 2762 '‘¹¹''
325 2749 384 2787 vis
415 2750 604 2797 contingat
626 2748 643 2778 β
672 2749 891 2798 syllogizare
910 2759 1047 2785 verum
1069 2759 1114 2783 ex
1133 2746 1245 2792 falsis,
1266 2753 1396 2782 tamen
1451 2750 1580 2780 autem
1595 2742 1615 2763 ’¹²
1630 2741 1858 2778 concludere
1875 2742 1918 2763 ²¹²*
1933 2741 1987 2778 sic
2006 2753 2089 2778 esse
2109 2753 2156 2778 ex
2171 2741 2370 2790 aliquibus,
2384 2740 2523 2789 quibus
2550 2748 2562 2795 ζ
2580 2751 2766 2796 ξη-ζκςξξτῶξ

187 2789 201 2822 β
326 2804 402 2840 hoc
427 2803 552 2840 solum
579 2802 758 2851 contingit
777 2803 895 2839 semel
915 2807 930 2828 ⁷
950 2800 988 2837 in
1015 2800 1141 2850 primo
1162 2798 1395 2848 syllogismo,
1451 2795 1595 2845 positis,
1607 2795 1676 2832 ista
1690 2795 1949 2844 sequuntur*:
1970 2795 2073 2832 unde
2089 2801 2239 2844 oportet
2254 2794 2360 2844 quod
2375 2794 2522 2831 sieut*
2546 2789 2728 2850 {ogggiia-e'xe
2750 2833 2766 2849 G

186 2835 202 2860 γ
328 2869 404 2906 quo
434 2869 480 2893 ex
508 2856 608 2893 falsis
628 2855 864 2893 concluditur
891 2866 1041 2892 verum.
1064 2853 1141 2890 Sed
1166 2853 1196 2890 si
1225 2858 1399 2901 oporteat
1452 2850 1522 2886 ista
1537 2856 1623 2886 sunt
1639 2847 1826 2885 contraria
1841 2855 1876 2884 et
1890 2847 2216 2897 incompossibilia
2232 2849 2264 2895 *,
2281 2847 2331 2885 ita
2346 2846 2462 2885 etiam
2477 2848 2522 2870 *¹⁸
2547 2859 2628 2908 2523
2644 2842 2715 2876 ilion·
2730 2843 2768 2876 'et

87 2903 299 2959 {uss‘ssf’d·'⁹²“'¹²
328 2910 421 2947 alios
444 2911 463 2932 *
482 2910 722 2959 syllogismos
750 2909 930 2947 inducere
950 2907 1000 2946 ad
1024 2907 1269 2957 probandum
1289 2917 1398 2954 prae·
1451 2902 1636 2952 principia
1666 2913 1710 2938 ex
1739 2901 1877 2950 quibus
1908 2901 2187 2939 concluduntur
2203 2906 2230 2938 η.
2649 2917 2665 2942 η

383 3032 410 3068 α)
425 3034 449 3058 Α
464 3033 533 3058 veris
547 3037 595 3057 etc.
605 3032 699 3056 -Cod.
714 3031 738 3056 O
754 3032 812 3056 loco
827 3038 844 3056 a
859 3031 929 3056 veris
947 3030 1025 3055 habet
1041 3037 1150 3055 erronee
1168 3028 1304 3063 analytice
1310 3036 1319 3059 ‚·
1334 3028 1399 3053 sicut

329 3069 476 3094 immediate
489 3068 553 3093 infra
567 3068 628 3100 legit
642 3074 762 3093 erronee:
772 3074 826 3099 per
840 3066 1018 3101 differentiam
1034 3065 1261 3100 syllogismorum,
1271 3071 1324 3088 om.
1338 3071 1398 3088 cum

328 3112 354 3137 p.
372 3112 407 3129 m.
427 3104 449 3128 A
462 3103 613 3138 salsorum,·
634 3101 668 3127 C‘:
684 3110 738 3135 per
756 3102 935 3136 differentiam
954 3101 1172 3135 syllogismorum
1191 3100 1327 3134 salsorum
1347 3097 1398 3133 (Cf.

329 3139 402 3171 infra,
417 3148 441 3164 n.
456 3147 473 3171 4
487 3157 494 3164 .

383 3174 408 3208 β)
431 3139 558 3205 Quizmvis
576 3174 718 3207 contingat
731 3173 893 3207 syllogizare
912 3178 960 3198 etc.
971 3172 1094 3197 -Textus
1108 3179 1216 3204 graecus
1231 3170 1275 3204 qui
1295 3169 1397 3195 lectioni

330 3209 490 3243 praefigitur:
510 3207 552 3234 καὶ
571 3208 620 3244 γὰρ
639 3206 717 3240 ἔστιν,
737 3217 815 3242 quam
836 3208 973 3233 lectionem
992 3207 1110 3241 sequitur
1127 3207 1224 3237 Wait23
1242 3211 1355 3231 attamen
1373 3205 1398 3230 in

333 3246 511 3271 Commentar.
536 3253 595 3278 sup.
611 3253 666 3278 cap.
680 3252 761 3275 xxxii,
779 3252 839 3277 pag.
854 3243 939 3277 374—5
949 3262 955 3274 ,
974 3249 1061 3268 notat:
1082 3253 1095 3266 ‹
1111 3242 1262 3267 Brandisius
1286 3240 1399 3274 (Variet-

333 3291 346 3304 »
362 3282 420 3306 lect.
433 3281 522 3314 Arist.)
536 3281 585 3314 legi
601 3281 699 3305 mavult
713 3275 760 3305 κᾶν
778 3277 828 3313 γὰρ
847 3277 899 3311 εἴη,
918 3280 989 3312 quod
1008 3278 1132 3304 Boethius
1146 3278 1248 3303 videtur
1266 3276 1399 3307 habuisse,

334 3326 346 3339 »
361 3318 404 3349 qui
422 3317 510 3347 vertit,
529 3319 555 3341 et
573 3316 597 3341 si
615 3316 684 3340 enim
703 3316 739 3340 sit
758 3322 857 3340 verum.
870 3324 883 3338 »
898 3328 918 3332 —-
933 3315 984 3339 Sed
1003 3319 1028 3339 et
1052 3314 1118 3339 hanc
1137 3313 1237 3338 Boethii
1262 3312 1398 3338 lectionem

331 3351 408 3377 habet
427 3352 599 3384 Philoponus:
619 3347 640 3375 εἷ
659 3348 702 3375 καὶ
722 3348 850 3386 ἐνδέχεται
870 3347 897 3375 ἐκ
916 3349 1013 3383 ψευδῶν
1030 3344 1122 3381 ἀληθὲς
1136 3347 1309 3382 συμπέρασμα
1323 3354 1400 3372 συνα-

332 3387 418 3420 γαγεῖν
434 3387 492 3419 (Ed.
507 3388 556 3417 cit.,
571 3395 628 3420 pag.
644 3386 711 3419 178).
725 3386 758 3411 Et
772 3387 805 3411 ita
825 3394 846 3411 s.
856 3385 982 3410 Thomas.
997 3385 1148 3410 Lectionem
1163 3383 1290 3409 Brandisii
1305 3382 1400 3408 habent

333 3422 433 3452 Pacius,
449 3423 458 3446 1
478 3423 587 3450 Foster„
599 3430 653 3455 cap.
668 3429 738 3453 xxv1,
753 3430 811 3454 pag.
829 3429 892 3452 222;
913 3421 1089 3449 Du—Vallius,
1105 3421 1114 3444 l
1129 3420 1239 3450 Foster„
1256 3426 1311 3451 cap.
1325 3425 1399 3448 xxxu,

333 3465 391 3490 pag.
407 3465 471 3490 2273
491 3458 538 3482 Ed.
551 3458 629 3482 Basil.
648 3456 721 3490 1539,
742 3457 750 3482 1
766 3457 877 3486 Foster„
892 3465 950 3490 pag.
966 3464 1008 3489 77,
1024 3456 1067 3480 lin.
1081 3462 1126 3487 42.

386 3491 412 3526 γ)
428 3493 486 3518 Hoc
499 3493 584 3518 solum
598 3493 729 3525 confingit
748 3492 914 3518 ete—Codd.
933 3490 1141 3516 BCEGKLMST
1161 3495 1186 3515 et
1205 3498 1226 3515 s.
1248 3497 1283 3514 m.
1302 3489 1338 3514 D:
1352 3488 1401 3514 hoc

333 3528 418 3552 solum
432 3528 563 3561 contingit
581 3528 660 3553 semel
679 3528 717 3560 (D
736 3535 761 3560 p.
781 3536 816 3552 m.
834 3527 910 3560 solis)
931 3527 957 3552 in
978 3532 1025 3552 etc.
1045 3527 1083 3551 0:
1103 3526 1190 3555 semel,
1205 3525 1272 3550 idest
1291 3524 1318 3550 in
1338 3529 1401 3555 etc-3

335 3562 354 3586 P
373 3570 425 3587 om.
439 3564 526 3588 semel.
543 3577 561 3582 -
576 3563 599 3588 G
619 3568 643 3588 et
662 3571 683 3588 s.
699 3571 733 3587 m.
748 3563 785 3587 K:
806 3562 877 3595 quod
895 3570 932 3588 ex
945 3562 1040 3596 salsis;
1060 3562 1096 3592 Q:
1116 3560 1223 3594 quando
1245 3567 1283 3586 ex
1294 3560 1362 3594 sals.
1377 3559 1401 3584 H

334 3605 387 3622 om.
402 3601 489 3623 tamen
509 3598 583 3623 hoc...
597 3606 648 3630 quo
667 3605 704 3623 ex
715 3598 805 3632 salsis.

1506 3025 1531 3060 ὃ)
1556 3026 1630 3051 Unde
1648 3025 1755 3058 quando
1774 3030 1822 3050 etc.
1839 3039 1858 3043 -
1871 3024 1929 3051 AC:
1953 3024 2028 3049 Unde
2045 3023 2123 3056 quia5
2142 3023 2288 3048 EGHKLM
2305 3027 2331 3048 et
2348 3031 2374 3056 p.
2384 3030 2420 3048 m.
2439 3022 2524 3048 DNT:

1456 3062 1531 3087 Unde
1549 3069 1624 3094 quae.
1635 3062 1696 3086 -Az
1717 3068 1768 3086 non
1788 3061 1928 3092 oportebat
1947 3060 2086 3090 devenire,·
2105 3059 2141 3084 G:
2162 3066 2213 3084 non
2233 3061 2341 3091 oportet
2358 3058 2481 3089 tendes-e,-
2499 3062 2526 3083 et

1452 3098 1561 3123 tendere
1585 3097 1661 3122 etiam
1680 3096 1742 3127 EQ3
1762 3096 1801 3121 H:
1821 3103 1872 3121 non
1899 3095 2031 3128 oportebit
2053 3098 2143 3120 tenere
2167 3097 2197 3120 ut
2215 3094 2267 3125 ad‚·
2287 3098 2313 3119 et
2332 3097 2421 3120 tenere
2439 3097 2470 3120 ut
2487 3093 2526 3119 vir-

1452 3134 1544 3159 dentur
1562 3132 1657 3158 habere
1676 3136 1796 3164 corrupte
1816 3131 1891 3157 codd.
1906 3131 1948 3156 CL
1963 3136 1989 3155 et
2008 3139 2034 3164 p.
2047 3138 2082 3156 m.
2095 3130 2152 3156 ΚΤ.

1505 3167 1528 3203 ε)
1550 3167 1776 3200 Incompossibiles
1798 3166 1849 3192 sibi
1867 3174 1930 3192 esse.
1943 3180 1963 3185 —
1977 3166 2014 3192 O:
2035 3165 2219 3198 impossibiles,
2239 3170 2265 3190 et
2283 3172 2343 3190 cum
2361 3165 2385 3189 A
2403 3169 2430 3190 et
2448 3171 2474 3198 p.
2489 3171 2525 3190 m.

1451 3205 1472 3229 B
1483 3212 1535 3229 om.
1549 3203 1606 3232 sibi.
1618 3208 1643 3228 et
1657 3211 1716 3228 cum
1726 3202 1746 3227 P
1757 3210 1810 3227 om.
1823 3209 1878 3227 esse
1883 3210 1892 3232 ‚·
1907 3202 1969 3227 GH:
1984 3201 2207 3234 incompossibiles
2219 3200 2270 3226 sibi
2283 3199 2403 3226 invicem.
2414 3199 2525 3227 Sicut.-

1452 3240 1519 3264 lnfra
1538 3240 1563 3264 in
1582 3239 1632 3264 boc
1651 3246 1723 3264 num.
1739 3238 1796 3263 cod.
1814 3238 1854 3263 M:
1875 3237 2044 3269 impossibilis
2062 3237 2126 3268 (les,
2146 3237 2210 3269 lia).

1505 3274 1532 3310 ζ)
1553 3274 1683 3300 Similiter
1697 3274 1777 3299 etiam
1793 3278 1841 3298 etc.
1850 3286 1869 3293 -η
1879 3273 1970 3303 Codd.,
1984 3280 2038 3297 exc.
2051 3273 2109 3297 ΑΒτ
2130 3271 2262 3297 Similiter
2275 3274 2301 3296 et
2305 3278 2314 3301 ,·
2333 3271 2356 3296 Α
2373 3277 2428 3296 om.
2442 3270 2524 3296 etiam

1453 3310 1510 3336 hae.
1523 3323 1543 3329 —-
1555 3310 1594 3335 G:
1613 3310 1663 3335 hae
1681 3309 1751 3335 duae
1765 3309 1963 3341 propositiones
1981 3310 2045 3333 sunt
2063 3307 2295 3340 incompossibiles.
2310 3320 2331 3325 —
2346 3305 2371 3331 0
2390 3305 2468 3331 infra:
2489 3305 2526 3330 Β

1452 3346 1576 3371 similiter
1594 3345 1645 3371 hae
1663 3345 1733 3370 duae
1750 3344 1930 3370 conclusiones
1949 3347 2013 3368 sunt
2031 3348 2088 3374 etc.;
2102 3343 2127 3374 Q
2145 3350 2198 3367 om.
2210 3341 2416 3374 propositiones.

1506 3381 1534 3415 η)
1557 3382 1598 3406 Ita
1617 3381 1697 3406 etiam
1712 3380 1851 3412 principia
1869 3387 1907 3404 ex
1925 3379 2019 3412 quibus
2043 3377 2366 3404 commarcarum-Plana
2390 3380 2430 3401 est
2447 3375 2524 3400 ratio-

1454 3418 1546 3442 cinatio
1560 3416 1714 3447 Aristotelis,
1728 3416 1765 3441 uti
1780 3415 1915 3448 exponitur
1933 3422 1948 3440 a
1967 3422 1989 3439 s.
2003 3414 2115 3439 Thomn-
2129 3413 2224 3438 'rhesis
2244 3412 2378 3445 probanda
2396 3415 2448 3437 est:
2462 3409 2525 3435 Fa!-

1453 3460 1544 3478 sorum
1563 3452 1782 3486 syllogismorum
1803 3458 1854 3476 non
1874 3453 1937 3475 sunt
1955 3450 2048 3475 eadem
2063 3448 2208 3482 principia.
2224 3448 2352 3475 Probatur
2369 3451 2456 3472 autem
2474 3444 2525 3470 hoc

1455 3489 1541 3513 modo.
1553 3488 1653 3512 Dantur
1666 3487 1846 3512 conclusiones
1860 3485 1949 3516 falsae,
1959 3492 2028 3518 quae
2040 3485 2088 3510 sibi
2102 3484 2212 3510 invicem
2222 3483 2349 3508 contrarie
2357 3484 2526 3516 opponuntur

1455 3529 1479 3548 et
1493 3523 1551 3548 ideo
1564 3527 1626 3548 sunt
1639 3522 1872 3555 incompossibiles.
1886 3526 1923 3552 ut,
1938 3520 2042 3546 iustitia
2055 3522 2095 3545 est
2109 3518 2248 3548 iniustitia,
2260 3517 2363 3543 iustitia
2377 3519 2416 3542 est
2429 3515 2524 3556 timon·

1455 3559 1532 3584 homo
1551 3561 1591 3583 est
1609 3565 1698 3591 equus,
1714 3557 1791 3583 homo
1810 3560 1850 3582 est
1868 3557 1913 3582 bos
1919 3564 1928 3587 ,·
1946 3556 2056 3589 aequale
2074 3557 2115 3580 est
2133 3554 2227 3583 maius,
2242 3552 2352 3586 aequale
2370 3554 2411 3577 est
2428 3557 2524 3592 minias.

1454 3595 1533 3627 Atqui
1552 3593 1632 3619 falsae
1651 3592 1831 3618 conclusiones
1850 3592 1985 3624 oppositae
2004 3595 2030 3616 et
2048 3588 2273 3622 incompossibiles
2285 3595 2338 3613 non
2357 3590 2469 3620 possunt
2486 3593 2525 3610 in-
