2788 4204
57 773 65 782 ·
80 779 108 795 L:
129 773 220 794 horum.

54 1032 66 1042 ‘
76 1031 200 1059 enicem,
211 1037 234 1054 n.
246 1031 269 1058 6,

55 1063 125 1086 ”qq-

54 1146 68 1158 ⁸
77 1151 202 1172 maon-r
214 1149 236 1167 et
246 1152 270 1173 ρ

55 1178 125 1221 1¹:¹ng
127 1174 164 1199 et,
172 1172 214 1194 sed
222 1178 268 1194 non

1142 265 1252 301 cAP.
1282 266 1334 313 x,
1364 265 1514 302 LECT.
1544 266 1635 302 xlx

301 354 528 380 communes
571 341 688 379 animi
731 341 1001 390 conceptiones
1042 341 1184 378 habent
1226 342 1365 391 aliquid

301 407 509 432 commune
530 407 618 432 cum
646 393 726 432 aliis
745 394 937 443 principiis
963 394 1306 442 demonstrationis,
1329 403 1365 432 et

300 448 441 497 aliquid
458 447 668 497 proprium.
690 448 907 484 Commune
928 446 1083 494 quidem
1102 447 1254 494 habent,
1276 448 1364 496 quia

300 513 454 538 necesse
485 508 541 538 est
567 507 646 537 tam
674 501 754 547 ista,
784 511 901 548 quam
929 499 1001 535 alia
1023 499 1209 547 principia
1235 511 1305 548 per
1323 512 1363 536 se

300 566 382 591 esse
410 566 513 591 vera.
534 554 735 602 Proprium
763 559 892 589 autem
921 559 976 588 est
1002 552 1141 588 horum
1161 551 1362 600 principio-

300 619 385 644 rum
418 607 523 655 quod
541 617 621 643 non
640 607 766 643 solum
794 616 948 642 necesse
979 611 1034 641 est
1062 616 1106 641 ea
1124 616 1193 653 per
1212 617 1257 641 se
1270 617 1363 641 vera

299 671 402 706 esse,
437 659 504 696 sed
534 658 647 695 etiam
675 670 830 696 necesse
860 663 915 693 est
940 657 1062 695 videri
1089 658 1195 706 quod
1226 669 1295 706 per
1323 670 1362 694 se

299 711 373 748 sint
399 723 502 748 vera.
537 711 674 748 Nullus
703 710 806 748 enim
838 717 963 759 potest
990 708 1007 739 β
1036 710 1185 759 opinari
1217 717 1362 747 contra-

298 763 352 800 ria
381 776 515 801 eorum
535 764 568 800 ¹².

352 817 387 853 3.
418 816 517 853 Dicit
545 828 635 865 ergo
664 817 769 866 quod
788 816 879 853 illud
897 815 1137 865 principium,
1167 817 1273 865 quod
1296 828 1361 852 ne-

298 881 402 906 cesse
422 877 478 907 est
496 881 576 907 non
596 870 720 907 solum
739 881 809 918 per
828 868 996 918 seipsum
1017 881 1110 916 esse,
1131 874 1146 896 ⁷
1160 869 1228 906 sed
1248 869 1361 906 etiam

296 922 449 960 ulterius
478 934 633 960 necesse
663 929 733 969 est,
762 923 889 972 ipsum
915 921 1054 968 videri,
1090 921 1229 959 scilicet
1257 934 1361 958 com-

297 975 426 1013 munis
458 976 576 1013 animi
610 976 810 1024 conceptio
843 975 905 1012 vel
940 974 1099 1022 dignitas
1127 972 1170 1022 ⁶,
1195 986 1274 1011 non
1308 981 1363 1011 est

298 1040 423 1078 neque
437 1029 565 1077 petitio
582 1041 707 1078 neque
726 1028 927 1078 suppositio
942 1029 975 1064 *.
1005 1028 1123 1074 Quod
1141 1027 1194 1064 sic
1212 1027 1360 1076 probat.

297 1081 432 1118 Petitio
461 1089 497 1118 et
525 1081 734 1130 suppositio
763 1080 936 1118 exteriori
964 1080 1109 1118 ratione
1143 1079 1362 1117 confirmari

296 1140 472 1183 possunt,
493 1134 619 1171 idest*
639 1134 965 1182 argumentatione
993 1133 1129 1182 aliqua.
1152 1133 1229 1170 Sed
1258 1145 1361 1169 com-

297 1187 424 1224 munis
452 1187 570 1223 animi
599 1187 797 1236 conceptio
826 1199 906 1224 non
926 1194 982 1224 es‘t
1000 1187 1048 1223 ad
1069 1185 1230 1223 exterius
1249 1185 1360 1222 ratio-

296 1251 404 1286 nem,
422 1236 524 1299 ‘quia
551 1251 632 1276 non
657 1247 783 1288 potest
800 1239 953 1289 probari
971 1251 1042 1288 per
1065 1238 1233 1287 aliquam
1253 1250 1360 1286 argu-

295 1292 582 1340 mentationem,
600 1293 668 1330 sed
684 1299 738 1330 est
752 1294 802 1330 ad
821 1297 934 1330 eam‘
937 1321 946 1339 ,
966 1303 1065 1341 quae
1086 1298 1141 1328 est
1159 1291 1198 1328 in
1219 1291 1359 1338 anima,

295 1344 401 1398 quia
403 1345 547 1391 lumine
563 1345 744 1383 naturalis
772 1345 926 1382 rationis
942 1344 956 1371 ζ
983 1344 1109 1382 statim
1127 1344 1170 1381 fit
1189 1352 1291 1381 nota.
1312 1345 1361 1380 Et

257 1406 266 1407 ‘
295 1391 401 1446 quod
419 1410 499 1435 non
519 1398 564 1435 sit
582 1398 632 1435 ad
652 1398 812 1435 exterius
831 1398 1018 1435 rationem
1036 1403 1150 1446 patet,
1171 1397 1259 1446 quia
1279 1409 1358 1434 non

293 1450 338 1487 fit
355 1451 623 1511 syllogismus*
641 1451 691 1489 ad
709 1451 927 1500 probandas
945 1449 1166 1487 huiusmodi
1185 1462 1358 1486 commu-

294 1515 363 1541 nes
382 1503 500 1541 animi
529 1504 809 1553 conceptiones.
839 1504 888 1540 Et
907 1504 1012 1553 quod
1031 1502 1251 1540 huiusmodi
1279 1515 1358 1539 non

295 1697 309 1711 »
329 1691 415 1712 autem
428 1686 559 1720 principiis
574 1686 763 1712 universalibus
777 1687 864 1712 omnia
877 1687 999 1720 principia
1013 1692 1165 1720 sequuntur,
1181 1686 1245 1712 sicut
1260 1694 1290 1711 ex
1303 1685 1361 1719 qui-

294 1730 310 1747 »
329 1722 441 1747 busdam
453 1722 595 1747 rationibus
613 1722 780 1751 seminalibus
791 1731 805 1746 2
821 1723 859 1755 (S.
869 1722 918 1747 Th.
930 1723 981 1755 Qq.
992 1722 1077 1755 dispp.
1089 1722 1130 1747 De
1140 1722 1265 1750 veritate,
1281 1729 1325 1754 qu.
1334 1729 1359 1746 x1

295 1757 338 1784 De
351 1757 497 1791 magistro,
516 1757 586 1782 artic.
605 1757 663 1790 ¹).·-
675 1758 703 1782 ln
717 1765 827 1782 numero
846 1765 903 1791 seq.
918 1759 1025 1790 legitur,
1045 1758 1112 1783 illud
1124 1757 1302 1790 principium,
1323 1762 1360 1786 et,

292 1793 441 1819 communis
459 1793 544 1818 animi
562 1793 697 1824 conceptio
703 1801 713 1823 ;
731 1800 760 1819 ac
779 1793 879 1823 deinde,
898 1800 1047 1818 communes
1066 1793 1151 1818 animi
1168 1792 1358 1824 conceptiones.

349 1827 374 1862 β)
389 1828 484 1854 Nullus
498 1827 567 1853 enim
573 1831 664 1860 potest
675 1827 783 1860 opinari
793 1828 932 1853 contraria
945 1835 1072 1853 eorum.-
1081 1828 1173 1853 Piana:
1189 1828 1276 1852 nullus
1289 1827 1358 1852 enim

288 1866 382 1896 potest
394 1870 447 1896 per
463 1870 492 1888 se
509 1863 616 1895 opinari
639 1863 776 1888 contraria
795 1870 896 1888 eorum.
921 1863 972 1888 Sed
992 1871 1044 1895 per
1061 1870 1090 1888 se
1112 1863 1235 1888 omittunt
1257 1862 1359 1887 codices

294 1906 397 1930 omnes,
417 1906 502 1931 neque
521 1902 560 1923 est
578 1898 767 1929 necessarium3
786 1903 812 1923 et
829 1898 948 1923 existimo
962 1898 1098 1931 irrepsisse
1117 1906 1148 1923 ex
1161 1898 1236 1923 toties
1251 1898 1360 1931 repetito

289 1941 344 1966 per
360 1940 388 1959 se
402 1933 428 1959 in
449 1933 638 1967 praemissis.-
648 1933 733 1965 Etiam
753 1933 900 1959 immediate
918 1939 985 1965 ante,
998 1934 1136 1958 lectionem
1151 1934 1224 1958 codd.
1240 1932 1308 1965 (exc.
1322 1933 1360 1965 N)

295 1968 475 2002 adoptavimus
494 1969 552 1994 loco
570 1969 677 1994 Pianae:
696 1969 768 2001 quod
781 1969 835 1994 sint
852 1976 904 2002 per
917 1976 945 1994 se
959 1970 1160 2002 verm-Supra,
1179 1969 1253 1993 codd.
1267 1968 1359 1993 ACDE

295 2003 500 2035 GHKNQRST:
524 2011 626 2030 necesse
648 2007 688 2029 est
710 2011 742 2029 ea
755 2011 808 2036 per
825 2011 853 2029 se
875 2011 930 2030 esse
950 2011 1014 2029 vera
1020 2011 1029 2034 ,·
1052 2005 1114 2030 LO:
1135 2011 1166 2029 ea
1186 2011 1241 2029 esse
1258 2011 1311 2036 per
1333 2010 1361 2028 se

293 2046 368 2065 vera.

348 2075 375 2108 γ)
394 2074 505 2101 Necesse
523 2078 563 2100 est
581 2082 632 2100 non
647 2075 731 2103 solum
741 2081 794 2107 per
811 2074 925 2107 seipsum
938 2075 1120 2100 essa-Codd.
1133 2074 1358 2099 ACDEGHILMN

295 2109 345 2140 QT
364 2115 390 2135 et
407 2118 432 2142 p.
447 2118 483 2135 m.
503 2111 521 2135 S
539 2110 660 2135 omittunt
679 2117 731 2135 non
750 2110 849 2139 solum5
868 2110 915 2135 sed
933 2109 996 2135 haec
1014 2110 1093 2135 verba
1111 2110 1207 2142 requiri
1226 2110 1359 2135 videntur:

274 2146 277 2149 ’
296 2146 413 2178 sequitur
431 2146 509 2176 enim,
527 2145 575 2171 sed
591 2146 672 2171 etiam
691 2150 738 2170 etc.
744 2153 751 2177 ;
771 2153 839 2178 quae
857 2145 935 2170 verba
954 2145 996 2170 isti
1012 2145 1113 2170 codices
1132 2153 1191 2169 cum
1211 2145 1230 2169 P
1252 2145 1360 2177 aliisque

296 2181 371 2205 codd.
386 2180 608 2206 habent.·-BKR:
624 2180 696 2213 quod
714 2188 765 2205 non
786 2181 870 2205 solum
886 2187 987 2205 necesse
1007 2184 1061 2210 est‚·
1080 2180 1279 2210 ADEGKQST:
1294 2187 1360 2212 pro-

289 2219 356 2248 pter
372 2216 486 2248 seipsum
505 2223 573 2246 esse‚·
590 2217 627 2241 N:
647 2216 732 2248 ipsum
746 2223 798 2248 per
815 2215 929 2248 seipsum
948 2223 1010 2243 esse.

349 2250 375 2285 ὃ)
397 2251 550 2276 Communis
568 2251 652 2276 animi
669 2251 804 2283 conceptio
823 2252 863 2275 uel
882 2251 1010 2284 dignitas.
1019 2251 1140 2276 -Lector
1153 2250 1247 2275 codicis
1260 2251 1281 2274 B
1295 2250 1361 2275 hanc

297 2293 372 2311 suam
386 2291 473 2311 notam
488 2287 657 2319 marginalem
672 2286 791 2319 apponit:
813 2286 948 2320 Dignitas,
964 2286 1093 2316 maxima,
1110 2287 1219 2319 regula,
1240 2286 1360 2310 theoure-

295 2325 371 2347 mma
385 2319 454 2356 (sic),
468 2321 533 2347 haec
547 2322 654 2347 nomina
670 2322 740 2346 idem
749 2321 909 2354 significant,
924 2325 951 2346 et
962 2322 1042 2346 etiam
1055 2321 1221 2347 ebdomades.
1236 2322 1361 2354 Idemque

297 2357 354 2382 cod.
373 2356 539 2390 prosequitur
557 2357 583 2382 in
601 2362 683 2383 totu:
699 2364 750 2381 non
765 2360 805 2382 est
811 2357 916 2389 penno
931 2363 1014 2390 neque
1021 2357 1130 2389 positio,
1145 2363 1229 2388 neque
1241 2356 1362 2388 supposi-

296 2392 377 2417 ἥα-
390 2393 457 2417 Cum
475 2400 527 2426 qua
546 2392 654 2417 lectione
672 2391 753 2416 ferme
776 2392 902 2417 consentit
920 2393 957 2416 A·
977 2399 1029 2417 non
1048 2395 1088 2417 est
1105 2399 1188 2424 neque
1201 2392 1301 2423 positio
1321 2392 1362 2416 vel

290 2427 398 2460 petitio,
413 2434 496 2459 neque
508 2427 668 2460 suppositio;
682 2432 708 2452 et
720 2427 756 2451 G.
776 2434 827 2452 non
838 2430 878 2452 est
891 2434 974 2459 neque
982 2427 1091 2459 positio,
1102 2435 1149 2452 nec
1153 2427 1287 2459 pet1tzo
1268 2427 1359 2451 —KR.

296 2470 349 2488 non
368 2466 408 2488 est
421 2463 532 2495 petitio,
558 2469 640 2494 neque
664 2462 825 2495 suppositio,·
843 2463 882 2487 Μ.
901 2469 953 2488 non
976 2466 1016 2488 est
1039 2466 1128 2487 autem
1145 2462 1257 2495 petitio,
1277 2470 1361 2494 neque

297 2498 451 2530 suppositio.

350 2533 373 2566 ε)
387 2533 442 2558 Sed
459 2537 499 2559 est
512 2533 549 2558 ad
568 2539 627 2558 eam
643 2540 719 2565 quae.
728 2533 791 2557 -P:
811 2532 859 2558 sed
878 2536 917 2558 est
937 2532 975 2557 ad
992 2540 1050 2558 eam
1070 2533 1215 2562 rationem,
1231 2540 1298 2565 quae
1313 2538 1361 2558 etc.

295 2568 379 2594 Codd.
393 2568 515 2593 omittunt
532 2567 671 2593 rationem.
691 2568 790 2593 Revera
807 2568 963 2592 vocabulum
981 2568 1051 2593 istud
1071 2569 1102 2593 de
1119 2568 1195 2599 facili,
1214 2568 1235 2593 si
1258 2569 1360 2593 omitta-

295 2608 344 2634 tur,
364 2603 520 2636 subintelligi
539 2607 625 2636 potest
643 2610 674 2628 ex
687 2603 838 2636 praemissis
852 2603 992 2636 oppositis.
1012 2611 1064 2629 non
1078 2607 1118 2629 est
1130 2604 1168 2628 ad
1181 2604 1302 2628 exterius
1316 2611 1360 2628 ra-

294 2638 403 2664 tionem.
422 2639 456 2663 Et
474 2639 535 2672 quia
552 2638 632 2663 verba
651 2639 693 2663 illa
711 2646 764 2663 non
782 2638 910 2663 habentur
925 2646 1010 2671 neque
1029 2639 1054 2663 in
1073 2643 1142 2664 textu
1160 2646 1252 2671 graeco
1277 2633 1360 2673 (ἀλλὰ

295 2670 359 2715 apoc
378 2670 423 2699 τὸν
443 2671 468 2699 ἐν
487 2676 520 2708 τῇ
538 2670 634 2708 ψυχῇ),
661 2681 747 2706 neque
766 2674 792 2698 in
815 2672 926 2706 praefixa
949 2674 1027 2699 latina
1053 2674 1187 2704 versione,
1214 2681 1244 2698 ea
1262 2681 1360 2706 expun-

295 2709 382 2751 gimus
401 2717 431 2734 ex
448 2709 564 2734 unanimi
589 2709 663 2734 codd.
682 2709 838 2734 auctoritate.
851 2721 871 2729 —-
883 2709 1033 2734 immediate
1051 2717 1141 2741 supra,
1157 2716 1178 2733 s.
1188 2708 1304 2733 Thomas
1324 2709 1360 2733 le-

293 2745 366 2777 gisse
382 2745 484 2769 videtur
502 2752 562 2769 cum
580 2745 699 2769 versione
718 2745 795 2769 latina
809 2744 887 2769 textui
925 2743 1026 2775 raefixa,
1041 2751 1100 2769 cum
1114 2745 1162 2769 ait.
1181 2744 1241 2768 Non
1261 2747 1302 2769 est
1323 2745 1361 2769 ad

293 2780 416 2804 exterius
440 2780 580 2805 rationem.
607 2780 635 2804 ln
652 2787 746 2813 graeco
770 2784 871 2804 autem.
897 2752 938 2805 (ςῦ
957 2777 1005 2813 γὰρ
1025 2776 1089 2812 πρὸς
1113 2775 1159 2804 τὸν
1177 2776 1226 2808 ἔξω
1243 2777 1324 2813 λόγον
1343 2778 1358 2811 ἡ

297 2808 438 2846 ἀπόδειξις
457 2822 564 2848 nempe:
584 2822 637 2840 non
656 2815 725 2840 enim
751 2818 791 2840 est
807 2814 846 2839 ad
863 2814 985 2840 exterius
1003 2815 1134 2840 rationem
1158 2812 1359 2839 demonstratio.

295 2849 425 2880 Attamen,
441 2857 501 2874 cum
515 2858 536 2874 s.
546 2850 663 2875 Thomas
677 2851 754 2875 addat
768 2850 929 2874 immediate.
944 2850 1007 2882 quia
1022 2857 1074 2875 non
1085 2853 1175 2882 potest
1184 2850 1299 2882 probari
1308 2857 1360 2882 per

293 2884 413 2916 aliquam
431 2885 699 2918 argumentationem,
719 2893 771 2910 non
789 2885 884 2909 omittit
901 2885 980 2910 verba
998 2884 1013 2917 ἠ
1029 2879 1155 2914 ἀπόδειξις
1168 2890 1252 2909 textus
1267 2886 1359 2917 graeci.

294 2919 330 2944 Et
346 2920 423 2960 plana
441 2921 547 2952 quidem
558 2921 659 2945 videtur
677 2928 699 2945 s.
709 2921 827 2945 Thomae
841 2920 965 2952 expositio
980 2920 1058 2953 (quae
1071 2925 1112 2945 est
1126 2920 1203 2944 etiam
1221 2920 1247 2944 b.
1261 2920 1359 2944 Alberti

295 2954 394 2986 Magni,
412 2955 439 2979 in
456 2955 466 2979 1
485 2955 599 2986 Foster„
617 2960 690 2980 tract.
704 2963 741 2986 m,
756 2963 811 2988 cap.
824 2962 856 2985 n,
875 2963 934 2987 pag.
950 2954 1015 2986 556,
1035 2956 1084 2980 col.
1101 2955 1140 2987 1).
1160 2956 1272 2987 assignat
1290 2956 1359 2980 enim

295 2989 479 3021 proprietatem
497 2991 674 3015 communium
693 2991 770 3015 animi
795 2990 1006 3022 conceptionum,
1030 2990 1062 3015 de
1081 2998 1192 3022 quarum
1210 2995 1302 3015 natura
1320 2996 1360 3015 est

295 3024 369 3056 quod
387 3032 440 3048 non
458 3025 545 3050 solum
563 3026 615 3050 sint
631 3032 720 3056 verae,
739 3026 806 3050 sicut
825 3030 910 3050 cetera
927 3026 1063 3058 principia,
1082 3026 1129 3050 sed
1147 3033 1255 3050 necesse
1274 3030 1314 3050 est
1331 3030 1360 3050 ut

294 3066 373 3083 verae
392 3067 407 3084 a
424 3059 499 3084 nobis
517 3060 659 3090 videantur,
678 3068 731 3085 non
749 3060 867 3085 exteriori
884 3061 983 3085 ratione
1002 3068 1017 3085 a
1035 3061 1253 3085 demonstratione
1272 3061 1359 3093 petita,

297 3094 344 3119 sed
362 3094 517 3126 immediate,
535 3099 565 3119 ut
583 3095 608 3119 in
626 3099 687 3120 nota
705 3103 720 3127 η
740 3095 963 3120 dicetur.·-Aliter
980 3100 1067 3120 tamen
1082 3096 1185 3128 exponit
1198 3095 1358 3120 Themistius

295 3130 322 3154 in
336 3130 345 3153 1
357 3129 466 3159 Foster„
482 3137 536 3162 cap.
550 3137 609 3160 xxn,
622 3138 680 3163 pag.
699 3129 738 3160 16,
753 3137 832 3162 quem
846 3131 963 3163 sequitur
978 3130 1135 3163 Philoponus
1150 3131 1176 3155 in
1185 3131 1195 3155 1
1205 3130 1358 3159 Posterior„

296 3164 313 3197 ξ
326 3165 386 3189 Non
406 3167 446 3189 est
463 3167 551 3189 autem
569 3165 723 3197 suppositio,
743 3172 800 3198 pag.
819 3172 866 3196 42,
886 3166 935 3190 col.
955 3172 985 3189 2:
1006 3175 1019 3188 ‹
1035 3166 1073 3190 Ac
1090 3166 1227 3198 proloquia
1244 3166 1358 3198 quidem,

297 3210 311 3222 ι
333 3199 418 3232 inquit
433 3199 598 3229 stemistius,
614 3196 777 3232 a'postulatis
792 3205 818 3224 et
831 3199 1032 3225 subiectionibus
1047 3200 1174 3231 differunt,
1189 3201 1260 3233 quod
1274 3208 1359 3232 neque

297 3245 312 3257 2
332 3235 522 3259 constituuntur
539 3242 624 3269 neque
637 3239 758 3268 petuntur
776 3235 895 3259 concedi:
914 3236 975 3268 quia
988 3241 1014 3260 et
1029 3243 1092 3260 vera
1109 3240 1171 3259 sunt
1189 3240 1214 3260 et
1232 3235 1358 3259 videntur.

296 3279 312 3293 a
333 3270 421 3300 Quum
440 3270 498 3294 dico
515 3269 634 3294 videntur
650 3277 720 3300 vera,
739 3278 791 3294 non
809 3270 834 3294 id
856 3270 913 3295 dico
932 3271 1002 3303 quod
1026 3271 1197 3295 concedantur
1219 3277 1273 3294 ore.
1292 3270 1358 3294 Nam

296 3315 311 3328 a»
331 3304 380 3329 hoc
399 3305 505 3337 quidem
523 3305 602 3329 modo
621 3310 711 3337 posset
728 3305 875 3337 contingere
892 3310 922 3329 ut
939 3306 1075 3338 proloquia
1093 3305 1164 3330 nulla
1181 3309 1277 3334 essent,
1296 3312 1358 3329 sane

298 3350 311 3363 ιι
332 3347 414 3372 quum
433 3340 526 3364 saltem
545 3340 668 3365 exteriore
685 3340 766 3364 verbo
784 3340 886 3372 possint
903 3341 998 3372 negari,
1017 3348 1078 3364 nam
1093 3340 1213 3364 interiore
1227 3347 1279 3364 non
1297 3347 1358 3371 pos-

297 3386 311 3399 »
333 3380 435 3400 sunt...
450 3375 641 3399 Demonstratio
665 3379 752 3400 autem
770 3383 822 3399 non
845 3375 877 3399 ad
895 3375 1047 3400 exteriorem
1065 3375 1236 3404 locutionem,
1261 3374 1307 3398 sed
1326 3374 1358 3398 ad

297 3421 311 3433 ιο
332 3411 457 3435 internam
476 3410 726 3442 intellectualemque
744 3410 866 3442 pertinet,
892 3410 1113 3442 quemadmodum
1133 3414 1158 3433 et
1181 3409 1357 3441 syllogismus.

296 3456 311 3468 2>
331 3446 389 3470 Non
408 3453 469 3478 ergo
489 3453 519 3470 ex
537 3452 569 3469 eo
587 3445 658 3477 quod
677 3445 816 3477 quisquam
841 3445 910 3469 foras
935 3445 1099 3476 pronunciat,
1123 3444 1169 3468 sed
1188 3452 1218 3468 ex
1237 3451 1268 3468 eo
1287 3444 1357 3476 quod

297 3491 311 3504 ao
331 3482 484 3505 intrinsecus
503 3480 635 3512 approbat,
654 3479 820 3504 authorantur
838 3480 1010 3511 proloquia.»

348 3516 374 3548 ζ)
394 3515 506 3540 Lumine
520 3515 651 3540 naturalis
670 3514 790 3540 rationis.
799 3515 875 3538 —Ed.
890 3514 923 3538 Ρ.
943 3514 1041 3538 lumine
1060 3513 1179 3538 naturali
1198 3514 1358 3542 intellectus:

296 3558 364 3584 quae
383 3556 423 3575 est
441 3551 508 3575 bona
527 3550 609 3581 lectio,
634 3550 680 3575 sed
699 3558 750 3574 non
769 3549 846 3574 habet
865 3557 912 3582 pro
927 3557 956 3573 se
975 3549 1091 3573 codices:
1110 3548 1136 3573 hi
1151 3549 1219 3573 enim
1239 3549 1301 3578 (exc.
1321 3549 1356 3578 N,

294 3586 341 3619 qui
359 3586 431 3619 ponit
450 3586 595 3611 intellectus
614 3590 639 3610 et
657 3593 717 3610 cum
735 3585 759 3609 R
778 3584 871 3609 omittit
885 3584 1013 3617 naturali)
1029 3585 1117 3617 legunt
1134 3583 1296 3614 unanimiter,
1317 3584 1357 3608 lu-

2402 264 2479 301 213

1419 350 1506 380 sunt
1534 351 1647 381 notae
1666 356 1735 392 per
1754 342 1977 380 exteriorem
1998 342 2194 390 rationem,
2216 344 2284 380 sed
2302 355 2370 392 per
2388 344 2480 381 inte-

1419 395 1570 443 riorem,
1594 397 1731 445 probat
1757 409 1826 445 per
1853 396 1943 442 hoc,
1974 397 2079 444 quod
2108 395 2278 432 exteriori
2306 396 2479 433 rationi*
2503 422 2506 425 -

1418 455 1543 495 potest
1575 449 1701 486 instari
1729 451 1790 486 vel
1817 461 1909 486 vere
1936 449 1999 485 vel
2037 455 2281 497 apparenter:
2311 448 2479 486 interiori

1418 507 1545 537 autem
1565 501 1699 538 rationi
1726 514 1806 539 non
1835 509 1890 538 est
1903 501 2081 550 possibile
2101 513 2253 550 semper
2270 501 2409 538 instari.
2431 503 2480 538 Et

1417 552 1492 588 hoc
1520 553 1618 600 ideo,
1648 554 1736 603 quia
1765 555 1856 591 nihil
1886 561 1940 590 est
1968 555 2065 591 adeo
2084 566 2240 601 verum,
2270 554 2362 603 quin
2381 567 2478 591 voce

1416 605 1535 652 possit
1569 607 1706 654 negari.
1746 608 1849 644 Nam
1883 614 1918 644 et
1953 608 2028 644 hoc
2063 606 2291 656 principium
2331 606 2478 644 notissi-

1417 669 1543 704 mum,
1564 659 1669 706 quod
1688 671 1761 696 non
1782 660 1975 709 contingat
1993 660 2089 696 idem
2107 660 2127 681 ²¹²
2144 671 2222 696 esse
2240 665 2277 696 et
2293 671 2367 697 non
2387 672 2476 706 esse,
2503 672 2515 684 ⁴

1417 710 1572 758 quidam
1609 723 1673 747 ore
1701 721 1944 759 negaverunt.
1985 713 2186 759 Quaedam
2223 719 2351 750 autem
2379 713 2477 750 adeo

1416 774 1508 799 vera
1536 770 1637 810 sunt,
1667 765 1771 811 quod
1800 777 1933 801 eorum
1971 766 2146 814 opposita
2173 765 2361 803 intellectu
2394 766 2478 814 capi

1417 826 1497 852 non
1525 823 1704 863 possunt;
1735 824 1771 852 et
1803 817 1888 854 ideo
1922 818 2086 854 interiori
2114 819 2257 856 ratione
2276 819 2297 840 *
2328 819 2381 856 eis
2409 820 2477 856 ob-

1415 867 1511 904 viari
1538 880 1618 904 non
1635 876 1770 916 potest,
1787 871 1853 906 sed
1872 871 1996 907 solum
2017 871 2198 918 exteriori,
2219 884 2316 920 quae
2337 878 2392 908 est
2409 883 2478 921 per

1415 932 1567 957 vocem.
1597 921 1646 957 Et
1663 921 1882 959 huiusmodi
1898 930 1984 959 sunt
2004 935 2230 961 communes
2249 924 2367 961 animi
2387 937 2476 961 con-

1418 973 1622 1022 ceptiones.

1469 1037 1506 1073 4.
1536 1025 1697 1073 Deinde,
1718 1039 1806 1076 cum
1835 1027 1940 1064 dicit.
1974 1028 2225 1077 Quaecunque
2252 1030 2368 1079 igitur
2392 1036 2473 1077 etc.,

1417 1078 1607 1126 distinguit
1625 1072 1906 1128 suppositiones
1928 1087 1963 1116 et
1980 1080 2211 1129 petitiones⁰
2230 1082 2475 1119 adinvicem.

1417 1131 1625 1168 Sciendum
1657 1139 1786 1169 tamen
1815 1140 1870 1169 est
1897 1134 1932 1179 ²⁴,
1961 1134 2066 1182 quod
2094 1134 2234 1183 aliquid
2271 1147 2477 1172 commune

1415 1184 1582 1232 habent,
1621 1192 1658 1221 et
1690 1185 1729 1222 in
1753 1185 1773 1207 *
1807 1185 1932 1233 aliquo
1968 1186 2154 1223 differunt.
2198 1188 2284 1224 Hoc
2322 1187 2477 1236 quidem

1417 1249 1624 1274 commune
1654 1245 1709 1274 est
1739 1238 1802 1284 eis,
1823 1239 1929 1287 quod
1949 1251 2036 1275 cum
2065 1239 2138 1275 sint
2156 1240 2476 1288 demonstrabilia,

1415 1298 1544 1327 tamen
1570 1291 1849 1328 demonstrator
1867 1291 2001 1340 accipit
2029 1303 2073 1328 ea
2101 1304 2181 1328 non
2200 1293 2476 1340 demonstrans,

1416 1350 1452 1379 et
1478 1344 1701 1392 praecipue,
1731 1344 1820 1394 quia
1848 1356 1928 1381 non
1956 1351 2043 1381 sunt
2075 1345 2383 1382 demonstrabilia
2410 1358 2479 1394 per

1416 1408 1525 1433 suam
1540 1396 1560 1417 ²*
1590 1395 1886 1443 scientiam‚'sed
1912 1409 1981 1445 per
1999 1396 2124 1444 aliam,
2144 1404 2185 1434 ut
2204 1410 2316 1447 supra
2336 1398 2478 1435 dictum

1417 1457 1471 1485 est
1480 1449 1510 1485 *.
1523 1449 1634 1486 Unde
1655 1457 1691 1486 et
1709 1449 1804 1486 inter
1818 1450 2039 1487 immediata
2057 1450 2240 1499 principia
2256 1459 2479 1500 computan-

1414 1509 1484 1549 tur,
1505 1502 1594 1551 quia
1623 1503 1901 1540 demonstrator
1927 1503 2041 1540 utitur
2069 1503 2122 1540 eis
2154 1505 2299 1552 absque
2326 1504 2478 1551 medio,

1414 1685 1518 1711 mine...
1533 1686 1654 1712 rationis.
1674 1686 1737 1711 Cod.
1756 1688 1779 1711 A
1800 1687 1871 1720 legit:
1892 1686 2010 1712 naturali
2015 1694 2025 1716 ,¹
2043 1687 2084 1711 alii
2103 1687 2235 1712 naturalis
2241 1694 2250 1716 ,·
2269 1687 2302 1712 C:
2321 1688 2420 1713 lumine
2434 1696 2478 1713 ra-

1415 1721 1495 1746 tionis
1513 1722 1653 1747 naturalis.

1466 1756 1492 1788 η)
1511 1757 1572 1781 Νοη
1585 1757 1623 1789 fit
1639 1757 1811 1791 syllogismus
1829 1758 1866 1782 ad
1884 1757 2041 1790 probandas
2065 1758 2223 1782 etc.—-Hanc
2242 1758 2317 1783 codd.
2340 1758 2477 1783 lectionem

1413 1791 1581 1824 adoptamus,
1605 1797 1631 1817 et
1653 1793 1824 1825 adoptandam
1848 1801 1919 1823 esse,
1942 1798 2043 1825 praeter
2063 1793 2137 1817 codd.
2161 1793 2350 1823 auctoritatem,
2370 1795 2479 1819 suadent

1413 1827 1572 1859 supradicta:
1591 1828 1723 1852 exteriori
1735 1828 1839 1853 ratione
1857 1828 2012 1860 confirmari
2019 1831 2140 1860 possunt,
2157 1828 2225 1853 idest
2243 1829 2476 1861 argumentatione

1413 1862 1512 1894 aliqua.
1528 1862 1583 1887 Sed
1600 1863 1745 1888 communis
1756 1863 1843 1892 animi
1855 1863 1989 1895 conceptio
2009 1869 2057 1888 etc.
2066 1877 2084 1882 —
2095 1863 2168 1893 Quae
2186 1871 2207 1888 s-
2221 1863 2338 1888 Thomae
2352 1865 2477 1896 expositio

1413 1901 1501 1929 aperte
1514 1897 1607 1922 indicat
1625 1898 1712 1929 verba,
1730 1898 1862 1923 exteriori
1880 1899 1985 1923 ratione
2003 1898 2156 1931 confirmari
2170 1902 2290 1930 possunt,
2310 1899 2414 1931 intelligi
2433 1900 2476 1924 de-

1413 1932 1474 1957 bere
1493 1940 1545 1957 non
1564 1933 1669 1965 quidem
1683 1933 1757 1966 quasi
1776 1941 1823 1966 per
1840 1933 1966 1958 rationem
1980 1934 2144 1964 exteriorem,
2159 1933 2209 1958 hoc
2223 1939 2263 1958 est
2279 1941 2344 1958 voce
2362 1942 2409 1959 seu
2423 1942 2477 1959 ser-

1414 1975 1492 1992 mone
1506 1968 1631 1999 exteriori,
1646 1969 1747 2001 possint
1761 1967 1905 1993 confirmari
1919 1969 2110 2001 suppositiones
2125 1973 2150 1993 et
2158 1969 2309 2000 petitiones,
2323 1977 2376 1994 non
2389 1974 2476 1995 autem

1414 2002 1559 2035 dignitates
1573 2003 1654 2036 (patet
1668 2004 1736 2028 enim
1756 2004 1827 2036 quod
1842 2004 1908 2028 sicut
1920 2011 1981 2029 voce
2000 2009 2085 2036 potest
2098 2004 2189 2036 aliquis
2209 2004 2380 2029 contradicere
2395 2005 2477 2037 digni-

1413 2038 1515 2068 tatibus,
1530 2043 1559 2063 ut
1572 2038 1636 2064 infra
1655 2039 1753 2069 dicitur,
1768 2039 1801 2064 ita
1818 2047 1883 2064 voce
1896 2044 1983 2072 potest
1996 2039 2082 2064 conari
2102 2039 2205 2064 easdem
2220 2039 2397 2072 syllogizando
2416 2048 2477 2072 pro-

1413 2073 1500 2106 bare);
1515 2074 1562 2098 sed
1575 2074 1609 2099 ita
1623 2075 1695 2106 quod
1708 2074 1844 2107 petitiones
1864 2079 1889 2099 et
1907 2074 2100 2107 suppositiones
2117 2075 2218 2107 possint
2235 2074 2332 2099 ratione
2347 2075 2476 2106 exteriori,

1414 2116 1508 2141 nempe
1523 2116 1570 2141 per
1583 2109 1697 2134 medium
1712 2109 1775 2142 ipsis
1790 2109 1911 2134 exterius
1924 2109 2039 2142 probari,
2059 2117 2111 2134 non
2126 2114 2212 2134 autem
2226 2110 2327 2142 possint
2341 2110 2475 2142 dignitates

1414 2144 1516 2176 probari
1531 2145 1759 2176 argumentatione,
1769 2152 1817 2169 seu
1829 2152 1876 2177 per
1888 2145 1984 2177 aliquid
1999 2145 2116 2175 exterius,
2131 2145 2192 2177 quia
2206 2153 2252 2177 per
2266 2145 2359 2178 seipsa,
2373 2145 2422 2170 hoc
2436 2150 2477 2171 est

1414 2187 1444 2203 ex
1462 2179 1578 2204 terminis
1597 2180 1692 2212 quibus
1712 2185 1837 2210 constant,
1858 2188 1910 2204 non
1929 2185 2015 2205 autem
2034 2188 2064 2204 ex
2086 2181 2172 2204 medio
2192 2181 2278 2212 aliquo
2300 2181 2410 2205 termino
2433 2189 2475 2206 as-

1414 2219 1520 2247 sumpto
1534 2219 1560 2239 et
1574 2215 1631 2239 ideo
1646 2215 1860 2246 exterior-nsunt
1873 2215 2007 2240 evidentia.
2022 2215 2080 2245 Qua
2092 2216 2124 2240 de
2138 2223 2222 2245 causa,
2242 2215 2343 2248 probari
2359 2216 2474 2241 exteriori

1413 2250 1520 2281 ratione,
1540 2258 1586 2274 seu
1605 2258 1652 2282 per
1670 2250 1765 2282 aliquid
1785 2250 1902 2280 exterius,
1922 2250 1990 2275 idem
2005 2255 2044 2275 est
2059 2258 2087 2275 ac
2106 2250 2207 2283 probari
2222 2257 2274 2282 per
2288 2251 2410 2280 medium,
2426 2251 2475 2276 hoc

1414 2290 1453 2309 est
1471 2293 1517 2317 per
1532 2286 1728 2318 syllogismum;
1743 2291 1768 2310 et
1782 2293 1812 2310 ex
1830 2286 1960 2318 opposito,
1975 2294 2028 2310 non
2046 2285 2148 2318 probari
2163 2293 2208 2317 per
2227 2286 2349 2316 medium,
2367 2286 2417 2310 hoc
2436 2292 2476 2311 est

1413 2328 1460 2352 per
1478 2320 1667 2353 syllogismum,
1687 2321 1756 2345 idem
1773 2325 1812 2345 est
1834 2328 1862 2345 ac
1885 2328 1937 2345 non
1961 2321 2063 2353 probari
2081 2328 2128 2353 per
2146 2320 2242 2353 aliquid
2261 2321 2385 2351 exterius,
2410 2321 2476 2346 sicut

1414 2355 1538 2387 contingit
1563 2356 1594 2380 de
1613 2356 1795 2380 communibus
1814 2356 1892 2380 animi
1916 2356 2135 2388 conceptionibus.
2154 2356 2221 2380 Hinc
2243 2363 2264 2380 s.
2281 2355 2397 2381 Thomas
2417 2357 2477 2381 dicit

1414 2398 1473 2415 esse
1487 2390 1651 2415 manifestum
1668 2399 1720 2416 non
1734 2398 1793 2416 esse
1807 2391 1839 2415 ad
1853 2391 1963 2416 exterius
1977 2391 2102 2416 rationem
2116 2391 2149 2416 ad
2167 2391 2312 2424 probandas
2327 2390 2476 2416 huiusmodi

1414 2426 1491 2451 animi
1510 2426 1701 2459 conceptiones,
1721 2434 1751 2451 ex
1769 2434 1800 2451 eo
1819 2427 1890 2459 quod
1908 2427 1941 2451 ad
1959 2434 2010 2451 eas·
2022 2426 2168 2459 probandas
2185 2434 2237 2451 non
2251 2425 2279 2451 fit
2298 2426 2475 2458 syllogismus.

1414 2461 1550 2494 Superflue
1564 2462 1639 2493 igitur
1657 2466 1683 2486 et
1700 2461 1807 2486 confuse
1820 2462 1899 2486 Piana
1912 2461 1987 2493 legit:
2006 2469 2058 2487 non
2065 2461 2103 2494 fit
2120 2462 2292 2494 synogismus
2305 2468 2358 2493 per
2375 2462 2476 2494 aliquid

1414 2497 1534 2521 exterius
1547 2497 1749 2529 adprobandus
1763 2497 1872 2522 etc.—B:
1886 2497 2037 2522 huiusmodi
2050 2497 2134 2522 animi
2146 2497 2341 2528 conceptiones;
2354 2497 2413 2522 AG:
2428 2497 2476 2522 hu-

1414 2532 1529 2556 iusmodi
1537 2539 1687 2557 communes
1700 2533 1896 2564 conceptiones,·
1909 2532 1969 2556 DR:
1984 2532 2135 2557 huiusmodi
2148 2539 2298 2557 communes
2307 2531 2392 2557 animi
2403 2539 2476 2557 acce-

1409 2567 1529 2599 ptiones;
1543 2567 1581 2592 K:
1599 2568 1637 2592 ad
1650 2568 1820 2599 probandam
1834 2567 1985 2592 huiusmodi
1996 2567 2080 2592 animi
2090 2567 2285 2599 perceptionem
2303 2574 2475 2593 communem.

1469 2602 1535 2633 Quia
1551 2610 1615 2627 vero
1634 2610 1701 2635 quae
1715 2602 1765 2627 hoc
1778 2603 1836 2627 loco
1851 2603 2011 2627 disseruntur
2025 2610 2040 2627 a
2054 2610 2075 2627 s.
2085 2602 2189 2627 Thoma
2206 2610 2258 2627 non
2272 2603 2335 2627 levis
2350 2603 2475 2627 momenti

1415 2643 1475 2662 sunt
1493 2638 1519 2662 in
1537 2637 1713 2670 philosophia,
1738 2639 1826 2670 paucis
1846 2638 1921 2662 liceat
1939 2645 1969 2662 ea
1987 2638 2068 2670 magis
2088 2638 2226 2662 declarare.
2252 2638 2312 2662 ldeo
2336 2638 2476 2663 instituitur

1415 2673 1608 2704 demonstratio,
1626 2678 1656 2698 ut
1668 2673 1766 2705 passio
1780 2673 1813 2697 de
1830 2673 1945 2698 subiecto
1963 2673 1989 2697 in
2003 2674 2167 2698 conclusione
2185 2672 2325 2697 affirmetur
2341 2673 2383 2697 vel
2397 2681 2475 2705 nege-

1413 2713 1470 2733 tur:
1495 2713 1600 2733 eatenus
1620 2715 1682 2741 ergo
1701 2709 1846 2733 necessaria
1864 2713 1904 2733 est
1923 2709 2115 2739 demonstratio,
2135 2708 2195 2740 quia
2214 2716 2244 2732 ex
2262 2709 2319 2733 sola
2343 2716 2475 2740 compara-

1413 2743 1492 2768 tione*
1497 2743 1632 2775 passionis
1651 2749 1676 2768 et
1693 2743 1803 2768 subiecti
1821 2743 1899 2776 (quae
1918 2748 1978 2768 sunt
1996 2744 2123 2768 elementa
2141 2744 2275 2768 intrinseca
2293 2744 2474 2775 conclusionis)

1414 2786 1505 2803 eorum
1519 2779 1584 2803 inter
1601 2786 1630 2803 se
1642 2779 1818 2803 convenientia
1830 2787 1882 2803 non
1895 2783 2006 2811 apparet.
2023 2779 2089 2803 Hinc
2103 2779 2242 2803 necessitas
2258 2779 2405 2803 assumendi
2423 2784 2474 2803 ter-

1413 2815 1478 2838 tium
1496 2814 1634 2838 terminum
1654 2814 1783 2844 medium,
1803 2814 1856 2846 qui,
1874 2819 1903 2838 ut
1920 2819 1997 2846 patet,
2016 2814 2136 2838 exterior
2155 2819 2195 2838 est
2213 2814 2346 2838 elementis
2371 2814 2474 2838 conclu-

1414 2850 1508 2879 sionis,
1533 2857 1548 2873 a
1572 2857 1624 2881 qua
1646 2857 1692 2882 per
1718 2850 1788 2882 leges
1813 2850 2026 2882 syllogismorum
2049 2849 2196 2873 excluditur.
2222 2849 2247 2873 Si
2273 2849 2298 2873 in
2317 2849 2474 2880 praemissis

1413 2885 1557 2917 syllogismi
1571 2884 1663 2916 passio
1682 2885 1772 2909 dicitur
1790 2891 1836 2916 per
1855 2892 1884 2909 se
1902 2885 1934 2908 de
1950 2885 2035 2908 medio
2050 2889 2075 2908 et
2088 2884 2202 2908 medium
2221 2884 2253 2907 de
2270 2884 2392 2913 subiecto,
2413 2891 2474 2908 con-

1414 2920 1524 2944 cluditur
1543 2920 1695 2951 passionem
1715 2927 1774 2944 esse
1798 2920 1830 2943 de
1852 2920 1950 2944 ratione
1968 2919 2083 2944 subiecti.
2108 2919 2177 2951 Ergo
2196 2919 2267 2950 quod
2285 2919 2416 2943 conclusio
2441 2919 2474 2944 sit

1413 2962 1478 2979 vera
1496 2955 1659 2987 cognoscitur
1678 2955 1793 2979 exteriori
1811 2955 1917 2984 ratione,
1935 2954 1985 2978 hoc
1999 2959 2039 2978 est
2057 2954 2150 2983 medio,
2170 2954 2240 2986 quod
2255 2954 2408 2986 applicatum
2427 2961 2473 2985 per

1412 2990 1631 3014 ratiocinationem
1654 2994 1694 3014 est
1712 2990 1786 3014 nobis
1810 2990 1925 3021 proxima
1943 2997 2020 3014 causa
2038 2989 2177 3013 evidentiae
2196 2994 2222 3013 et
2237 2989 2392 3013 certitudinis
2412 2996 2473 3013 con-

1413 3025 1534 3049 clusionis
1549 3025 1598 3057 (Cf.
1613 3025 1671 3049 lect.
1683 3032 1733 3055 xrv,
1746 3033 1771 3049 n.
1779 3025 1814 3057 7).
1823 3039 1843 3044 -
1852 3024 1954 3054 Contra,
1970 3025 1995 3048 in
2008 3025 2190 3056 principiorum
2202 3024 2344 3056 cognitione
2359 3024 2430 3048 aliter
2444 3031 2473 3049 se

1412 3068 1454 3084 res
1473 3059 1558 3084 habet.
1576 3060 1678 3084 Veritas
1696 3067 1786 3084 eorum
1806 3060 1891 3092 quoad
1910 3065 2024 3084 nostram
2039 3059 2209 3092 cognitionem
2228 3066 2258 3083 ex
2275 3059 2391 3083 terminis
2410 3059 2472 3090 ipsis

1413 3099 1465 3125 est;
1485 3103 1546 3127 ergo
1565 3102 1595 3119 ex
1613 3095 1765 3120 intrinsecis.
1784 3095 1891 3126 Insuper
1909 3095 1976 3122 illico
1995 3099 2020 3119 et
2037 3094 2192 3124 immediate,
2217 3094 2324 3126 cognitis
2343 3094 2472 3124 terminis,

1412 3130 1595 3162 principiorum
1613 3130 1707 3154 veritas
1725 3130 1799 3154 nobis
1814 3135 1884 3154 certo
1898 3130 2044 3160 innotescit3
2063 3137 2125 3161 ergo
2143 3137 2195 3153 non
2212 3129 2410 3158 ratiocinatione,
2425 3130 2472 3153 sed

1413 3165 1470 3189 solo
1494 3165 1592 3189 lumine
1611 3165 1742 3189 naturalis
1762 3165 1890 3194 rationis,
1915 3170 1944 3189 ut
1962 3165 2002 3189 hic
2020 3172 2041 3189 s.
2056 3164 2171 3188 Thomas
2191 3164 2258 3188 dicit.
2277 3164 2472 3195 Consequenter

1412 3207 1490 3224 causa
1509 3200 1624 3231 proxima
1643 3200 1798 3224 certitudinis
1817 3200 1999 3232 principiorum
2017 3207 2068 3223 non
2087 3204 2127 3223 est
2145 3199 2273 3227 medium,
2288 3199 2335 3223 sed
2349 3199 2473 3224 obiective

1412 3239 1452 3258 est
1465 3235 1558 3258 veritas
1577 3234 1758 3266 principiorum
1777 3242 1823 3266 per
1834 3242 1864 3259 se
1876 3239 1975 3266 patens,
1989 3234 2128 3259 subiective
2146 3242 2207 3258 vero
2225 3235 2279 3265 ipsa
2296 3238 2386 3258 natura
2399 3234 2473 3259 intel-

1412 3270 1493 3293 lectus
1512 3269 1624 3301 agentis,
1644 3277 1690 3293 seu
1716 3270 1803 3294 lumen
1821 3270 1926 3294 rationis
1946 3270 2111 3294 intrinsecum
2129 3274 2155 3293 et
2172 3269 2287 3294 naturale
2305 3269 2404 3293 animae
2425 3277 2472 3294 no-

1412 3309 1495 3334 strae,
1520 3305 1592 3328 cuius
1616 3308 1657 3328 est
1678 3304 1794 3328 facultas.
1808 3317 1827 3324 —⁴
1841 3304 1938 3329 Exinde
1960 3304 2068 3329 habetur
2091 3312 2136 3328 cur
2158 3311 2210 3328 non
2233 3304 2316 3336 possit
2334 3304 2471 3328 contradici

1412 3339 1535 3363 interiori
1553 3339 1658 3363 ratione
1675 3339 1764 3370 primis
1778 3339 1916 3371 principiis.
1934 3340 2070 3371 Repugnat
2083 3340 2152 3364 enim
2170 3339 2241 3371 quod
2259 3346 2310 3363 una
2328 3338 2477 3371 eademque.

1412 3378 1516 3404 natura,
1539 3381 1606 3406 quae
1627 3374 1763 3398 veritatem
1787 3374 1968 3406 principiorum
1993 3375 2078 3406 ponit,
2103 3374 2215 3405 seipsam
2237 3378 2328 3406 neget,
2353 3375 2471 3406 negando

1411 3409 1563 3433 eorumdem
1581 3409 1762 3440 principiorum
1779 3409 1912 3433 veritatem
1932 3409 1981 3440 (Cf.
1996 3410 2053 3433 lect.
2067 3416 2091 3438 v,
2106 3413 2158 3433 not.
2173 3417 2196 3438 κ,
2216 3413 2241 3432 et
2259 3409 2337 3433 Caiet.
2357 3409 2382 3432 in
2396 3409 2405 3433 1
2419 3409 2471 3434 Po-

1411 3446 1486 3472 ster.,
1501 3451 1556 3475 cap.
1570 3451 1607 3473 xx,
1622 3443 1638 3475 ξ
1655 3443 1792 3473 Quomodo
1802 3444 1920 3474 passio...
1938 3444 2015 3468 Circa
2033 3444 2151 3468 eamdem
2171 3449 2227 3473 etc.,
2246 3443 2290 3468 fol.
2306 3443 2351 3474 54,
2366 3444 2414 3468 col.
2438 3444 2471 3476 ι).

1464 3476 1488 3510 Θ)
1504 3478 1540 3502 Et
1553 3478 1867 3509 petitionesr—Addimus
1886 3478 1949 3502 haec
1966 3478 2045 3503 verba
2064 3486 2094 3503 ex
2112 3478 2186 3502 codd.
2201 3478 2383 3509 HIKNQRST,
2403 3487 2470 3511 quae

1411 3513 1436 3537 in
1456 3513 1533 3537 Piana
1551 3518 1577 3537 et
1595 3514 1620 3537 in
1638 3514 1694 3537 cod.
1713 3513 1734 3537 E
1754 3514 1859 3543 desunt,
1879 3521 1998 3545 quaeque
2016 3518 2102 3537 tamen
2121 3513 2285 3545 requiruntur
2303 3521 2334 3538 ex
2352 3519 2471 3539 contextu

1411 3553 1436 3572 et
1455 3556 1485 3572 ex
1507 3549 1656 3580 praemissis
1675 3556 1700 3572 n.
1724 3556 1772 3572 1.—
1787 3548 1867 3573 Codd.
1886 3548 2074 3573 ABCDGLMO
2095 3556 2146 3572 non
2165 3551 2192 3573 et
2208 3549 2365 3580 petitiones,
2381 3550 2426 3574 sed
2445 3553 2472 3575 et

1406 3583 1553 3615 positiones
1571 3583 1673 3608 habent.

2506 399 2518 410 ⁸
2529 399 2663 421 Codd.-n:
2679 404 2723 422 rae

2507 426 2577 452 tione,
2584 429 2606 447 et
2613 426 2645 448 ita
2653 426 2720 449 infra.

2537 671 2600 693 Idem
2640 672 2717 694 omitt.

2505 698 2582 725 codd„
2591 704 2641 720 exc.
2647 705 2717 720 uun.

2503 831 2515 841 '⁵
2526 830 2609 855 Codd.,
2619 836 2668 851 exc.
2679 836 2717 851 Ν.-

2503 863 2531 878 P:
2547 857 2571 878 in
2585 856 2704 878 interiori.

2503 1145 2560 1166 Est
2564 1145 2716 1171 omittcodd„

2504 1178 2554 1193 exc.
2569 1177 2640 1193 xuon.

2503 1203 2515 1214 ⁶
2525 1203 2601 1224 Codd.
2615 1215 2632 1219 -
2644 1210 2671 1225 γε
2693 1205 2718 1224 et

2504 1229 2575 1250 etiam
2589 1230 2622 1251 in.

2504 1413 2602 1460 {Codd.
2616 1415 2672 1439 (exc.
2687 1417 2716 1440 nl:

2506 1468 2514 1475 ·
2522 1455 2584 1487 Leci.
2594 1473 2616 1492 v,
2627 1472 2650 1487 n.
2661 1472 2683 1494 7,
2694 1471 2717 1488 et

2506 1498 2562 1519 xvu,
2574 1498 2597 1513 n.
2606 1501 2630 1520 4.
