2788 4204
1164 300 1276 337 CAP.
1308 302 1339 349 1,
1370 301 1520 340 LECT.
1552 304 1601 339 111
2439 307 2481 342 15

1057 480 1357 536 LECTIO
1396 482 1711 540 TERTIA

798 607 882 647 DE
915 607 1186 648 DIVERSA
1219 608 1439 649 vocUM
1473 609 1961 655 SIGNIFICATIONE

280 731 379 763 Ἔστι
403 725 450 771 δ’,
469 730 580 775 ὥσπερ
612 730 646 762 ἐν
672 731 717 772 τῇ
743 729 832 776 ψυχῇ
861 731 923 763 ὁτὲ
952 729 1012 773 μέν
1038 730 1150 785 νόημρι
1185 731 1261 763 ἄνευ
1294 732 1356 764 τοῦ
1382 732 1385 772 Ι
1410 734 1427 753 *
1443 735 1499 765 Est
1522 742 1644 773 autem,
1669 739 1943 776 quemadmodum
1973 739 2005 769 in
2029 740 2134 771 anima
2162 740 2328 782 aliquoties
2344 742 2474 783 quidem
2505 744 2637 773 ·Seq.c.1.

352 773 526 812 ἀληθεόειν
545 773 565 812 ἦ
584 770 778 818 ψεύδεσθαι,
796 775 854 808 ὁτὲ
873 770 910 808 δὲ
930 773 995 813 ἤδη
1017 774 1040 816 ᾧ
1070 775 1201 820 ἀναγκη
1222 775 1355 808 τούτων

351 818 515 864 ὑπάρχειν
541 819 697 864 θάτερον,
725 819 816 852 οὕτω
841 823 897 852 καὶ
925 822 958 854 ἐν
985 821 1030 863 τῇ
1056 823 1163 864 φωνῇ·

284 866 356 909 περὶ
381 865 446 910 γοὶρ
472 863 621 896 σύνθεσιν
651 866 709 896 καὶ
733 860 894 909 διαίρεσίν
919 867 994 900 ἐστι
1020 865 1061 897 τὸ
1086 861 1204 909 ψεῦδος
1229 867 1286 897 καὶ
1313 864 1355 898 τὸ

352 908 485 946 ἀληθές.

282 953 334 986 Tot
350 953 410 998 μὲν
429 952 486 986 οὖν
506 952 664 997 ὀνόματα
682 953 778 986 αὐτοὶ
795 955 855 986 καὶ
873 955 919 987 τοὶ
935 955 1080 1000 ῥήματα.
1099 955 1185 986 ἔοικε
1209 955 1258 995 τῷ
1277 954 1354 986 ἄνευ

349 997 530 1036 συνθέσεως
546 1001 604 1031 καὶ
621 993 814 1043 διαιρέσεως
832 999 997 1041 veristeten,
1018 998 1085 1031 οἷον
1105 1000 1147 1031 τὸ
1167 998 1352 1042 ἄνθρωπος,

350 1041 370 1079 ’ἦ
389 1043 431 1074 τὸ
447 1042 580 1084 λευκόν,
602 1041 685 1075 ὅταν
703 1042 750 1088 μή
769 1033 940 1087 προστεῗὶῇ
961 1056 1008 1077 τι·
1038 1042 1118 1075 οὔτε
1144 1043 1208 1090 γοὶρ
1234 1038 1353 1087 ψεῦδος

349 1087 429 1120 οὔτε
457 1087 576 1125 ἀληθές
603 1099 668 1119 πω.

282 1132 424 1176 Σημεῖον
455 1127 487 1163 δ’
524 1132 596 1164 ἐστὶ
622 1127 738 1164 τοῦδε·
763 1133 822 1163 καὶ
845 1132 910 1188 γοίρ
944 1133 959 1165 ὁ
985 1145 1007 1165 τ
1029 1131 1201 1177 αγέλαφος
1230 1134 1353 1186 σημαί-

348 1187 394 1207 νει
419 1175 479 1220 μέν
513 1188 567 1217 τι,
603 1176 696 1208 οὔπω
728 1171 766 1208 ’δὲ
799 1177 921 1215 ἀληθες
952 1176 973 1214 ἦ
1001 1145 1140 1221 «gemine,
1173 1176 1211 1209 ἂν
1239 1189 1286 1219 μη
1312 1176 1354 1210 τὸ

347 1217 433 1275 sivan
465 1219 486 1258 ἦ
519 1221 561 1253 τὸ
590 1220 637 1265 μή
676 1218 763 1253 εἶναι
793 1221 986 1264 προστεθῇ,
1014 1220 1035 1259 ἦ
1063 1223 1177 1260 οἱπλῶς
1213 1219 1234 1258 ἦ
1258 1222 1354 1253 κατ-α’.

347 1276 479 1311 χρονον.

333 1350 522 1380 SYNOPsts.»-—
530 1359 541 1378 1
548 1358 558 1378 ῑ
559 1350 638 1385 Quia
647 1359 732 1378 voces
743 1350 914 1378 ordinantur
923 1351 960 1378 ad
970 1350 1171 1387 exprimendas
1180 1351 1354 1388 praeceden-

220 1410 232 1411 κ
275 1387 491 1418 ῒεςῒιιῑεῖῐεεωε
501 1390 717 1427 conceptiones,
732 1399 766 1418 ex
779 1390 941 1419 differentia
951 1400 1026 1428 quae
1041 1398 1083 1419 est
1094 1391 1170 1419 circa
1184 1390 1353 1427 conceptio·

279 1438 331 1458 nes
345 1429 504 1459 intellectus
525 1430 686 1467 assignatur
700 1430 861 1459 differentia
876 1440 951 1468 quae
972 1437 1015 1459 est
1036 1431 1111 1460 circa
1130 1431 1353 1468 significationes

278 1479 414 1498 vocum.-
426 1478 454 1498 2.
473 1471 550 1509 Ergo
565 1470 638 1498 sicut
653 1470 682 1498 in
697 1471 937 1507 conceptionibus
952 1471 1120 1506 intellectus,
1135 1471 1174 1499 ita
1189 1471 1218 1498 in
1232 1471 1352 1499 vocibus

279 1517 328 1538 eas
356 1509 581 1547 significantibus
609 1510 761 1547 aliquoties
787 1517 829 1539 est
851 1511 955 1540 veritas
983 1512 1028 1540 vel
1052 1511 1173 1546 falsitas,
1198 1511 1352 1547 aliquoties

278 1558 372 1578 non.-
387 1550 461 1578 3.1n
482 1551 544 1579 sola
566 1551 693 1578 secunda
715 1551 818 1579 mentis
843 1551 1021 1588 operatione,
1044 1560 1118 1588 quae
1140 1558 1182 1579 est
1203 1550 1350 1586 iudicium,

278 1589 422 1618 invenitur
435 1590 539 1619 veritas
553 1590 598 1618 vel
616 1590 755 1619 falsitas.—
768 1601 796 1626 4.
812 1591 973 1620 Resolvitur
990 1591 1116 1628 primum
1138 1591 1268 1619 dubium.
1278 1606 1300 1613 —
1309 1593 1351 1619 Ea

278 1639 354 1668 quae
375 1637 442 1659 sunt
469 1630 545 1659 circa
572 1630 747 1659 intellectum
776 1632 926 1668 dupliciter
954 1631 1130 1660 considerari
1156 1638 1184 1659 et
1205 1631 1352 1659 nominari

278 1677 410 1707 possunt,
425 1671 583 1699 secundum
605 1680 636 1698 se
658 1677 686 1698 et
699 1672 857 1699 secundum
874 1672 1002 1700 rationes
1017 1681 1128 1705 rerum,
1144 1680 1268 1708 quarum
1283 1677 1350 1699 sunt

278 1709 385 1738 ideales
399 1710 609 1738 similitudines.
623 1725 645 1732 —
658 1711 690 1738 ln
705 1720 735 1739 se
757 1711 947 1746 considerata,
966 1718 1172 1748 comparantur
1192 1711 1267 1739 inter
1287 1720 1318 1739 se
1333 1720 1350 1739 a

278 1756 376 1779 mente
396 1757 505 1786 nostra,
521 1757 549 1778 et
566 1759 681 1787 semper
701 1752 925 1788 quodammodo
940 1758 1173 1788 componuntur;
1195 1751 1225 1779 in
1246 1751 1348 1779 ordine

277 1790 316 1818 ad
336 1798 382 1819 res
402 1797 452 1818 aut
469 1797 687 1827 componuntur
701 1791 808 1819 iudicio
830 1789 1004 1820 affirmativo
1030 1797 1079 1819 aut
1094 1791 1260 1819 dividuntur
1274 1790 1347 1818 iudi-

277 1829 323 1858 cio
344 1830 511 1867 negativo.-
526 1831 551 1858 5.
567 1830 698 1859 Alterum
714 1831 834 1859 dubium
849 1830 1031 1868 proponitur.
1051 1832 1088 1858 Et
1102 1830 1198 1867 primo
1219 1830 1348 1867 arguitur

277 1877 312 1898 ex
332 1870 450 1899 veritate
471 1871 517 1899 rei
521 1880 531 1904 ,·
545 1871 674 1899 secundo
696 1880 729 1899 ex
750 1871 868 1899 veritate
889 1880 1006 1905 sensus;
1022 1870 1108 1899 tertio
1122 1880 1156 1898 ex
1170 1870 1288 1899 veritate
1303 1871 1346 1898 in-

277 1910 410 1938 tellectus
426 1910 526 1939 divini.
536 1925 558 1932 -
568 1910 595 1938 6.
611 1911 824 1939 Praenotamen
844 1911 981 1947 primum.
1002 1910 1115 1939 Veritas
1136 1911 1166 1938 in
1187 1910 1286 1947 aliquo
1303 1910 1346 1938 in-

276 1949 389 1979 venitur
398 1949 562 1987 dupliciter:
578 1959 639 1978 uno
654 1951 745 1979 modo
761 1950 834 1979 sicut
848 1951 877 1979 in
893 1960 928 1979 eo
940 1951 1020 1988 quod
1035 1957 1077 1979 est
1087 1960 1196 1985 verum,
1208 1960 1259 1978 seu
1274 1950 1346 1978 sicut

276 1988 307 2017 in
327 1989 456 2018 subiecto
478 1999 561 2025 vero;
583 1989 642 2018 alio
657 1991 747 2019 modo
763 1990 835 2019 sicut
855 1990 884 2018 in
902 1991 1014 2019 dicente
1028 1990 1073 2018 vel
1089 1997 1283 2028 cognoscente
1297 2000 1345 2018 ve-

275 2038 349 2058 rum.
371 2031 438 2058 Hoc
458 2031 587 2058 secundo
609 2038 696 2058 sensu
716 2030 852 2059 asseritur
872 2040 973 2059 verum
994 2040 1056 2058 non
1078 2030 1176 2058 haberi
1198 2039 1215 2058 a
1234 2040 1344 2067 cogno-

275 2075 373 2098 scente
393 2070 448 2098 nisi
470 2079 522 2106 per
542 2070 680 2100 iudicium
704 2071 758 2106 (Cf.
775 2071 837 2098 lect.
853 2079 903 2106 vn,
925 2071 991 2106 3).-
1005 2080 1031 2107 7.
1048 2072 1260 2098 Praenotamen
1275 2071 1344 2098 alte-

274 2118 349 2137 rum.
358 2111 467 2138 Verum
478 2110 581 2138 dicitur
591 2112 628 2139 de
642 2120 672 2139 re
684 2120 868 2148 quacumque
878 2120 929 2147 per
939 2117 1101 2147 respectum
1112 2111 1149 2138 ad
1158 2110 1343 2146 intellectum,

274 2149 319 2177 vel
333 2156 364 2178 ut
379 2150 415 2178 de
429 2158 581 2185 mensura,
601 2151 646 2179 vel
660 2157 692 2179 ut
705 2152 742 2179 de
757 2156 932 2179 mensurato.
949 2151 1048 2188 Primo
1063 2151 1154 2178 modo
1168 2159 1214 2178 res
1228 2157 1344 2178 natura-

452 2244 461 2249 ’·
539 2241 716 2283 ostquam
732 2234 988 2283 Philosophus
1003 2233 1154 2271 tradidit
1169 2233 1343 2271 ordinem

394 2292 425 2338 ’ὲ
494 2288 524 2317 ἵὲι
539 2287 821 2335 significationis
849 2299 1005 2335 vocum,
1026 2287 1088 2323 hic
1116 2287 1190 2335 agit
1218 2287 1266 2324 de
1291 2287 1344 2324 di-

337 2366 366 2381 ,,
424 2386 426 2389 r
484 2342 522 2388 *j
538 2353 651 2378 versa
681 2353 825 2378 vocum
857 2340 1148 2389 significatione:
1180 2353 1342 2389 quarum

339 2407 366 2421 ,:
393 2381 474 2435 17⁹&
483 2384 520 2421 Τ
540 2394 731 2443 quaedam
766 2394 978 2442 significant
1010 2406 1149 2431 verum
1183 2394 1245 2430 vel
1279 2395 1343 2430 fal-

22 2457 248 2506 jggssg‘dfflm‘·
273 2459 372 2495 sum,
384 2446 702 2496 quaedam*non.
714 2448 763 2484 Et
782 2447 880 2484 circa
898 2448 973 2484 hoc
993 2447 1070 2484 duo
1088 2447 1188 2484 facit:
1203 2447 1342 2495 primo,

136 2498 142 2505 ’
271 2500 477 2551 praemittit
505 2500 778 2547 differentiam;
800 2501 983 2548 secundo,
1005 2501 1218 2538 manifestat
1243 2513 1341 2548 eam;

272 2554 336 2592 ibi:
358 2554 470 2591 Circa
489 2554 794 2603 compositionem
810 2554 909 2590 enim
931 2561 999 2591 etc.
1018 2554 1119 2601 Quia
1137 2567 1231 2592 vero
1253 2567 1342 2592 con-

33 2618 86 2641 ·es.
98 2618 243 2648 impr-ec„
273 2607 467 2657 ceptiones
482 2607 690 2644 intellectus
704 2607 976 2656 praeambulae
994 2607 1110 2644 *sunt
1129 2608 1262 2645 ordine
1277 2620 1342 2644 na-

32 2650 88 2673 ⁰'⁹'
272 2669 379 2701 turae
398 2661 572 2708 vocibus,
588 2673 686 2710 quae
702 2660 751 2698 ad
771 2673 834 2697 eas
858 2660 1124 2708 exprimendas
1142 2662 1341 2710 proferun-

130 2725 148 2742 α
271 2723 332 2753 tur
341 2721 370 2763 ⁸,
382 2713 470 2751 ideo
486 2727 532 2751 ex
549 2714 792 2751 similitudine
803 2714 1049 2761 differentiae,
1059 2727 1157 2763 quae
1174 2722 1230 2752 est
1244 2715 1342 2752 circa

271 2769 523 2816 intellectum,
550 2767 713 2815 assignat
741 2766 1006 2814 differentiam,
1033 2779 1131 2816 quae
1161 2776 1217 2805 est
1245 2768 1342 2806 circa

273 2821 565 2870 significationes
591 2833 755 2858 vocum:
775 2829 834 2857 ut·
844 2819 984 2857 scilicet
1011 2821 1107 2857 haec
1126 2821 1340 2858 manifesta-

273 2875 324 2912 tio
353 2886 433 2912 non
459 2875 587 2912 'solum
615 2874 661 2911 sit
686 2886 732 2910 ex
760 2874 889 2922 simili,
911 2873 979 2911 sed
1012 2873 1126 2911 etiam
1152 2887 1198 2911 ex
1227 2887 1341 2913 causa

274 2939 390 2977 quarn
418 2927 611 2965 imitantur
639 2927 808 2965 effectus.

329 2992 364 3018 2.
395 2981 465 3018 Est
510 2993 599 3029 ergo
642 2979 963 3018 considerandum
998 2979 1104 3029 quod
1122 3009 1131 3027 ,
1166 2980 1262 3018 sicut
1302 2982 1340 3019 in

32 3047 116 3068 -ιεοι,
127 3052 143 3074 ι,
159 3052 183 3068 ιι.
199 3052 217 3068 ι.
273 3032 458 3083 principio
489 3033 632 3071 dictum
661 3041 717 3070 est
734 3035 764 3080 *,
795 3033 934 3081 duplex
954 3041 1011 3070 est
1034 3034 1204 3082 operatio
1234 3035 1339 3072 intel-

33 3100 246 3128 ·up.v1‚n.1.-
273 3088 412 3133 lectus,
441 3088 484 3124 ut
509 3087 666 3124 traditur
693 3086 732 3123 in
751 3087 801 3123 III
821 3087 882 3123 De
908 3087 1090 3131 anima‘;
1109 3086 1148 3123 in
1177 3100 1339 3136 quarum

31 3126 244 3176 sssst'f'ffm'n‘
273 3153 351 3177 una
370 3152 449 3176 non
477 3140 668 3177 invenitur
693 3151 832 3176 verum
853 3146 889 3176 et
907 3140 1056 3186 falsum,
1077 3139 1116 3176 in
1140 3142 1256 3178 altera
1275 3155 1340 3178 au-

273 3201 352 3231 tem
388 3193 589 3231 invenitur.
624 3193 673 3231 Et
704 3193 779 3230 hoc
817 3201 872 3231 est
906 3193 1011 3242 quod
1046 3193 1134 3230 dicit
1166 3195 1271 3244 quod
1303 3195 1341 3231 in

274 3247 402 3284 anima
422 3246 620 3296 aliquoties
640 3253 696 3283 est
722 3245 931 3284 intellectus
950 3245 1031 3284 sine
1049 3259 1144 3284 vero
1174 3255 1211 3284 et
1234 3248 1340 3296 falso,

274 3300 472 3349 aliquoties
492 3307 620 3338 autem
642 3313 687 3337 ex
714 3300 935 3338 necessitate
954 3300 1070 3338 habet
1093 3302 1254 3338 alterum
1274 3302 1342 3338 ho-

34 3365 121 3386 um:
136 3364 244 3388 snorum.
274 3366 360 3391 rum
384 3355 415 3391 ³¹².
437 3355 486 3391 Et
514 3353 602 3403 quia
629 3366 746 3390 voces
766 3353 1036 3401 significativae
1056 3354 1267 3391 formantur
1295 3355 1344 3391 ad

326 3467 354 3502 α)
372 3468 446 3499 Quae
460 3467 497 3492 ad
515 3474 560 3493 eas
578 3467 769 3500 exprimendas
782 3467 968 3500 proferuntur.
978 3466 1045 3492 -A:
1064 3475 1123 3492 cum
1143 3468 1180 3492 dd
1193 3475 1238 3493 eas
1251 3468 1344 3500 expri-

273 3504 383 3529 mendas
396 3503 582 3537 proferantur.
591 3517 610 3522 —
619 3502 698 3527 BCE:
714 3503 776 3535 quia
796 3503 833 3527 ad
846 3510 892 3527 eas
910 3507 978 3527 etc.-
987 3503 1025 3527 D:
1044 3506 1070 3528 et
1083 3503 1121 3527 ad
1133 3510 1179 3528 eas
1193 3503 1342 3528 ete—Reti-

273 3546 366 3564 nemus
386 3539 524 3564 lectionem
544 3539 718 3563 Pianam.—B
736 3538 831 3562 omittit
844 3538 1031 3571 proferuntur.

327 3573 353 3608 β)
378 3574 481 3600 Veritas
500 3578 527 3599 et
539 3574 650 3608 salsitas
669 3577 709 3599 est
726 3578 774 3598 etc.
794 3574 829 3598 Ita
844 3573 927 3603 codd.‚
942 3578 968 3597 et
985 3578 1025 3598 est
1044 3573 1119 3598 lectio
1137 3573 1229 3598 melior
1248 3574 1339 3600 Pinna:

273 3611 373 3636 neritus
386 3613 413 3635 et
420 3611 531 3644 salsitas
545 3609 666 3636 consistit
679 3613 727 3634 etc.
741 3609 776 3633 At
792 3609 848 3633 cod.
858 3609 881 3633 D
896 3616 1003 3633 erronee
1021 3608 1112 3634 habet:
1131 3609 1229 3634 veritas
1247 3613 1274 3634 et
1281 3610 1339 3644 sal-

272 3646 339 3671 sitas
356 3649 396 3671 est
413 3650 516 3671 contra.

1477 779 1653 810 intellectus
1673 781 1738 811 sine
1757 792 1831 812 vero
1851 783 1901 812 vel
1916 783 2005 821 falso,
2029 784 2195 825 aliquoties
2214 792 2320 816 autem
2341 786 2391 817 cui
2411 787 2475 817 iam

1477 833 1604 854 necesse
1628 831 1674 854 est
1696 825 1813 855 horum
1842 826 1975 857 alterum
2004 828 2118 867 inesse;
2144 830 2187 859 sic
2211 830 2305 860 etiam
2328 831 2361 861 in
2384 839 2473 862 voce:

1410 867 1492 898 circa
1516 868 1784 908 compositionem
1808 870 1892 900 enim
1916 878 1946 902 et
1970 872 2156 903 divisionem
2181 881 2227 905 est
2249 875 2360 906 veritas
2391 875 2474 906 falsi-

1476 919 1597 953 tasque.

1409 957 1550 987 Nomina
1568 957 1663 997 igitur
1685 957 1753 997 ipsa
1775 965 1805 988 et
1823 959 1916 989 verba
1940 959 2114 991 consimilia
2133 969 2206 992 sunt
2228 963 2294 993 sine
2313 963 2474 1004 composi-

1477 1001 1563 1032 tione
1583 1001 1634 1031 vel
1653 1002 1806 1033 divisione
1825 1003 2010 1041 intellectui;
2031 1011 2066 1034 ut
2080 1013 2141 1044 est,
2163 1007 2262 1037 homo
2284 1008 2334 1038 vel
2353 1008 2472 1046 album,

1476 1046 1605 1086 quando
1626 1056 1691 1076 non
1712 1047 1835 1078 additur
1854 1047 1987 1088 aliquid:
2009 1058 2111 1090 neque
2126 1051 2211 1081 enim
2235 1051 2337 1082 adhuc
2363 1063 2475 1083 verum

1477 1096 1531 1120 aut
1554 1090 1670 1120 falsum
1693 1098 1749 1131 est.

1409 1134 1543 1174 Signum
1567 1141 1674 1165 autem
1689 1135 1784 1166 huius
1809 1143 1868 1173 est,
1887 1135 2002 1166 etenim
2018 1137 2216 1169 hircocervus
2236 1140 2388 1179 significat
2403 1141 2475 1181 qui-

1476 1179 1549 1209 dem
1573 1179 1709 1219 aliquid,
1727 1181 1782 1210 sed
1805 1181 1893 1220 quod
1917 1181 2062 1212 nondum
2085 1193 2196 1213 verum
2219 1185 2268 1214 vel
2292 1184 2406 1215 falsum
2423 1185 2472 1223 sit,

1475 1223 1499 1253 si
1524 1234 1590 1254 non
1615 1222 1686 1266 (τό)
1712 1234 1778 1255 esse
1797 1225 1847 1255 vel
1873 1223 1944 1268 (τό)
1962 1236 2027 1256 non
2043 1237 2108 1257 esse
2128 1228 2270 1266 addatur,
2285 1229 2335 1258 vel
2354 1229 2472 1269 simpli-

1475 1268 1550 1298 citer
1573 1269 1623 1299 vel
1646 1270 1823 1300 secundum
1847 1277 1983 1310 tempus

1409 1351 1449 1379 les
1464 1351 1599 1379 dicuntur
1612 1361 1695 1380 verae
1710 1351 1739 1380 in
1754 1352 1856 1380 ordine
1877 1353 1914 1380 ad
1928 1353 2103 1382 intellectum
2124 1361 2260 1390 creatum,
2276 1356 2356 1384 cuius
2370 1356 2472 1385 veritas

1408 1392 1552 1427 dependet
1573 1401 1590 1419 a
1610 1392 1728 1420 veritate
1747 1392 1940 1421 rei-Altero
1962 1394 2052 1422 modo
2074 1394 2103 1421 in
2118 1394 2219 1422 ordine
2240 1396 2276 1423 ad
2298 1395 2472 1424 intellectum

1408 1431 1537 1459 divinum
1552 1440 1570 1459 a
1584 1441 1643 1468 quo
1659 1433 1802 1468 dependet
1816 1432 1889 1460 sicut
1903 1442 1921 1460 a
1935 1442 2022 1461 causa
2035 1434 2138 1462 veritas
2153 1443 2286 1462 rerum.-
2301 1436 2327 1463 8.
2343 1437 2472 1472 Respon—

1407 1472 1491 1499 detur
1504 1471 1614 1507 primae
1630 1471 1796 1499 obiectioni.
1819 1473 1971 1507 Quaelibet
1990 1482 2034 1501 res
2056 1483 2123 1501 vera
2144 1480 2186 1502 est
2206 1475 2370 1503 secundum
2391 1476 2472 1512 quod

1406 1520 1458 1547 per
1472 1511 1620 1547 propriam
1635 1511 1758 1539 formam
1774 1511 1901 1540 imitatur
1911 1519 2001 1540 artem
2017 1513 2104 1541 divini
2120 1513 2286 1542 intellectus.
2302 1515 2359 1542 Seu
2369 1515 2472 1543 veritas

1406 1557 1449 1579 est
1469 1551 1499 1578 in
1520 1560 1551 1579 re
1566 1551 1638 1579 sicut
1652 1551 1681 1579 in
1696 1551 1825 1580 subiecto
1840 1561 1909 1580 vero
1925 1553 1978 1588 (Cf.
1992 1563 2020 1581 n.
2033 1554 2128 1590 6).-9.
2145 1554 2270 1582 Solvitur
2289 1554 2377 1582 altera
2391 1554 2472 1583 obie-

1406 1591 1472 1619 ctio.
1487 1592 1519 1618 In
1534 1600 1620 1619 sensu
1635 1598 1662 1619 et
1676 1591 1706 1619 in
1720 1591 1841 1628 simplici
1857 1592 1961 1620 mentis
1975 1593 2206 1629 apprehensione
2220 1600 2262 1622 est
2273 1594 2383 1630 veritas,
2399 1594 2472 1623 sicut

1406 1631 1434 1659 in
1450 1640 1485 1659 eo
1501 1631 1580 1667 quod
1595 1637 1637 1658 est
1651 1640 1750 1659 verum
1766 1633 1807 1666 (ut
1818 1632 1846 1659 in
1857 1632 1952 1668 primo
1963 1633 2203 1669 praenotamine),
2220 1643 2280 1661 non
2291 1640 2387 1662 autern
2398 1634 2471 1663 sicut

1405 1671 1434 1698 in
1449 1677 1642 1707 cognoscente
1656 1670 1818 1706 veritatem,
1841 1673 1921 1708 quod
1936 1679 1978 1700 est
1993 1682 2167 1709 cognoscere
2185 1673 2383 1702 habitudinem
2398 1684 2468 1703 con-

1403 1710 1556 1739 formitatis
1577 1711 1779 1747 cognoscentis
1794 1712 1830 1739 ad
1845 1721 1906 1739 rem
1921 1713 2076 1749 cognitam,
2091 1722 2142 1741 seu
2164 1713 2258 1741 dicere
2279 1723 2340 1742 rem
2355 1714 2394 1742 ita
2408 1723 2470 1742 esse

1403 1750 1433 1778 in
1455 1750 1549 1787 seipsa
1569 1751 1612 1778 vel
1634 1759 1695 1779 non
1717 1760 1792 1785 esse;
1814 1752 1894 1788 quod
1916 1752 1976 1780 sine
1998 1752 2104 1780 iudicio
2120 1762 2182 1781 esse
2199 1753 2307 1790 nequit,
2330 1760 2357 1782 et
2371 1754 2468 1782 sensui

1403 1796 1490 1827 atque
1505 1790 1626 1826 simplici
1641 1790 1863 1827 apprehensioni
1879 1800 1939 1819 non
1954 1792 2126 1820 convenit.—
2139 1802 2182 1821 io.
2198 1794 2399 1829 Respondetur
2413 1800 2468 1822 ter-

1402 1830 1458 1858 tiae
1482 1830 1656 1865 obiectioni,
1673 1832 1860 1859 concedendo
1876 1832 1956 1867 quod
1980 1832 2010 1859 in
2027 1832 2171 1860 intellectu
2195 1833 2292 1861 divino
2314 1833 2350 1861 sit
2364 1833 2467 1862 veritas

1402 1871 1513 1906 absque
1534 1870 1748 1906 compositione
1762 1872 1806 1899 vel
1821 1871 1975 1905 divisione;
1993 1873 2044 1900 sed
2065 1872 2111 1900 hic
2127 1879 2170 1900 est
2184 1882 2279 1901 sermo
2295 1874 2331 1901 de
2346 1874 2409 1901 solo
2425 1874 2468 1901 in-

1402 1910 1515 1938 tellectu
1530 1911 1691 1938 humano·
1705 1920 1748 1939 11.
1765 1911 1966 1939 Corollarium.
1986 1913 2062 1949 Ergo
2079 1913 2194 1940 nomina
2209 1920 2236 1941 et
2251 1914 2340 1941 verba
2355 1913 2467 1941 divisim

1401 1956 1519 1986 accepta
1540 1960 1600 1978 non
1622 1950 1782 1987 significant
1796 1950 1944 1979 veritatem
1962 1958 2011 1979 aut
2032 1952 2182 1980 falsitatem
2204 1953 2378 1987 intellectus,
2399 1953 2466 1989 quia

1401 1999 1462 2018 non
1484 1990 1646 2026 exprimunt
1668 1990 1805 2019 iudicium
1821 1991 1875 2026 (Cf.
1891 1992 1953 2019 lect.
1968 2000 1996 2026 v,
2016 2001 2066 2020 nn.
2089 1993 2219 2028 17-18).-
2239 2000 2282 2020 12.
2302 1993 2469 2021 Excluditur

1400 2029 1535 2058 instantia
1550 2031 1585 2057 de
1600 2030 1838 2066 responsionibus
1859 2032 1896 2059 ad
1917 2031 2163 2068 interrogationes,
2181 2033 2276 2069 deque
2297 2033 2385 2060 verbo
2407 2032 2466 2069 pri-

1401 2079 1464 2097 mae
1479 2076 1507 2097 et
1526 2071 1669 2098 secundae
1684 2079 1834 2106 personae,
1846 2077 1873 2098 et
1888 2078 2021 2107 exceptae
2036 2071 2166 2100 actionis.
2187 2073 2219 2100 In
2234 2072 2277 2100 his
2293 2072 2369 2100 enim
2386 2082 2466 2100 com-

1399 2109 1506 2145 positio
1521 2116 1564 2137 est
1579 2109 1747 2146 implicita.—
1762 2111 1804 2138 13.
1821 2111 2013 2139 Corollarium
2029 2112 2216 2140 confirmatur
2230 2113 2355 2140 adducto
2371 2121 2466 2140 exem-

1399 2150 1447 2185 plo
1463 2151 1499 2177 de
1514 2149 1681 2178 nominibus
1697 2151 1874 2187 compositis,
1891 2160 2021 2179 seorsum
2037 2161 2054 2179 a
2068 2153 2156 2180 verbo
2171 2151 2303 2188 acceptis.

1399 2234 1665 2283 exprimendas
1686 2234 1953 2283 conceptiones
1973 2234 2193 2283 intellectus,
2214 2235 2301 2272 ideo
2322 2235 2371 2272 ad
2390 2236 2465 2272 hoc

1398 2288 1503 2337 quod
1540 2287 1690 2336 signum
1719 2288 1978 2324 conformetur
2019 2288 2184 2336 signatO,
2219 2301 2375 2325 necesse
2410 2297 2467 2327 est

1398 2341 1503 2390 quod
1519 2341 1632 2377 etiam
1646 2353 1790 2377 vocum
1811 2341 2145 2388 significativarum
2161 2342 2329 2379 similiter
2350 2354 2464 2390 quae-

1399 2395 1488 2432 dam
1517 2394 1728 2442 significent
1755 2394 1835 2431 sine
1863 2407 1957 2431 vero
1988 2402 2024 2432 et
2052 2395 2158 2444 falso,
2179 2395 2370 2444 quaedam
2399 2408 2464 2433 au-

1397 2455 1475 2485 tem
1495 2449 1515 2469 ’¹‘
1536 2460 1623 2484 cum
1652 2459 1746 2484 vero
1777 2455 1813 2484 et
1841 2448 1946 2485 falso.
2158 2486 2164 2493 ,

1480 2503 1514 2539 3.
1535 2500 1684 2538 Deinde
1701 2513 1789 2537 cum
1810 2500 1908 2537 dicit:
1930 2501 2041 2538 Circa
2061 2502 2364 2550 compositionem
2381 2510 2462 2550 etc„

1397 2555 1611 2592 manifestat
1629 2554 1735 2603 quod
1755 2554 1908 2591 dixerat.
1929 2555 1979 2590 Et
1996 2555 2135 2603 primo,
2152 2563 2336 2604 quantum
2358 2556 2406 2593 ad
2426 2556 2466 2593 id

1397 2608 1503 2657 quod
1532 2607 1674 2644 dixerat
1703 2607 1750 2644 de
1779 2607 1985 2653 intellectu;
2007 2608 2189 2655 secundo,
2211 2617 2395 2657 quantum
2415 2610 2465 2647 ad

1396 2662 1436 2699 id
1471 2661 1575 2711 quod
1610 2660 1753 2697 dixerat
1782 2660 1829 2697 de
1858 2660 2126 2698 assimilatione
2155 2674 2299 2698 vocum
2333 2663 2382 2700 ad
2410 2663 2463 2700 in-

1396 2715 1605 2759 tellectum;
1631 2713 1703 2750 ibi:
1732 2714 1903 2751 Nomina
1932 2715 2048 2764 igitur
2081 2715 2160 2762 ipsa
2187 2721 2223 2751 et
2247 2716 2363 2752 verba
2392 2724 2462 2754 ete.

1396 2768 1459 2805 Ad
1488 2767 1769 2805 ostendendum
1789 2767 1898 2814 igitur
1926 2768 2031 2816 quod
2054 2767 2262 2804 intellectus
2292 2769 2462 2817 quando-

1397 2834 1472 2870 que
1498 2828 1554 2858 est
1581 2820 1662 2857 sine
1680 2833 1775 2857 vero
1797 2829 1832 2858 et
1851 2821 1957 2868 falso,
1978 2821 2211 2870 quandoque
2230 2829 2357 2858 autem
2374 2835 2462 2859 cum

1397 2876 1513 2912 altero
1543 2875 1704 2921 horum,
1745 2873 1832 2911 dicit
1858 2874 1983 2923 primo
2033 2875 2137 2923 quod
2165 2874 2302 2911 veritas
2333 2883 2368 2912 et
2396 2876 2461 2912 fal-

1397 2928 1484 2965 sitas
1505 2935 1561 2964 est
1582 2925 1600 2956 β
1628 2927 1726 2963 circa
1751 2928 2054 2976 compositionem
2075 2935 2111 2964 et
2133 2928 2362 2965 divisionem.
2387 2928 2462 2965 Ubi
2589 2933 2604 2966 β

1397 2989 1547 3030 oportet
1565 2980 1770 3028 intelligere
1792 2980 1896 3030 quod
1916 2993 1993 3017 una
2013 2980 2174 3018 duarum
2196 2981 2461 3029 operationum

1395 3035 1603 3072 intellectus
1630 3041 1686 3070 est
1709 3033 1993 3071 indivisibilium
2009 3034 2267 3083 intelligentia:
2286 3034 2324 3070 in
2344 3047 2461 3082 quan-

1396 3096 1478 3125 tum
1514 3088 1652 3124 scilicet
1680 3086 1887 3124 intellectus
1920 3087 2086 3134 intelligit
2123 3087 2294 3123 absolute
2339 3087 2460 3124 cuius-

1398 3154 1472 3191 que
1500 3141 1552 3177 rei
1581 3140 1820 3189 quidditatem
1849 3140 1929 3177 sive
1962 3140 2156 3176 essentiam
2190 3152 2259 3188 per
2283 3140 2459 3188 seipsam,

1399 3201 1491 3244 puta
1519 3194 1609 3243 quid
1636 3200 1691 3229 est
1715 3194 1834 3230 homo
1866 3194 1885 3215 *
1908 3194 1971 3230 vel
2000 3193 2090 3241 quid
2116 3193 2245 3229 album
2282 3194 2344 3230 vel
2373 3193 2463 3240 quid
2487 3199 2700 3247 {lggguodquidest

1400 3247 1501 3285 aliud
1529 3247 1749 3284 huiusmodi
1764 3252 1790 3283 ⁷.
1820 3246 1904 3283 Alia
1931 3259 2025 3283 vero
2055 3246 2223 3294 operatio
2253 3246 2459 3282 intellectus
2557 3241 2601 3288 ’γ

1400 3309 1466 3347 est,
1488 3300 1700 3337 secundum
1721 3300 1825 3349 quod
1844 3299 2063 3336 huiusmodi
2083 3299 2266 3347 simplicia
2283 3299 2303 3319 ’¹‘
2323 3310 2456 3334 conce·
2485 3304 2520 3325 Ἀ
2538 3303 2624 3326 omittit
2643 3304 2700 3326 sim-

1399 3362 1464 3404 Ρῑὲι
1492 3354 1603 3390 simul
1632 3353 1820 3401 componit
1838 3360 1874 3388 et
1901 3352 2030 3388 divim}
2047 3349 2070 3388 δ.
2101 3352 2200 3388 Dicit
2234 3363 2322 3398 ergo
2353 3351 2458 3399 quod
2482 3330 2565 3358 ΡΜ·
2583 3357 2598 3382 a

2492 2458 2500 2467 ·
2510 2457 2591 2478 Autem
2600 2463 2627 2479 ex
2633 2458 2702 2479 codd.

1453 3467 1479 3501 γ)
1504 3468 1548 3492 Vel
1567 3466 1632 3499 quid
1649 3466 1725 3491 aliud
1742 3465 1900 3490 huiusmodi.
1920 3465 2025 3498 Optima
2044 3470 2084 3490 est
2101 3465 2163 3489 haec
2181 3465 2259 3489 Piana
2278 3464 2366 3494 lectio,
2388 3472 2458 3489 eam-

1399 3511 1451 3536 que
1474 3503 1531 3527 ideo
1554 3502 1703 3526 retinemus.
1726 3501 1830 3525 Variam
1853 3500 1962 3525 codices.
1985 3499 2068 3525 ABC:
2092 3501 2132 3524 vel
2155 3500 2256 3532 aliquid
2273 3500 2348 3524 aliud
2367 3497 2458 3533 (aliud

1398 3539 1522 3563 omittitur
1541 3538 1571 3562 ab
1591 3536 1623 3570 A)
1643 3536 1795 3561 huiusmodi
1800 3543 1809 3565 ‚⁴
1827 3536 1873 3560 sed
1891 3535 1994 3567 aliquid
2012 3543 2063 3560 non
2082 3535 2143 3559 satis
2168 3535 2260 3559 indicat
2281 3535 2457 3567 quidditatem,

1398 3575 1430 3598 de
1445 3581 1495 3605 qua
1506 3581 1526 3597 s.
1536 3572 1652 3596 Thomas
1667 3571 1847 3604 loquitur.-D:
1864 3571 1904 3595 vel
1921 3571 1975 3595 alia
1989 3570 2211 3595 huiusmodi.—E:
2226 3571 2266 3595 vel
2283 3570 2358 3595 aliud
2371 3570 2457 3595 huius.

1450 3608 1474 3642 ὃ)
1498 3607 1637 3639 Componit
1655 3611 1681 3632 et
1700 3607 1803 3631 dividit.
1822 3606 1932 3631 Nomine
1950 3606 2145 3637 compositionis
2164 3606 2190 3630 in
2208 3605 2400 3638 operationibus
2418 3605 2456 3630 in-

1397 3644 1584 3669 tellectualibus
1603 3643 1683 3667 utitur
1695 3642 1848 3667 Aristoteles
1863 3641 1894 3666 ad
1909 3641 2097 3674 designandum
2112 3641 2234 3666 iudicium
2247 3641 2439 3675 affirmativum
2447 3648 2456 3669 ,-
