2788 4204
337 236 388 272 94

338 301 525 335 traiacentes:
546 299 635 333 verbi
659 300 775 343 gratia:
801 311 861 333 non
884 300 979 339 homo,
1005 308 1046 338 et,
1063 299 1147 331 homo
1171 309 1230 330 non
1254 297 1349 329 iustus
1377 302 1404 329 et

336 351 442 383 iustus.
474 349 535 382 Vel
559 350 622 382 sic:
639 349 717 382 Illae
731 361 812 389 vero,
829 348 951 381 scilicet
968 347 1139 386 dictiones,
1155 346 1317 379 secundum
1338 345 1404 390 infi-

337 400 414 439 nita,
432 398 516 432 idest
539 398 722 431 secundum
746 397 950 429 infinitorum
974 405 1134 434 naturam,
1156 395 1280 428 iacentes
1300 400 1404 427 contra

337 449 462 482 nomina
477 454 503 480 et
518 446 610 480 verba
631 446 761 491 (utpote
779 457 861 489 quae
878 453 1084 477 removentes
1109 443 1243 487 quidem
1267 444 1403 476 nomina

338 496 371 531 et
386 496 482 530 verba
506 495 710 539 significant,
743 503 861 537 utnon
892 494 975 526 homo
1007 502 1039 525 et
1070 504 1130 525 non
1153 493 1249 525 iustus
1280 501 1312 526 et
1342 503 1403 525 non

338 547 453 586 currit,
480 557 562 589 quae
587 552 802 587 opponuntur
826 551 939 574 contra
963 541 996 585 ly
1013 541 1109 582 homo,
1135 541 1169 585 ly
1193 542 1289 574 iustus
1313 550 1345 574 et
1368 541 1402 585 ly

338 595 459 639 currit),
476 594 558 632 illae,
576 594 724 636 inquam,
742 591 900 624 dictiones
918 590 1062 623 infinitae
1083 590 1282 623 videbuntur
1298 591 1403 634 prima

338 642 417 676 facie
446 654 515 675 esse
544 641 635 685 quasi
656 641 846 683 negationes
864 640 933 672 sine
958 640 1092 672 nomine
1117 648 1149 672 et
1176 639 1278 672 verbo
1303 651 1341 672 ex
1362 650 1402 672 eo

338 691 427 736 quod
444 698 648 734 comparatae
665 688 854 721 nominibus
872 697 904 721 et
919 687 1026 721 verbis
1043 696 1156 721 contra
1177 700 1260 732 quae
1285 689 1402 727 iacent,

337 752 374 773 ea
397 747 584 779 removent,
616 737 673 770 sed
696 749 764 770 non
796 746 873 770 sunt
900 736 1082 770 secundum
1106 738 1286 770 veritatem.
1310 738 1402 770 Dixit

337 790 406 821 sine
422 789 556 821 nomine
574 797 605 820 et
620 786 721 820 verbo
747 787 822 830 quia
839 798 962 819 nomen
987 785 1163 827 infinitum,
1187 787 1332 819 nominis
1349 798 1403 819 na-

336 846 408 869 tura
424 845 520 876 caret,
534 845 566 869 et
584 835 722 869 verbum
738 835 903 868 infinitum
920 835 1010 868 verbi
1028 845 1142 869 natura
1158 847 1226 868 non
1243 835 1400 879 possidet.

336 885 427 918 Dixit
449 886 557 928 quasi,⁴
574 885 649 929 quia
665 896 725 917 nec
742 896 865 918 nomen
878 884 1051 918 infinitum
1068 897 1086 917 a
1102 886 1246 918 nominis
1263 886 1400 925 ratione,

335 944 395 965 nec
411 933 547 967 verbum
564 933 729 966 infinitum
754 945 771 966 a
795 933 885 966 verbi
906 935 1103 978 proprietate
1121 934 1258 968 omnino
1275 943 1401 967 semota

335 991 420 1014 sunt.
447 982 555 1022 Unde,
580 983 606 1015 si
630 983 822 1026 negationes
847 992 1015 1027 apparent,
1039 982 1237 1016 videbuntur
1253 983 1322 1016 sine
1339 994 1399 1016 no-

335 1032 424 1063 mine
440 1040 472 1064 et
489 1032 589 1065 verbo
613 1043 682 1065 non
707 1033 827 1065 omnino
851 1032 908 1065 sed
927 1033 1025 1076 quasi.

400 1080 530 1114 Deinde
546 1081 663 1125 probat
679 1081 904 1115 distinctiones
921 1081 1063 1114 infinitas
1080 1093 1148 1115 non
1165 1093 1235 1114 esse
1252 1082 1400 1125 negatio⁶

335 1140 392 1161 nes
409 1129 464 1162 tali
480 1131 616 1163 ratione.
636 1131 774 1174 Semper
798 1139 847 1164 est
867 1142 999 1163 necesse
1023 1132 1233 1174 negationem
1257 1142 1328 1164 esse
1344 1142 1400 1163 ve-

334 1189 403 1210 ram
427 1178 478 1211 vel
502 1178 627 1219 falsam,
653 1180 729 1223 quia
756 1181 889 1222 negatio
917 1189 967 1212 est
989 1180 1176 1212 enunciatio
1201 1179 1337 1212 alicuius
1362 1179 1400 1212 ab

335 1226 461 1271 aliquo;
486 1239 609 1261 nomen
633 1236 744 1261 autem
768 1228 933 1261 infinitum
949 1240 1018 1261 non
1043 1228 1120 1262 dicit
1136 1240 1252 1262 verum
1273 1228 1326 1262 vel
1341 1227 1400 1261 fal·

335 1286 424 1316 sum;
449 1277 548 1320 igitur
579 1277 680 1310 dictio
697 1277 834 1310 infinita
870 1289 939 1310 non
970 1286 1019 1310 est
1047 1279 1188 1321 negatio.
1204 1278 1401 1311 -Minorem

335 1323 491 1365 declarat,
511 1326 588 1369 quia
619 1326 675 1370 qui
700 1325 793 1366 dixit,
821 1338 881 1360 non
904 1326 1000 1366 homo,
1025 1326 1106 1359 nihil
1135 1328 1239 1369 magis
1271 1326 1310 1359 de
1339 1326 1400 1359 ho-

335 1373 423 1406 mine
447 1373 528 1407 dixit
551 1386 650 1418 quam
675 1376 731 1419 qui
755 1375 845 1416 dixit,
862 1375 956 1408 homo.
989 1375 1031 1408 Et
1047 1374 1157 1419 quoad
1181 1375 1401 1418 significatum

335 1421 468 1465 quidem
497 1422 713 1456 clarissimum
737 1433 803 1457 est:
825 1436 885 1457 non
909 1423 1005 1464 homo,
1030 1435 1183 1467 namque,
1207 1423 1289 1456 nihil
1313 1423 1402 1457 addit

335 1482 433 1515 supra
458 1472 640 1513 hominem,
659 1474 726 1505 imo
743 1482 891 1506 removet
907 1472 1089 1505 hominem.
1109 1472 1233 1512 Quoad
1256 1474 1411 1506 veritatis

334 1532 413 1553 vero
437 1520 488 1554 vel
521 1521 666 1554 falsitatis
698 1531 915 1565 conceptum,
940 1521 1022 1554 nihil
1056 1522 1160 1565 magis
1192 1521 1315 1566 profuit
1344 1523 1400 1567 qui

335 1569 424 1610 dixit,
448 1581 508 1603 non
532 1567 627 1610 hbmo,
653 1582 752 1614 quam
781 1571 837 1614 qui
862 1570 959 1610 dixit,
983 1570 1088 1611 homo,
1114 1571 1141 1603 si
1166 1570 1289 1615 aliquid
1313 1571 1400 1604 aliud

333 1629 402 1651 non
437 1618 590 1659 addatur,
623 1620 690 1652 imo
722 1620 832 1652 minus
863 1631 960 1652 verus
991 1620 1044 1653 vel
1075 1619 1174 1653 falsus
1208 1620 1287 1662 fuit,
1318 1621 1401 1655 idest

333 1668 437 1710 magis
454 1677 600 1701 remotus
617 1680 634 1701 a
650 1669 784 1702 veritate
801 1678 833 1702 et
857 1668 993 1702 falsitate
1004 1694 1012 1710 ,
1030 1670 1087 1714 qui
1111 1669 1201 1710 dixit,
1218 1681 1279 1703 non
1302 1671 1399 1711 homo,

334 1728 432 1760 quam
458 1717 513 1760 qui
543 1716 636 1757 dixit,
660 1717 762 1750 homo:
798 1718 874 1762 quia
902 1727 969 1751 tam
1002 1719 1119 1751 veritas
1152 1730 1251 1762 quam
1279 1718 1400 1752 falsitas

332 1765 365 1797 in
395 1766 635 1808 compositione
665 1767 831 1807 consistit;
857 1767 1091 1810 compositioni
1120 1775 1230 1800 autem
1262 1769 1401 1802 vicinior

333 1823 381 1847 est
410 1814 510 1847 dictio
526 1814 632 1856 finita,
650 1827 732 1859 quae
751 1815 873 1859 aliquid
894 1816 1000 1859 ponit,
1017 1827 1117 1860 quam
1139 1816 1238 1850 dictio
1263 1817 1400 1858 infinita,

333 1875 416 1908 quae
439 1875 499 1897 nec
516 1865 622 1908 ponit,
640 1876 700 1898 nec
717 1865 900 1908 componit,
924 1864 1007 1898 idest
1028 1876 1089 1898 nec
1110 1867 1311 1910 positionem
1339 1879 1400 1900 nec

333 1913 610 1956 compositionem
634 1914 799 1957 importat.

399 1963 429 1993 6.
454 1961 583 1995 Deinde
607 1974 683 1995 curn
704 1962 798 1995 dicit:
825 1962 978 2008 Significat
1000 1970 1099 1997 autem
1123 1973 1199 2004 etc.,
1224 1965 1401 2009 respondet

332 2018 465 2054 quartae
493 2010 706 2051 dubitationi,
739 2011 910 2056 quomodo
943 2012 1065 2046 scilicet
1094 2013 1292 2057 intelligatur
1319 2014 1399 2048 illud

331 2059 467 2092 verbum
492 2060 715 2104 supradictum
748 2061 787 2094 de
815 2062 1100 2095 enunciationibus
1125 2062 1318 2096 habentibus
1342 2075 1397 2097 su-

332 2107 475 2141 biectum
500 2108 680 2142 infinitum:
696 2110 767 2143 Hae
790 2117 890 2143 autem
918 2117 1004 2145 extra
1027 2111 1109 2151 illas,
1134 2112 1214 2157 ipsae
1236 2113 1398 2146 secundum

330 2167 360 2189 se
382 2164 480 2191 erunt.
506 2158 546 2191 Et
570 2159 614 2191 ait
638 2158 728 2203 quod
752 2158 944 2203 intelligitur
968 2169 1128 2204 quantum
1156 2160 1196 2194 ad
1224 2161 1396 2205 significati

331 2208 611 2251 consequentiam,
628 2216 659 2240 et
675 2219 744 2241 non
761 2208 870 2241 solum
895 2218 1056 2253 quantum
1073 2209 1112 2242 ad
1132 2211 1219 2254 ipsas
1241 2212 1396 2244 enuncia-

330 2256 438 2289 tiones
462 2256 650 2290 formaliter.
676 2257 772 2290 Unde
797 2257 877 2291 duas
902 2257 1057 2291 habentes
1079 2258 1263 2292 subiectum
1287 2259 1395 2293 infini-

330 2313 412 2345 tum,
429 2305 645 2339 universalem
662 2306 785 2340 scilicet
809 2306 1035 2340 affirmativam
1059 2317 1090 2340 et
1107 2309 1324 2342 universalem
1341 2321 1396 2343 ne-

330 2355 472 2397 gativam
489 2354 665 2394 adducens,
690 2356 733 2388 ait
750 2356 839 2400 quod
863 2365 978 2389 neutra
1002 2367 1114 2389 earum
1138 2357 1299 2401 significat
1319 2359 1396 2392 idem

330 2403 422 2436 alicui
444 2403 583 2443 illarum,
601 2404 723 2437 scilicet
739 2404 929 2438 habentium
947 2404 1131 2438 subiectum
1147 2405 1287 2440 finitum.
1306 2408 1396 2441 Haec

330 2453 418 2485 enim
450 2453 641 2486 universalis
675 2453 881 2494 affirmativa,
913 2455 1009 2487 omnis
1032 2466 1092 2488 non
1115 2455 1199 2489 homo
1223 2462 1265 2489 est
1287 2457 1394 2498 iustus,

329 2499 411 2533 nulli
429 2500 559 2534 habenti
576 2501 760 2535 subiectum
776 2502 906 2536 finitum
923 2502 1085 2546 significat
1101 2503 1204 2537 idem:
1221 2516 1289 2538 non
1306 2507 1394 2539 enim

330 2549 491 2593 significat
507 2550 594 2584 idem
605 2550 695 2595 quod
707 2552 779 2591 ista,
790 2553 886 2585 omnis
900 2551 984 2585 homo
999 2559 1040 2585 est
1055 2553 1151 2586 iustus
1156 2565 1170 2592 ‚·
1181 2565 1288 2598 neque
1304 2555 1394 2598 quod

330 2599 401 2639 ista,
418 2600 513 2632 omnis
530 2599 613 2633 homo
629 2606 670 2633 est
690 2612 750 2634 non
766 2601 871 2633 iustus.
886 2600 1042 2633 Similiter
1053 2602 1206 2644 opposita
1222 2604 1354 2645 negatio
1364 2612 1396 2637 et

331 2648 523 2681 universalis
546 2650 697 2692 negativa
714 2649 836 2683 habens
852 2649 1035 2682 subiectum
1053 2649 1229 2691 infinitum,
1246 2663 1330 2695 quae
1347 2661 1396 2685 est

331 2698 490 2731 contrarie
511 2699 663 2742 opposita
680 2698 895 2742 supradictae,
916 2698 1039 2731 scilicet
1053 2700 1149 2732 omnis
1161 2710 1221 2732 non
1237 2699 1322 2733 homo
1335 2712 1395 2734 non

330 2752 371 2779 est
382 2746 488 2787 iustus,
503 2746 583 2779 nulli
596 2746 725 2780 illarum
738 2746 777 2780 de
791 2746 938 2780 subiecto
951 2746 1045 2779 finito
1058 2746 1219 2790 significat
1235 2747 1333 2781 idem.
1354 2749 1395 2781 Et

330 2794 394 2828 hoc
416 2795 539 2828 clarum
556 2804 603 2828 est
624 2807 663 2828 ex
680 2795 864 2829 diversitate
889 2795 1025 2828 subiecti
1042 2795 1075 2827 in
1092 2796 1161 2828 istis
1185 2804 1217 2829 et
1241 2797 1274 2828 in
1298 2795 1371 2829 illis.

397 2853 428 2886 7.
452 2843 581 2877 Deinde
605 2855 681 2876 cum
698 2843 792 2877 dicit:
818 2844 880 2877 Illa
901 2855 970 2878 vero
993 2855 1070 2888 quae
1096 2851 1137 2878 est
1160 2853 1233 2885 etc„
1257 2855 1394 2889 respon-

331 2892 384 2925 det
401 2893 534 2937 quintae
551 2893 748 2938 quaestioni,
772 2905 812 2926 an
837 2893 960 2926 scilicet
984 2894 1067 2926 inter
1090 2894 1338 2927 enunciationes
1355 2894 1394 2928 de

330 2941 477 2974 subiecto
501 2941 629 2975 infinito
658 2943 699 2975 sit
731 2942 838 2987 aliqua
870 2943 1114 2987 consequentia.
1139 2942 1258 2976 Oritur
1285 2951 1395 2976 autern

331 2989 489 3023 dubitatio
514 2989 592 3023 haec
617 3003 655 3023 ex
679 3002 732 3031 eo,
757 2990 847 3036 quod
872 2992 1022 3035 superius
1047 3000 1095 3024 est
1118 2992 1202 3024 inter
1218 3003 1271 3024 eas
1288 2991 1328 3025 ad
1344 2992 1394 3024 in-

330 3039 436 3072 vicem
453 3040 613 3082 assignata
638 3039 883 3084 consequentia.
909 3040 965 3072 Ait
985 3051 1064 3083 ergo
1088 3039 1179 3084 quod
1198 3040 1297 3073 etiam
1313 3040 1396 3073 inter

331 3087 407 3120 istas
436 3096 484 3119 est
516 3088 759 3132 consequentia.
790 3088 878 3121 Nam
908 3087 1100 3121 universalis
1128 3087 1319 3122 affirmativa
1355 3087 1395 3121 de

331 3134 479 3168 subiecto
495 3145 527 3168 et
542 3136 728 3180 praedicato
752 3136 887 3169 infinitis
909 3145 951 3177 et⁸
969 3137 1161 3170 universalis
1181 3138 1331 3181 negativa
1355 3135 1395 3170 de

331 3184 478 3217 subiecto
496 3184 634 3225 infinito,
652 3184 838 3228 praedicato
855 3197 933 3219 vero
954 3185 1060 3226 finito,
1076 3185 1309 3230 aequipollent.
1331 3186 1396 3219 Ista

331 3244 485 3277 namque,
509 3234 604 3267 omnis
628 3245 687 3267 non
716 3233 800 3267 homo
832 3241 872 3268 est
902 3246 962 3268 non
986 3235 1093 3276 iustus,
1120 3235 1207 3268 idem
1235 3233 1396 3278 significat

332 3281 396 3321 illi,
427 3282 531 3315 nullus
554 3293 614 3315 non
644 3282 728 3316 homo
760 3289 800 3316 est
828 3284 933 3316 iustus.
965 3282 1056 3317 Idem
1085 3292 1195 3317 autem
1228 3292 1277 3317 est
1310 3283 1395 3317 iudi-

333 3331 419 3363 cium
451 3329 490 3363 de
519 3330 764 3374 particularibus
794 3331 969 3364 indefinitis
997 3341 1029 3365 et
1056 3331 1275 3375 singularibus
1305 3332 1396 3364 simi-

333 3378 416 3411 libus
441 3378 644 3422 supradictis.
663 3380 900 3424 Cuiuscunque
917 3382 1004 3413 enim
1023 3381 1211 3425 quantitatis
1227 3382 1303 3421 sint,
1316 3391 1398 3414 sem-

334 3438 391 3470 per
414 3426 603 3461 affirmativa
631 3428 670 3461 de
695 3437 836 3473 utroque
864 3437 1010 3462 extremo
1035 3429 1160 3462 infinita
1187 3438 1219 3462 et
1247 3430 1397 3473 negativa

334 3474 468 3508 subiecti
486 3476 618 3519 quidem
635 3476 763 3517 infiniti,
788 3477 962 3521 praedicati
983 3487 1092 3511 autem
1108 3477 1202 3518 finiti,
1227 3477 1397 3522 aequipol-

334 3522 412 3562 lent,
426 3532 462 3555 ut
478 3522 569 3556 facile
586 3533 680 3567 potes
697 3525 854 3568 exemplis
870 3525 990 3558 videre.
1008 3526 1105 3559 Unde
1114 3525 1306 3559 Aristoteles
1324 3527 1397 3559 uni-

333 3571 474 3604 versales
498 3573 694 3615 exprimens,
719 3581 860 3606 caeteras
884 3585 922 3605 ex
947 3573 1008 3606 illis
1033 3573 1168 3617 intelligi
1192 3573 1307 3607 voluit.

1086 222 1204 258 PERI
1236 219 1583 256 HERMENEIAS
1622 221 1717 257 LIB.
1748 221 1779 256 ll

1528 297 1558 329 8.
1583 297 1712 330 Deinde
1737 309 1813 330 cum
1838 298 1936 331 dicit:
1977 298 2174 344 Transposita
2204 311 2273 334 vero
2302 302 2428 334 nomina
2450 309 2530 343 etc.,

1460 344 1559 378 solvit
1575 355 1699 379 sextam
1716 345 1966 386 dubitationem,
1984 359 2024 380 an
2042 356 2177 392 propter
2193 349 2368 382 nominum
2388 349 2441 383 vel
2456 361 2528 383 ver-

1459 393 1578 427 borum
1595 395 1887 439 transpositionem
1903 396 2047 429 varietur
2063 398 2303 430 enunciationis
2321 398 2527 441 significatio.

1461 442 1580 476 Oritur
1603 453 1713 477 autem
1737 444 1817 477 haec
1842 444 1992 487 quaestio
2017 456 2056 478 ex
2072 457 2124 486 eo,
2142 446 2232 490 quod
2248 445 2361 479 docuit
2375 455 2527 491 transpo-

1459 492 1613 525 sitionem
1629 493 1814 536 negationis
1830 493 1954 526 variare
1979 495 2219 528 enunciationis
2243 494 2527 538 significationem.

1458 539 1559 573 Aliud
1583 541 1672 573 enim
1700 541 1780 574 dixit
1807 540 2010 585 significare,
2035 543 2129 576 omnis
2155 543 2240 577 homo
2263 555 2324 578 non
2349 550 2391 578 est
2412 545 2526 585 iustus,

1458 596 1490 621 et
1513 588 1620 630 aliud,
1644 601 1704 622 non
1724 590 1819 623 omnis
1843 590 1928 624 homo
1952 597 1993 624 est
2014 592 2121 624 iustus.
2142 592 2190 624 Ex
2210 592 2285 633 hoc,
2302 593 2448 637 inquam,
2472 593 2531 627 du·

1459 637 1588 678 bitatur,
1613 650 1654 671 an
1681 638 1831 672 similiter
1860 641 2030 684 contingat
2061 641 2145 674 circa
2172 643 2348 674 nominum
2375 651 2526 686 transpo-

1458 686 1632 726 sitionem,
1657 687 1748 731 quod
1771 688 1842 731 ipsa
1866 689 2064 732 transposita
2094 690 2360 723 enunciationem
2383 691 2527 732 varient,

1458 735 1541 767 sicut
1556 736 1688 778 negatio
1705 736 1913 779 transposita.
1938 737 1980 769 Et
2001 737 2085 770 circa
2108 737 2172 770 hoc
2196 737 2263 771 duo
2287 738 2377 772 facit:
2402 740 2527 783 primo,

1457 784 1552 827 ponit
1582 783 1784 817 solutionem
1815 784 1945 825 dicens,
1977 785 2068 829 quod
2099 787 2295 830 transposita
2327 789 2464 822 nomina
2495 797 2527 821 et

1457 831 1555 865 verba
1578 832 1666 866 idem
1689 832 1892 877 significant:
1917 833 2007 866 verbi
2031 835 2151 877 gratia,
2179 834 2267 868 idem
2298 835 2471 879 significat,
2487 843 2528 870 est

1457 881 1546 914 albus
1560 881 1657 923 homo,
1675 891 1716 922 et,
1733 888 1774 915 est
1789 882 1874 915 homo
1899 882 2002 923 albus,
2028 882 2084 915 ubi
2108 891 2158 916 est
2181 885 2394 927 transpositio
2417 886 2526 918 nomi-

1457 941 1549 963 num.
1575 930 1731 964 Similiter
1753 932 1951 975 transposita
1974 930 2072 964 verba
2092 931 2180 965 idem
2204 932 2401 975 significant,
2421 941 2468 974 ut,
2487 940 2529 967 est

1457 979 1545 1013 albus
1568 979 1672 1020 homo,
1697 988 1740 1020 et,
1764 979 1849 1013 homo
1874 979 1962 1013 albus
1986 987 2036 1013 est.

1524 1040 1555 1072 9.
1580 1028 1709 1062 Deinde
1726 1040 1802 1062 cum
1819 1027 1916 1062 dicit:
1941 1029 2028 1062 Nam
2055 1030 2082 1062 si
2105 1030 2156 1063 hoc
2176 1041 2236 1063 non
2256 1036 2298 1063 est
2313 1039 2387 1070 etc.,
2411 1029 2528 1074 probat

1457 1078 1656 1122 praedictam
1679 1077 1882 1111 solutionem
1904 1089 1943 1111 ex
1959 1090 2099 1112 numero
2123 1080 2338 1123 negationum
2363 1078 2526 1114 contradi-

1458 1128 1634 1160 ctoriarum
1647 1126 1799 1160 ducendo
1816 1126 1857 1160 ad
1873 1127 2088 1171 impossibile,
2102 1127 2158 1161 tali
2173 1129 2311 1161 ratione.
2329 1128 2364 1161 Si
2381 1128 2446 1161 hoc
2458 1139 2527 1161 non

1457 1185 1521 1217 est,
1546 1175 1629 1209 idest
1652 1176 1679 1208 si
1702 1177 1839 1210 nomina
1864 1177 2061 1220 transposita
2085 1176 2305 1210 diversificant
2321 1177 2525 1211 enunciatio-

1457 1237 1552 1266 nem,
1576 1223 1724 1257 eiusdem
1747 1224 1975 1258 affirmationis
1999 1235 2095 1259 erunt
2119 1226 2202 1259 duae
2229 1227 2441 1269 negationes;
2469 1223 2527 1258 sed

1457 1284 1628 1308 ostensum
1656 1282 1705 1306 est
1727 1273 1761 1306 in
1786 1274 1801 1307 I
1828 1273 1911 1307 libro
1929 1274 1964 1315 *‚
1992 1275 2083 1319 quod
2107 1286 2173 1308 una
2200 1280 2329 1308 tantum
2353 1284 2402 1308 est
2425 1285 2526 1318 nega-

1456 1325 1503 1357 tio
1521 1324 1618 1356 unius
1638 1322 1883 1364 affirmationis;
1906 1335 1985 1367 ergo
2006 1336 2024 1357 a
2048 1324 2270 1358 destructione
2293 1323 2526 1368 consequentis

1456 1373 1496 1406 ad
1520 1372 1777 1406 destructionem
1809 1372 2031 1406 antecedentis
2063 1374 2262 1418 transposita
2293 1374 2429 1406 nomina
2457 1383 2526 1406 non

1455 1421 1581 1454 variant
1597 1421 1874 1454 enunciationem.
1899 1421 1952 1455 Ad
1968 1421 2172 1466 probationis
2193 1432 2303 1456 autem
2320 1433 2525 1467 consequen·

1455 1470 1518 1502 tiae
1535 1469 1714 1502 claritatem
1737 1469 1896 1503 formetur
1911 1470 2030 1514 figura,
2046 1470 2102 1504 ubi
2119 1483 2158 1504 ex
2174 1483 2243 1504 uno
2260 1471 2358 1504 latere
2375 1471 2526 1504 locentur

1456 1517 1569 1552 ambae
1590 1519 1817 1563 suprapositae
1829 1518 2075 1560 affirmationes,
2093 1521 2300 1564 transpositis
2316 1519 2526 1562 nominibus;

1455 1577 1488 1601 et
1511 1579 1550 1600 ex
1574 1567 1675 1601 altero
1700 1576 1980 1612 contraponantur
2004 1569 2087 1603 duae
2116 1571 2298 1613 negativae,
2319 1569 2442 1602 similes
2462 1569 2526 1603 illis

1456 1616 1566 1661 quoad
1585 1617 1744 1650 terminos
1761 1625 1794 1650 et
1809 1628 1925 1651 eorum
1950 1618 2143 1661 positiones.
2164 1618 2305 1659 Deinde,
2321 1617 2526 1663 aliquantulo

1455 1666 1625 1699 interiecto
1650 1666 1768 1710 spatio,
1785 1665 1846 1699 sub
1870 1665 2073 1699 affirmativis
2094 1675 2237 1711 ponatur
2259 1665 2434 1700 affirmatio
2451 1665 2525 1700 infi-

1455 1716 1515 1748 niti
1539 1714 1694 1755 subiecti,
1724 1723 1756 1748 et
1779 1714 1840 1748 sub
1868 1715 2028 1759 negativis
2052 1714 2139 1748 illius
2168 1716 2310 1759 negatio.
2329 1716 2371 1749 Et
2393 1723 2527 1749 notetur

1456 1763 1671 1798 contradictio
1700 1764 1783 1796 inter
1811 1765 1953 1808 primam
1978 1763 2231 1798 affirmationem
2259 1773 2293 1798 et
2320 1765 2401 1798 duas
2425 1776 2524 1809 nega-

1455 1815 1562 1847 tiones
1579 1814 1712 1857 primas,
1736 1821 1769 1846 et
1784 1813 1869 1846 inter
1892 1813 2071 1847 secundam
2087 1813 2339 1847 affirmationem
2360 1822 2393 1847 et
2408 1825 2526 1853 omnes

1455 1872 1519 1896 tres
1543 1863 1751 1907 negationes,
1776 1862 1819 1895 ita
1843 1871 1955 1896 tamen
1979 1862 2071 1907 quod
2094 1863 2178 1896 inter
2201 1863 2307 1907 ipsam
2329 1872 2362 1896 et
2377 1862 2526 1897 infimam

1455 1912 1666 1955 negationem
1693 1919 1827 1945 notetur
1858 1911 2075 1945 contradictio
2099 1923 2168 1945 non
2199 1923 2294 1953 vera,
2319 1912 2376 1946 sed
2404 1913 2524 1956 imagi-

1455 1962 1554 1994 naria.
1577 1961 1722 1995 Notetur
1738 1972 1873 2005 quoque
1890 1960 2106 1995 contradictio
2131 1962 2215 1994 inter
2238 1962 2367 1994 tertiam
2382 1960 2525 1996 affirma-

1454 2010 1580 2044 tionem
1604 2018 1636 2043 et
1659 2010 1787 2043 tertiam
1810 2010 2022 2053 negationem
2046 2010 2130 2045 inter
2153 2021 2199 2043 se.
2225 2010 2300 2044 Hoc
2325 2009 2445 2045 modo:

1603 2127 1645 2150 Est
1660 2128 1727 2150 nibus
2217 2128 2271 2150 Non
2286 2132 2322 2151 est
2335 2129 2402 2151 albu·

1838 2166 1853 2171 ο
1875 2155 2105 2178 comminatori-0
2123 2166 2139 2171 -

1631 2180 1702 2202 homo
2275 2182 2350 2204 homo

1863 2319 1928 2383 (δὴ,
2040 2321 2111 2386 κοζφο

1920 2377 1953 2410 δ’.
2013 2381 2050 2416 ὑφ

1978 2430 2002 2455 Χ

1905 2474 1966 2534 οὗ.
2024 2479 2078 2536 τεῶὀ

1872 2530 1908 2563 0⁰
2070 2531 2116 2580 ἦ,

1602 2684 1643 2706 Est
1657 2685 1729 2706 homo
2215 2684 2269 2706 Non
2284 2688 2319 2707 ut
2332 2685 2405 2707 hono

1834 2722 1849 2726 -
1870 2711 2100 2734 contr-«uotorum
2118 2722 2134 2727 -

1627 2738 1694 2759 nibus
2276 2738 2342 2760 albu·

1862 2877 1964 2976 “an

1956 2970 2054 3068 ἢῆ
2140 3018 2142 3021 ,

1612 3231 1653 3254 Eut
1667 3238 1714 3254 non
2221 3233 2275 3255 Non
2289 3235 2324 3255 est
2339 3238 2387 3255 non

1838 3271 1852 3275 -
1874 3259 2100 3282 const-motoria·
2119 3271 2134 3275 -

1585 3285 1657 3307 homo
1671 3285 1737 3307 albus
2228 3286 2300 3308 homo
2315 3285 2382 3308 albu·

1452 3379 1513 3412 His
1534 3381 1578 3413 ita
1599 3379 1784 3424 dispositis,
1808 3380 1927 3424 probat
1951 3381 2221 3425 consequentiam
2244 3379 2438 3414 Aristoteles
2461 3380 2518 3413 sic.

1452 3429 1544 3462 Illius
1565 3428 1808 3470 affirmationis,
1837 3436 1879 3463 est
1901 3429 1990 3463 albus
2013 3429 2117 3470 homo,
2146 3430 2278 3473 negatio
2305 3436 2373 3468 est,
2397 3439 2458 3462 non
2480 3434 2522 3461 est

1453 3477 1541 3511 albus
1563 3477 1648 3511 homo
1661 3490 1675 3518 ,·
1706 3478 1793 3511 illius
1823 3487 1933 3512 autem
1961 3478 2123 3512 secundae
2156 3477 2405 3515 affirmationis,
2435 3487 2521 3520 quae

1454 3535 1518 3566 est,
1542 3535 1583 3561 est
1602 3528 1686 3560 homo
1707 3527 1814 3568 albus,
1839 3528 1867 3560 si
1892 3528 1952 3561 ista
1972 3526 2145 3560 affirmatio
2168 3536 2237 3559 non
2263 3533 2313 3558 est
2335 3524 2450 3558 eadem
2474 3524 2520 3557 illi

1434 3600 1436 3602 -
1454 3574 1659 3619 supradictae
1682 3575 1914 3617 affirmationi,
1938 3575 2071 3615 scilicet,
2085 3581 2128 3608 est
2150 3573 2239 3608 albus
2261 3573 2362 3614 boma,
2386 3581 2522 3617 propter

2555 1283 2563 1292 ·
2574 1281 2639 1304 Leet.
2652 1287 2694 1304 m.
