2548 4192
218 289 335 315 CCXXII

219 357 260 387 ad
289 362 384 397 caput
404 366 465 386 xxv
487 355 601 394 Exodi,
630 361 751 396 quaest.
778 364 844 385 xvxx
873 363 1014 394 quorum
1037 358 1102 382 erat
1125 352 1292 382 sententia:

222 414 238 429 α
259 403 376 431 Arcam
394 400 541 430 habuisse
561 399 799 440 coopertorium
818 408 925 433 suurn,
942 397 1031 437 quod
1051 402 1131 426 esset
1147 396 1185 425 de
1200 396 1293 436 lignis

222 458 239 473 ι»
261 445 364 483 setim,
380 444 557 475 secundum
572 444 661 485 quod
677 454 713 474 ex
728 443 789 473 illis
806 447 970 481 compacta
987 446 1051 470 erat
1060 442 1151 479 Arca,
1167 446 1198 470 et
1214 446 1295 471 esset

223 502 239 517 ι
264 490 451 520 deauratum
478 489 563 519 intus
587 495 617 518 et
640 487 732 525 foris,
757 487 838 517 sicut
860 492 927 516 tota
949 484 1018 524 ipsa
1039 485 1135 514 Arca:
1161 490 1191 514 et
1215 494 1293 524 pro-

222 545 238 561 »
255 534 459 575 pitiatorium
476 542 542 562 non
558 532 654 562 fuisse
671 529 908 570 coopertorium
922 530 1033 566 Areae,
1049 528 1104 558 sed
1120 528 1294 568 quamdam

223 589 239 605 ›
261 578 403 608 tabulam
422 586 550 606 auream
575 575 713 616 positam
739 574 820 604 ultra
837 571 1075 612 coopertorium
1096 574 1196 603 Arcae
1214 572 1295 603 inter

224 633 240 649 2
262 622 344 652 duos
375 619 549 651 Cherubim
561 642 570 657 ,
603 619 693 659 quasi
723 618 783 658 ipsi
815 616 990 648 Cherubim
1020 622 1162 647 tenerent
1190 616 1294 656 ipsam

223 677 239 693 >
261 664 402 696 tabulam
432 662 640 704 propitiatorii
676 662 710 692 in
745 660 892 691 manibus
927 659 1003 690 suis.
1034 672 1050 687 ›
1084 660 1295 701 Frequentius

220 719 296 739 vero
321 707 404 738 docti
431 707 614 747 interpretes
648 705 840 743 existimant,
868 703 1126 745 propitiatorium
1154 714 1221 734 non
1250 704 1295 734 di-

222 751 338 792 stingui
357 751 395 781 ab
411 751 482 790 ipso
497 753 597 781 Areae
612 749 781 790 operculo:
800 748 890 790 quod
904 748 956 778 alii
971 754 1077 778 tamen
1094 748 1293 787 arbitrantur,

222 797 392 827 adnotante
415 794 573 833 Calmeto,
597 794 696 824 veluti
719 793 752 824 in
781 803 852 824 aera
875 802 1084 832 suspensum,
1113 802 1209 833 super
1231 792 1295 823 alas

223 841 386 870 detentum
414 838 526 877 fuisse,
555 838 634 879 quin
661 844 802 878 tangeret
831 844 950 868 arcam:
979 836 1040 877 ipsi
1064 846 1167 875 arcae,
1196 847 1295 878 quarn

222 884 381 915 clauderet
397 892 433 913 ac
451 889 579 922 tegeret,
603 882 785 913 immediate
804 880 1043 922 superpositum
1062 881 1125 920 alii,
1146 881 1180 911 in
1204 881 1295 912 cuius

221 927 338 958 finibus
357 927 423 957 duo
443 926 618 957 Cherubim
637 926 724 957 aurei
748 932 983 966 consurgerent,
1002 935 1106 956 unum
1125 935 1199 956 cum
1223 925 1294 966 ipso

222 970 374 1012 operculo
394 971 619 1002 constituentes
639 981 732 1012 opus.
752 972 819 1002 Aut
833 970 887 1000 illa
906 970 1069 1008 sententia,
1089 980 1187 1011 quam
1203 969 1296 1000 refert

221 1016 374 1046 Tostatus
393 1021 448 1045 aut
468 1015 556 1056 prior
578 1015 639 1046 alia
657 1025 756 1056 quarn
771 1021 929 1046 memorat
945 1013 1120 1052 calmetus,
1139 1014 1295 1055 placuisse

222 1060 296 1090 divo
311 1059 458 1090 Thomae
476 1059 611 1098 videtur,
634 1059 691 1100 qui
715 1059 756 1090 1⁸²e
772 1059 838 1098 11³0,
861 1064 982 1100 quaest.
1003 1068 1058 1097 c11,
1078 1065 1134 1089 art.
1154 1068 1188 1089 1v
1211 1059 1251 1089 ad
1274 1059 1293 1089 6

223 1104 330 1134 docet:
351 1103 456 1144 Super
473 1104 592 1134 Arcam
606 1103 719 1144 fuisse
741 1103 913 1144 quamdam
938 1103 1091 1141 tabulam,
1107 1113 1190 1144 quae
1210 1103 1295 1134 dice-

222 1148 319 1178 batur
335 1148 615 1188 propitiatorium,
632 1148 743 1179 subter
756 1148 829 1178 alas·
851 1147 1037 1185 Cherubim,
1054 1148 1149 1188 quasi
1163 1147 1203 1178 ab
1219 1148 1296 1188 ipsis

225 1192 396 1222 Cherubim
409 1197 618 1232 portaretur:
637 1199 668 1223 et
682 1192 753 1223 lect.
769 1201 782 1222 1
798 1192 838 1222 ad
858 1202 884 1223 c.
900 1202 933 1223 tx
951 1192 991 1222 ad
1010 1192 1188 1222 Hebraeos:
1204 1192 1297 1222 Inter

222 1236 306 1267 duas
328 1236 417 1274 alas,
446 1236 561 1277 quibus
581 1237 759 1278 tangebant
773 1246 808 1267 se
829 1236 1012 1274 Cherubim,
1026 1236 1138 1277 fuisse
1154 1236 1294 1267 tabulam

222 1290 368 1311 auream.
379 1303 387 1311 .
397 1303 406 1311 .
420 1281 721 1321 supereminentem,
738 1290 823 1322 quae
840 1280 1007 1312 dicebatur
1020 1282 1294 1322 propitiatorium.

569 274 1029 314 DISSERTATIONES
1060 273 1307 310 CRITICAE
1336 272 1391 309 IN
1421 273 1459 309 S.
1481 273 1723 309 THOMAM
1750 272 2073 320 AQUINATEM

1414 354 1458 383 At
1467 362 1689 393 quaecumque
1703 352 1835 382 demum
1850 352 1937 392 seligi
1952 352 2063 383 debeat
2077 351 2302 391 interpretatio,
2314 351 2424 393 lignea

1348 405 1545 437 numquam,
1574 396 1634 426 nisi
1658 396 1739 427 falso
1770 403 1801 427 et
1831 396 1986 437 imperite,
2012 396 2072 427 dici
2103 403 2208 437 potest
2231 396 2284 426 ina
2306 396 2426 435 tabula,

1349 450 1430 481 quae
1454 441 1716 481 propitiatorium
1740 441 1923 479 vocabatur,
1947 440 2013 471 sive
2036 441 2075 471 ab
2099 443 2199 471 Areae
2223 440 2424 480 operimento

1349 484 1505 523 distincta,
1529 485 1594 515 sive
1618 484 1726 525 ipsum
1755 484 1992 525 operimentum
2025 484 2120 515 fuerit
2155 491 2210 515 aut
2233 494 2426 525 suspensum

1348 528 1382 558 in
1405 538 1476 558 aera
1499 535 1554 559 aut
1576 529 1759 559 immediate
1786 535 1917 569 tangens
1941 535 1972 559 et
1991 536 2099 569 tegens
2122 531 2249 560 Arcam.
2274 532 2424 560 Attamen

1350 573 1503 613 supinum
1527 573 1606 603 adeo
1631 583 1769 603 errorem
1792 573 1940 603 Thomae
1959 573 2123 613 Lemosio,
2149 573 2259 604 locum
2277 573 2426 604 Thomae

1349 616 1518 657 Aquinatis
1540 617 1759 658 interpolanti,
1789 617 1898 647 tribuit
1921 618 2131 659 Raynaudus:
2163 617 2335 658 ipsumque
2359 628 2425 648 am-

1350 660 1443 700 plecti
1466 661 1534 701 ipse
1556 661 1690 692 videtur.
1710 661 1856 692 Nimium
1880 668 1961 692 certe
1980 662 2115 692 obscura
2138 668 2213 692 sunt
2235 668 2266 692 et
2286 662 2425 702 implexa

1349 705 1444 734 verba
1467 705 1545 736 eius.
1569 705 1624 736 Ait
1647 705 1749 736 enim:
1777 719 1792 734 α
1810 706 1965 743 Quamvis
1989 706 2078 746 quod
2101 707 2220 736 Lemos
2243 706 2336 736 erasit
2359 704 2424 747 (la-

1352 760 1367 775 »
1384 748 1499 790 pidea)
1524 755 1605 779 esset
1628 749 1759 779 falsum:
1784 755 1815 780 et
1838 750 1927 790 quod
1950 749 2018 790 ipse
2037 750 2199 781 substituit
2217 748 2362 792 (lignea)
2386 750 2426 781 sit

1353 804 1368 819 »
1389 792 1607 830 verissimum;
1630 799 1738 823 tamen
1764 793 1916 824 mentitur
1937 794 1994 834 qui
2018 793 2061 824 ait
2083 801 2229 825 sanctum
2261 794 2426 825 Thomam

1352 848 1368 864 ι
1390 836 1423 866 in
1447 846 1479 866 re
1503 836 1667 877 proposita
1690 837 1802 867 dixisse
1825 837 1999 876 veritatem,
2023 844 2060 868 ut
2083 838 2111 868 ei
2134 839 2252 869 Lemos
2282 838 2426 869 falsarius

1352 892 1367 907 »
1390 880 1540 911 attribuit.
1558 892 1573 907 ²
1596 880 1769 911 Veritatem
1785 882 1818 911 in
1838 891 1875 911 re
1884 882 2052 921 proposita
2072 882 2111 912 ab
2130 882 2289 923 Aquinate
2308 883 2426 913 dictam

1350 924 1572 965 patefecimus:
1606 924 1775 966 eidemque
1805 925 1971 966 quidpiam
1994 925 2028 956 in
2057 926 2169 956 eadem
2199 936 2232 956 re
2261 926 2428 966 proposita

1350 970 1389 1000 ab
1405 969 1556 1000 Lemosio
1573 969 1728 1000 tributum
1743 969 1843 1009 ipsius
1860 969 2027 1010 Raynaudi
2046 969 2210 1000 somnium
2236 976 2292 1000 est.
2321 971 2427 1001 Immo

1351 1020 1406 1044 aut
1423 1013 1491 1054 ipse
1510 1013 1692 1054 turpissime
1711 1013 1826 1044 labitur
1840 1013 1866 1044 si
1881 1015 2144 1054 propitiatorium
2165 1013 2261 1044 fuisse
2281 1014 2426 1055 ligneum

1351 1058 1469 1089 credat:
1494 1064 1549 1089 aut
1568 1065 1650 1089 certe
1674 1057 1780 1089 scribit
1806 1058 2012 1099 loquiturque
2030 1058 2275 1099 imperitissime.
2295 1058 2427 1088 Falsum

1350 1102 1470 1144 quippe
1490 1109 1546 1141 est,
1571 1102 1712 1133 tabulam
1735 1102 1834 1141 inam,
1859 1112 1941 1143 quae
1957 1109 2022 1133 erat
2038 1103 2311 1143 propitiatorium,
2329 1102 2426 1133 fuisse

1351 1147 1526 1188 lapideam:
1556 1157 1612 1177 cur
1635 1157 1709 1187 ergo
1739 1146 1783 1178 ita
1805 1147 1961 1188 loqueris,
1989 1149 2137 1188 quamvis
2164 1152 2246 1178 esset
2266 1146 2427 1188 salsum?

1350 1193 1462 1232 Aeque
1486 1191 1607 1222 abludit
1630 1201 1648 1222 a
1675 1201 1770 1230 vero,
1802 1191 1944 1222 tabulam
1975 1192 2121 1222 eamdem
2145 1191 2241 1222 fuisse
2265 1192 2427 1232 ligneam:

1350 1245 1406 1266 cur
1429 1245 1504 1276 ergo
1527 1236 1570 1267 ita
1599 1235 1725 1276 scribis,
1754 1237 1901 1277 quamvis
1923 1237 1965 1267 sit
1987 1236 2214 1268 verissimum?
2237 1235 2297 1267 Sus
2321 1235 2425 1276 deque

1349 1280 1522 1311 miscentur
1545 1279 1664 1312 omnia.
