2788 4204
40 450 48 458 ·
59 448 148 470 Codd.:
163 448 214 469 sive
223 448 251 469 i!-

38 474 143 500 1ud{c‚
159 474 199 500 id)
221 474 254 496 sit

38 501 139 529 aliquid.

37 602 47 610 '
54 605 112 622 Anni:
119 611 130 614 -
140 605 168 620 iu:
182 601 251 620 nalu-

37 632 82 648 rae
94 625 188 651 (efivn
201 625 251 646 Me-

36 653 252 683 taphys.,lect.xm).

36 691 47 696 -
65 685 79 700 c
95 682 180 700 omittit
201 682 250 700 tum

36 707 199 732 naturae,tum
205 711 252 726 ma-

35 732 121 754 teriae.

36 926 46 935 ⁶
57 925 93 946 Cf.
115 924 248 947 Commeat.

34 951 104 973 ssrn.
119 951 143 973 in
157 951 197 973 lib.
206 951 250 972 vn

34 977 181 1026 Axiligfaphys„
197 978 249 1000 lect.

35 1244 48 1256 ⁴
53 1243 173 1266 codd-m
178 1243 248 1272 quod.

34 1301 98 1350 :3⁸⁰²
106 1300 250 1323 aeter-mina-

1144 311 1255 348 cAP.
1286 313 1373 361 vn,

281 392 465 433 repugnat
497 385 531 421 ei
560 385 666 434 quod
695 394 751 423 est
783 399 867 424 esse
895 388 933 424 in
961 389 1144 437 pluribus,
1181 391 1249 427 sed
1277 392 1352 428 hoc

280 438 485 487 impeditur
504 439 552 474 ab
573 439 700 487 aliquo
721 439 807 486 alio,
825 440 906 477 sive
926 441 971 478 sit
986 442 1157 491 aliquid*
1178 444 1350 481 acciden-

279 491 399 528 taliter
418 491 638 538 adveniens,
660 500 752 540 puta
776 493 807 529 si
827 494 1007 531 omnibus
1027 496 1248 534 hominibus
1267 510 1350 534 mo-

280 544 460 581 rientibus
487 557 587 581 unus
616 547 720 582 solus
748 555 979 595 remaneret,
1014 548 1094 586 sive
1124 550 1169 586 sit
1195 559 1352 599 propter

280 597 538 634 conditionem
558 598 739 635 materiae
754 599 785 645 ³¹⁶,
806 599 902 637 sicut
923 609 977 638 est
995 614 1095 638 unus
1114 610 1260 640 tantum
1281 606 1349 651 sol,

278 663 357 688 non
385 650 491 699 quod
510 659 695 700 repugnet
723 652 858 689 rationi
887 654 999 691 solari
1020 667 1102 692 esse
1122 656 1160 693 in
1179 657 1350 705 pluribus

279 704 492 741 secundum
522 705 782 743 conditionem
815 707 962 744 formae
990 707 1124 756 ipsius,
1165 710 1232 747 sed
1262 711 1351 759 quia

277 769 357 794 non
386 765 442 794 est
469 757 542 794 alia
575 758 734 795 materia
762 761 978 809 susceptiva
1009 762 1092 799 talis
1121 763 1284 810 formae3
1315 772 1351 801 et

278 810 365 848 ideo
394 823 474 848 non
503 811 593 848 dixit
621 812 727 860 quod
749 813 963 851 universale
994 822 1050 852 est
1078 817 1183 864 quod
1201 817 1349 865 praedi-

279 872 383 902 catur
418 864 465 901 de
502 865 694 913 pluribus,
730 866 797 903 sed
832 868 934 915 quod
964 874 1093 916 aptum
1131 876 1261 907 natum
1299 877 1352 907 est

272 918 494 967 praedicari
519 919 565 955 de
585 919 760 967 pluribus
782 921 811 956 ²⁸.

332 973 368 1009 6.
404 972 505 1008 Cum
540 980 669 1009 autem
705 973 830 1010 omnis
865 974 1006 1021 forma,
1043 987 1141 1023 quae
1175 984 1263 1012 nata
1295 984 1351 1012 est

278 1025 394 1074 recipi
422 1025 461 1062 in
489 1025 647 1062 materia
676 1034 861 1074 quantum
891 1034 947 1063 est
975 1027 1023 1064 de
1052 1041 1104 1075 se,
1136 1029 1349 1065 communi-

279 1078 407 1115 cabilis
435 1078 482 1115 sit
509 1079 636 1115 multis
665 1080 849 1124 materiis;
887 1080 1084 1128 dupliciter
1106 1089 1232 1129 potest
1261 1094 1350 1118 con-

277 1131 420 1179 tingere
440 1131 545 1180 quod
565 1131 603 1168 id
627 1132 733 1180 quod
754 1133 985 1181 significatur
1004 1146 1074 1182 per
1094 1146 1250 1180 nomen,
1271 1147 1350 1171 non

278 1185 323 1221 sit
360 1192 492 1233 aptum
536 1191 669 1221 natum
706 1185 917 1234 praedicari
955 1186 1003 1223 de
1039 1186 1222 1235 pluribus.
1262 1187 1348 1224 Uno

277 1237 410 1285 modo,
431 1237 520 1286 quia
539 1238 559 1256 ⁴*
579 1250 723 1275 nomen
747 1239 932 1287 significat
950 1239 1116 1276 formam
1136 1240 1349 1277 secundum

277 1290 383 1340 quod
411 1290 611 1328 terminata
626 1292 646 1310 ⁴
668 1299 723 1328 est
741 1293 790 1329 ad
809 1293 909 1329 hanc
928 1292 1140 1339 materiam,
1161 1293 1257 1330 sicut
1275 1294 1350 1330 hoc

277 1356 425 1393 nomen
441 1345 617 1381 Socrates
635 1345 697 1381 vel
713 1346 832 1392 Plato,
850 1346 956 1394 quod
975 1345 1159 1393 significat
1174 1354 1349 1383 naturam

214 1403 221 1404 ’
262 1390 487 1435 'humanam
514 1405 630 1446 prout
658 1406 714 1435 est
732 1398 770 1435 in
795 1400 867 1436 hac
895 1399 1063 1437 materia.
1094 1399 1180 1435 Alio
1209 1400 1347 1448 modo,

33 1514 78 1536 ‘az
93 1514 201 1542 nupta
215 1513 249 1536 in.

35 1723 48 1733 ⁶
53 1722 178 1746 commen.
185 1721 252 1744 slrh.

37 1749 90 1772 lect.
96 1755 134 1771 v.-
141 1749 185 1771 Ed.
196 1748 249 1771 Did.

37 1775 78 1798 lib.
88 1775 131 1804 VI,
139 1781 190 1804 cap.
207 1781 250 1803 xv,

32 1808 60 1824 n.
69 1809 93 1829 ⁴-

34 1828 135 1879 ?lag’dd.
150 1855 250 1878 melius:

27 1880 159 1909 individea
176 1887 251 1911 qaae-

277 1451 490 1488 secundum
501 1451 607 1500 quod
617 1464 761 1488 nomen
772 1452 958 1500 significat
967 1454 1144 1499 formam,
1157 1465 1256 1502 quae
1270 1466 1348 1491 non

268 1511 334 1542 .est
348 1512 435 1542 nata
450 1505 488 1542 in
502 1505 522 1526 *
541 1505 700 1542 materia
715 1505 842 1554 recipi,
866 1507 968 1543 unde
990 1513 1141 1555 oportet
1155 1507 1260 1555 quod
1280 1520 1350 1556 per

277 1570 319 1595 se
338 1565 534 1595 remaneat
551 1570 630 1595 una
650 1565 686 1595 et
705 1558 921 1607 singularis;
946 1560 1041 1596 sicut
1065 1559 1214 1605 albedo,
1241 1559 1271 1596 si
1292 1573 1348 1597 es-

278 1618 335 1648 set
358 1612 482 1648 forma
501 1624 580 1649 non
600 1611 762 1649 existens
782 1612 820 1649 in
839 1613 1016 1659 materia,
1039 1620 1137 1649 esset
1154 1625 1231 1649 una
1251 1614 1343 1661 sola,

277 1665 380 1702 unde
401 1672 500 1702 esset
519 1665 730 1713 singularis:
761 1672 798 1702 et
822 1674 979 1715 propter
997 1667 1072 1703 hoc
1091 1666 1347 1715 Philosophus

279 1717 367 1755 dicit
386 1718 424 1755 in
442 1719 512 1755 VII
532 1719 748 1767 Metaphys.
773 1720 792 1740 ’¹‘
812 1720 917 1768 quod
936 1720 967 1756 si
982 1727 1108 1757 essent
1127 1719 1274 1768 species
1290 1733 1346 1756 re-

278 1783 364 1808 rum
380 1779 587 1820 separatae,
600 1772 695 1809 sicut
704 1772 831 1821 posuit
841 1773 962 1820 Plato,
972 1780 1098 1810 essent
1112 1772 1344 1810 individua*.

332 1837 368 1874 7.
384 1826 658 1862 potestantem
674 1825 786 1863 obiici
802 1826 908 1874 quod
921 1827 997 1862 hoc
1011 1838 1155 1862 nomen
1171 1827 1348 1863 Socrates

276 1879 339 1915 vel
365 1879 475 1915 Plato
505 1886 561 1915 est
579 1885 712 1915 natum
741 1879 789 1916 de
812 1879 985 1928 pluribus
1010 1879 1237 1928 praedicari,
1260 1880 1348 1928 quia

275 1931 367 1968 nihil
394 1931 572 1980 prohibet
597 1932 738 1969 multos
767 1938 862 1979 esse,
885 1932 949 1981 qui
977 1940 1165 1969 vocentur
1177 1933 1259 1973 ,hoc
1279 1945 1347 1969 no-

276 1984 391 2022 mine.
403 2005 428 2012 -
445 1984 523 2022 Sed
542 1985 591 2022 ad
610 1985 685 2022 hoc
703 1993 807 2034 patet
826 1986 1036 2035 responsio,
1058 1985 1089 2022 si
1109 1986 1349 2023 attendantur

274 2038 395 2075 verba
422 2038 643 2075 Aristotelis.
674 2039 759 2087 Ipse
788 2039 892 2076 enim
924 2051 1003 2076 non
1033 2039 1157 2076 divisit
1191 2039 1348 2077 nomina

277 2222 325 2240 seu
339 2214 418 2243 ratio,
434 2221 514 2246 quam
527 2212 654 2246 significat
667 2213 781 2239 definitio
795 2212 845 2248 (Cf.
865 2222 886 2239 s.
897 2214 948 2239 Th.
959 2215 1016 2240 lect.
1028 2215 1069 2240 cit.
1080 2223 1110 2241 ex
1125 2216 1157 2240 111
1173 2216 1215 2241 De
1233 2216 1351 2247 anima),

277 2257 304 2276 et
316 2250 408 2275 dicitur
421 2249 498 2274 etiam
511 2249 583 2282 quod
598 2249 663 2282 quid
675 2253 735 2275 erat
748 2257 803 2275 esse
818 2255 843 2275 et
857 2250 1002 2283 quidditas.
1015 2251 1090 2276 Ratio
1104 2251 1196 2276 harum
1212 2252 1352 2276 dictionum

277 2290 318 2312 est
335 2284 528 2319 philosophica:
544 2284 565 2309 si
581 2285 649 2309 enim
669 2290 807 2318 quaeratur
825 2286 891 2318 quid
904 2286 937 2311 sit
954 2286 1003 2311 hoc
1015 2287 1057 2311 vel
1073 2286 1152 2311 illud?
1173 2295 1220 2320 per
1238 2287 1351 2312 vocabu-

277 2322 332 2347 lum
345 2321 411 2354 quid
430 2320 570 2345 intenditur
583 2328 598 2345 a
613 2325 753 2353 quaerente
767 2321 887 2352 essentia,
903 2329 982 2354 quam
1002 2322 1182 2355 interrogando
1200 2323 1255 2347 vult
1273 2331 1352 2355 agno-

276 2364 358 2382 scere.
379 2356 446 2381 Hinc
471 2363 568 2381 nomen
594 2356 763 2388 quidditatis.
773 2357 840 2381 —Ex
861 2357 956 2390 quibus
982 2357 1131 2390 intelligitur
1157 2359 1250 2383 eodem
1274 2366 1353 2383 sensu

278 2399 360 2426 penes
374 2391 548 2416 Scholasticos
561 2391 681 2424 usurpari
696 2392 830 2422 dictiones,
840 2393 984 2418 secundum
999 2393 1143 2425 propriam
1159 2394 1299 2422 rationem,
1314 2401 1354 2419 se-

277 2427 395 2453 cundum
413 2427 563 2455 essentiam,
577 2427 723 2452 secundum
744 2427 932 2460 definitionem,
947 2429 1092 2454 secundum
1112 2429 1299 2461 quidditatem,
1314 2437 1357 2454 se·-

276 2462 396 2489 cundum
415 2462 487 2495 quod
505 2462 570 2495 quid
588 2466 628 2487 est
644 2467 706 2493 etc.,
726 2470 794 2495 quae
817 2463 916 2496 passim
935 2463 961 2488 in
980 2472 1071 2488 eorum
1090 2464 1190 2497 scriptis
1209 2470 1354 2490 occurrunt.

330 2497 356 2532 ζ)
380 2498 532 2523 Universale
547 2497 646 2523 dicitur
661 2503 708 2522 etc.
727 2498 775 2522 Est
788 2498 863 2523 lectio
882 2499 1000 2531 explicita
1018 2500 1093 2524 codd.
1107 2500 1161 2531 AC,
1177 2505 1202 2524 et
1216 2508 1273 2524 eam
1292 2500 1354 2525 ado-

277 2539 389 2568 ptamus,
405 2533 602 2566 quia-germana
616 2538 656 2558 est
666 2539 691 2559 et
699 2541 769 2558 vera.
784 2534 876 2559 Cod.B
890 2534 968 2559 habet
982 2535 1118 2559 lectionem
1134 2535 1188 2560 fere
1203 2535 1354 2560 identicam:

279 2569 428 2595 universale
442 2568 542 2594 dicitur
558 2569 630 2601 quod
649 2567 776 2603 (quando)
797 2577 849 2594 non
868 2570 952 2595 solum
972 2577 1066 2595 nomen
1082 2574 1167 2602 prout
1186 2569 1301 2605 (potest)
1322 2571 1355 2596 de

271 2605 398 2638 pluribus
411 2604 577 2636 praedicari,
592 2604 639 2629 sed
654 2604 683 2629 id
696 2604 768 2637 quod
781 2609 855 2630 etc.-
865 2605 983 2630 Obiectio
999 2611 1039 2630 est
1054 2606 1124 2638 quod
1140 2614 1236 2631 nomen
1248 2607 1354 2637 alicuius

278 2640 402 2666 individui
417 2640 450 2664 sit
463 2639 581 2672 pluribus
591 2639 647 2664 aliis
657 2640 793 2665 individuis
813 2648 960 2672 commune,
969 2646 998 2666 ut
1008 2649 1105 2666 nomen
1123 2641 1234 2666 Socratis
1245 2649 1267 2667 e.
1277 2650 1302 2675 g.
1312 2643 1354 2667 vel

278 2675 392 2701 Platonis
398 2682 406 2706 ;
425 2680 451 2700 et
466 2683 496 2700 ex
511 2675 562 2700 hoc
578 2675 738 2701 concluditur
756 2681 845 2701 contra
861 2675 1035 2709 praedefinita,
1049 2677 1119 2710 quod
1139 2685 1191 2702 non
1205 2677 1286 2702 solius
1298 2677 1355 2702 uni-

278 2711 388 2736 versalis
402 2711 435 2735 sit
449 2711 696 2736 communicabilitas
711 2712 743 2736 ad
758 2712 870 2744 plura.—
879 2712 1061 2745 Respondetm·
1075 2717 1160 2737 autem
1175 2713 1246 2746 quod
1256 2714 1357 2738 Aristo-

279 2747 344 2772 teles
363 2754 416 2771 non
437 2746 556 2777 nomina,
575 2747 622 2771 sed
640 2754 682 2772 res
702 2747 791 2772 dividit
808 2747 834 2772 in
852 2747 1012 2772 universales
1030 2753 1056 2773 et
1074 2748 1230 2780 singulares3
1254 2754 1280 2774 et
1298 2749 1356 2774 ideo

279 2782 301 2807 si
317 2782 391 2807 detur
408 2782 513 2815 aliquod
531 2790 636 2813 nomen,
656 2790 709 2815 quo
728 2783 802 2816 plura
817 2783 948 2808 individua
967 2783 1171 2815 denominantur,
1191 2783 1253 2816 quin
1268 2789 1355 2809 tamen

280 2818 314 2843 sit
331 2817 449 2851 pluribus
468 2817 690 2843 communicabilis
711 2826 753 2843 res
774 2817 916 2851 significata
935 2827 982 2852 per
1001 2827 1097 2844 nomen
1116 2820 1186 2850 illud,
1210 2820 1356 2845 universale

277 2853 384 2886 proprie
402 2861 455 2878 non
473 2853 596 2884 habetur,
620 2854 666 2878 sed
685 2854 852 2879 solummodo
870 2854 980 2879 habetur
998 2862 1094 2879 nomen
1113 2855 1285 2888 aequivocum
1304 2855 1356 2888 (Cf.

281 2889 339 2913 lect.
350 2895 376 2919 V,
386 2897 412 2913 n.
429 2896 468 2922 19,
479 2893 532 2913 not.
543 2886 576 2921 ξ).
593 2889 664 2914 Haec
678 2894 718 2914 est
733 2897 808 2914 mens
827 2897 849 2914 s.
859 2889 986 2920 Thomae,
997 2895 1023 2914 et
1035 2890 1100 2915 hanc
1120 2896 1234 2915 mentem
1254 2890 1357 2916 exhibet

300 2923 417 2956 empicue
435 2923 510 2948 lectio
529 2924 604 2949 codd.
618 2925 686 2949 ΑΒΕ
700 2933 715 2950 a
730 2925 805 2950 nobis
820 2925 947 2958 adoptata.
966 2925 1055 2950 Lectio
1077 2926 1156 2950 Piana
1175 2934 1228 2950 non
1247 2926 1356 2951 dilucide

281 2958 350 2983 hunc
364 2958 467 2983 exhibet
479 2966 596 2990 sensum,
609 2959 658 2984 nisi
671 2959 737 2985 forte
747 2960 781 2985 sit
790 2960 867 2985 etiam
880 2960 1032 2993 aequivoca:
1049 2961 1197 2987 universale
1207 2969 1258 2987 non
1270 2962 1355 2987 solum

282 2993 384 3018 dicitur
401 2993 508 3026 quando
523 3001 616 3019 nomen
631 2998 722 3027 potest
736 2995 769 3020 de
776 2995 901 3028 pluribus
911 2996 1075 3028 praedicari,
1091 2997 1139 3022 sed
1155 2997 1236 3022 etiam
1249 2997 1356 3030 quando

283 3028 313 3053 id
322 3028 450 3059 etc.1mo,
463 3029 611 3054 universale
625 3030 717 3055 dicitur
731 3031 860 3055 exclusive
874 3032 980 3063 quando
995 3039 1048 3056 non
1058 3033 1144 3057 solum
1159 3040 1255 3057 nomen
1270 3037 1358 3066 potest

279 3064 315 3088 de
329 3063 449 3096 pluribus
463 3064 612 3096 praedicari,
627 3065 674 3090 sed
689 3065 714 3090 id
729 3066 801 3098 quod
816 3065 973 3098 significatur
989 3074 1036 3099 per
1049 3075 1146 3092 nomen
1159 3072 1233 3093 etc.—-
1242 3068 1278 3093 D:
1299 3068 1356 3092 uni-

282 3099 384 3124 versale
399 3098 499 3124 dicitur
517 3106 568 3124 non
587 3100 672 3125 solum
686 3101 793 3133 quando
814 3108 908 3126 nomen
922 3105 1013 3134 potest
1031 3102 1064 3127 de
1073 3103 1197 3135 pluribus
1212 3104 1355 3135 praedica-

283 3134 324 3163 ri,
349 3134 396 3159 sed
414 3133 481 3159 illud
499 3134 571 3166 quod
588 3135 757 3168 significatur
776 3141 823 3161 etc.
843 3136 929 3161 Prima
947 3145 1007 3170 pars
1027 3138 1146 3163 convenit
1163 3146 1223 3163 cum
1243 3139 1354 3163 editione

282 3170 373 3199 Piana3
397 3169 443 3194 sed
462 3170 575 3194 secunda
589 3178 649 3203 pars
671 3171 706 3195 ob
729 3171 898 3196 omissionem
917 3172 1055 3205 particulae
1077 3173 1158 3198 etiam
1174 3173 1252 3207 (quae
1271 3174 1356 3206 requi-

282 3209 381 3230 reretur
405 3205 427 3229 si
458 3204 528 3237 ptius
553 3205 693 3236 legendum
720 3211 790 3231 esset
813 3214 865 3232 non
895 3208 980 3232 solum
1004 3208 1127 3242 quando)
1153 3209 1247 3233 indicat
1269 3209 1357 3234 lectio-

283 3248 344 3265 nem
364 3240 438 3264 codd.
452 3240 631 3265 ABG—eod.
650 3241 686 3266 E:
706 3242 854 3267 universale
877 3242 976 3268 dicitur
994 3244 1101 3276 quando
1125 3244 1151 3268 in
1176 3252 1256 3268 unum
1271 3245 1356 3269 solum

284 3274 313 3308 (f.
328 3283 382 3300 non
395 3273 497 3309 solum)
514 3283 607 3300 nomen
622 3279 713 3308 potest
727 3277 760 3302 de
768 3277 892 3309 pluribus
905 3278 1070 3310 praedicari,
1085 3279 1132 3304 sed
1147 3279 1228 3304 etiam
1243 3280 1272 3304 id
1286 3279 1358 3311 quod

282 3311 453 3344 significatur
466 3315 514 3335 etc.
529 3311 604 3341 Quae
622 3311 697 3336 lectio
715 3312 818 3337 videtur
836 3312 922 3338 favere
945 3314 1028 3346 magis
1044 3314 1146 3339 lectioni
1169 3314 1245 3339 codd.
1255 3333 1262 3345 ,
1277 3322 1356 3347 quam

284 3347 386 3371 Pianae.

337 3380 365 3415 η)
381 3381 550 3414 Significabit
577 3385 704 3407 naturam
723 3382 868 3408 humanam
892 3388 940 3408 etc.
961 3383 997 3408 lta
1021 3384 1095 3408 codd.
1115 3384 1319 3409 ACDE.—Cod.
1335 3385 1356 3408 B

283 3422 346 3450 post
362 3417 449 3446 verba,
465 3416 492 3441 in
507 3417 557 3442 hac
569 3417 691 3446 materia,
706 3417 801 3442 omittit
816 3418 869 3442 fere
883 3418 978 3448 omnia,
994 3426 1060 3451 quae
1075 3424 1226 3451 sequuntur,
1240 3425 1265 3444 et
1278 3419 1356 3444 habet

284 3453 467 3478 tantummodo
485 3452 549 3476 haec
567 3452 659 3477 verba:
679 3455 707 3477 et
723 3453 761 3478 sic
779 3453 836 3478 eius
849 3453 905 3478 alia
922 3453 1092 3486 significatio,
1108 3461 1159 3479 non
1181 3454 1232 3479 erit
1251 3455 1357 3479 univer-

277 3488 340 3513 sale
357 3487 406 3513 sed
423 3487 604 3520 aequivocum.
628 3487 706 3518 Quod
725 3488 842 3513 lectionis
861 3488 1034 3520 fragmentum
1054 3489 1116 3513 satis
1136 3493 1176 3513 est
1194 3495 1222 3513 ut
1241 3489 1356 3514 dicamus

285 3523 423 3548 lectionem
443 3523 546 3553 codicis,
561 3531 575 3548 a
594 3531 648 3556 quo
661 3523 787 3556 excripsit
805 3523 970 3548 amanuensis
995 3524 1052 3548 cod.
1071 3525 1100 3554 B,
1119 3523 1201 3548 fuisse
1219 3524 1356 3549 identicam

286 3566 346 3583 cum
365 3559 475 3583 lectione
489 3558 599 3583 aliorum
609 3559 689 3583 codd.
705 3558 786 3583 Porro
801 3558 864 3584 haec
883 3558 958 3583 codd.
973 3559 1048 3583 lectio
1064 3559 1200 3592 perspicua
1215 3564 1262 3590 est,
1278 3564 1356 3592 atque

286 3594 427 3626 respondet
436 3594 584 3619 immediate
598 3594 825 3627 praecedentibus:
840 3594 975 3628 significat
989 3598 1114 3619 naturam
1125 3595 1269 3619 humanam
1284 3600 1332 3620 etc.
1342 3609 1354 3614 -

286 3629 505 3662 P.:significab1·t
523 3629 612 3659 aliud,·
626 3633 653 3655 et
661 3633 776 3662 propter
794 3629 843 3654 hoc
862 3637 913 3655 non
933 3633 1000 3655 esset
1019 3630 1180 3659 universale,
1199 3630 1247 3655 sed
1265 3631 1354 3663 aequi-

285 3671 387 3689 vocum.
402 3665 497 3691 Forma
511 3665 699 3698 aliquantulum
710 3665 810 3690 diversa
824 3670 865 3690 est
878 3673 893 3690 a
907 3665 990 3696 codd„
1002 3673 1094 3690 sensus
1109 3666 1190 3690 idem:
1206 3665 1250 3698 qui
1268 3670 1354 3691 tamen

1404 302 1555 352 LECT.
1586 316 1620 351 X
2424 328 2476 364 47

1406 393 1444 430 in
1471 394 1687 431 universale
1707 401 1744 430 et
1762 394 1997 442 particulare,
2020 394 2087 431 sed
2108 407 2167 431 res
2183 396 2213 432 *.
2236 397 2285 433 Et
2303 396 2390 434 ideo
2420 398 2475 435 in·
2504 406 2514 416 ⁴

1406 446 1650 494 telligendum
1672 454 1727 484 est
1750 447 1855 496 quod
1879 447 2094 484 universale
2123 448 2258 485 dicitur
2272 449 2286 475 ς
2307 451 2473 498 quandO,

1406 512 1484 536 non
1504 501 1629 537 solum
1659 513 1803 537 nomen
1830 508 1955 549 potest
1983 500 2031 537 de
2052 501 2222 549 pluribus
2250 503 2472 551 praedicari,

1407 553 1474 589 sed
1507 553 1545 590 id
1561 583 1570 599 ,
1592 554 1697 602 quod
1726 553 1957 601 significatur
1975 566 2044 602 per
2076 566 2231 602 nomen,
2253 563 2309 592 est
2341 564 2473 593 natum

1405 605 1444 642 in
1462 606 1634 660 pluribus
1662 606 1843 652 inveniri;
1865 607 1940 643 hoc
1959 614 2087 644 autem
2121 620 2199 644 non
2229 609 2408 657 contingit
2436 610 2474 646 in

1405 659 1605 706 praedictis
1634 660 1871 696 nominibus:
1901 673 1990 697 nam
2020 661 2095 697 hoc
2123 673 2267 698 nomen
2297 663 2472 699 Socrates

1404 713 1466 748 vel
1491 713 1598 749 Plato
1624 713 1808 760 significat
1831 721 2004 750 naturam
2030 714 2240 751 humanam
2261 716 2473 752 secundum

1405 765 1510 813 quod
1530 771 1585 802 est
1612 765 1651 802 in
1670 767 1742 802 hac
1767 766 1935 802 materia.
1959 766 1998 803 Si
2024 779 2117 803 vero
2137 768 2213 804 hoc
2239 780 2384 805 nornen
2404 769 2474 805 im-

1403 826 1568 866 ponatur
1593 819 1696 855 alteri
1724 819 1869 855 homini
1900 819 2123 866 significabit
2147 828 2320 858 naturam
2340 822 2475 858 huma-

1404 883 1495 907 nam
1510 877 1524 894 ’1
1539 871 1577 908 in
1597 871 1668 908 alia
1688 871 1862 917 materia3
1885 880 1921 908 et
1940 872 1993 908 sic
2012 872 2092 908 eius
2113 873 2181 910 erit
2199 874 2271 910 alia
2290 874 2475 922 significa-

1404 924 1474 969 tio;
1495 924 1598 961 unde
1619 937 1697 961 non
1717 924 1786 960 erit
1807 925 2033 971 universale,
2055 926 2123 962 sed
2149 927 2416 975 aequivocum.

1460 978 1494 1013 8.
1516 977 1666 1014 Deinde
1687 989 1774 1013 cum
1805 977 1909 1013 dicit:
1929 978 2093 1015 Necesse
2120 985 2174 1015 est
2199 986 2324 1017 autem
2359 993 2475 1018 enun-

1405 1030 1507 1066 ciare
1536 1037 1628 1077 etc.,
1668 1030 1858 1066 concludit
1887 1030 2114 1068 divisionem
2151 1033 2422 1070 enunciationis
2447 1031 2474 1070 ⁰.

1406 1082 1507 1128 Quia
1523 1082 1624 1118 enim
1645 1095 1798 1131 semper
1814 1083 2035 1120 enunciatur
2055 1085 2195 1133 aliquid
2212 1085 2259 1122 de
2275 1087 2399 1135 aliqua
2415 1099 2472 1132 re;

1406 1147 1533 1171 rerum
1554 1143 1683 1171 autem
1703 1136 1894 1183 quaedam
1915 1144 2001 1173 sunt
2019 1137 2262 1185 universalia,
2285 1140 2474 1188 quaedam

1406 1187 1624 1235 singularia;
1645 1201 1801 1224 necesse
1827 1197 1883 1225 est
1911 1190 2016 1238 quod
2045 1191 2275 1239 quandoque
2300 1193 2475 1229 enuncie-

1405 1248 1465 1277 tur
1493 1241 1634 1289 aliquid
1658 1241 1776 1278 inesse
1798 1242 1860 1278 vel
1891 1254 1965 1278 non
1991 1243 2107 1279 inesse
2140 1244 2249 1280 alicui
2281 1246 2474 1282 universa-

1405 1294 1510 1340 lium,
1532 1294 1764 1343 quandoque
1783 1306 1878 1331 vero
1899 1295 2008 1332 alicui
2028 1295 2274 1343 singularium
2288 1299 2318 1335 ²¹².
2350 1300 2398 1335 Et
2419 1307 2475 1336 est

1405 1347 1630 1396 suspensiva
1650 1348 1878 1384 constructio
1897 1361 2019 1397 usque
2039 1350 2129 1395 hue,
2152 1357 2188 1386 et
2208 1358 2263 1387 est
2283 1364 2415 1388 sensus
2437 1353 2473 1388 *z

1409 1401 1596 1442 Quoniam
1631 1407 1756 1438 autem
1789 1407 1877 1437 sunt
1902 1402 1995 1438 haec
2032 1403 2180 1450 quidem
2218 1416 2345 1441 rerum
2384 1413 2475 1452 etc.,

1404 1466 1551 1490 necesse
1573 1460 1628 1491 est
1652 1455 1857 1491 enunciare
1885 1462 1953 1491 etc.

1458 1519 1493 1555 9.
1517 1508 1584 1544 Est
1603 1515 1731 1544 autem
1747 1508 1767 1528 '¹‘
1787 1508 2108 1545 considerandum
2129 1509 2234 1558 quod
2257 1509 2304 1546 de
2323 1510 2475 1547 univer-

1403 1560 1470 1597 sali
1499 1560 1640 1609 aliquid
1658 1561 1891 1597 ‘enunciatur
1919 1569 2083 1610 quatuor
2102 1562 2239 1599 modis.
2270 1564 2374 1600 Nam
2392 1564 2474 1600 uni-

1403 1614 1551 1650 versale
1574 1621 1700 1662 potest
1723 1626 1801 1650 uno
1826 1614 1946 1651 modo
1977 1615 2206 1652 considerari
2236 1617 2343 1664 quasi
2369 1629 2476 1666 sepa-

1402 1674 1526 1703 ratum
1556 1679 1577 1703 a
1602 1667 1862 1714 singularibus,
1885 1668 1965 1704 sive
1984 1680 2054 1716 per
2077 1681 2118 1705 se
2140 1669 2159 1690 '¹‘
2182 1669 2410 1717 subsistens,
2436 1678 2477 1707 ut

1402 1721 1509 1756 Plato
1542 1720 1688 1768 posuit,
1731 1720 1832 1768 sive,
1872 1721 2085 1758 secundum
2124 1723 2349 1760 sententiam
2393 1724 2475 1760 Ari-

1401 1773 1567 1820 stotelis,
1607 1773 1819 1810 secundum
1856 1786 1934 1810 esse
1970 1775 2075 1823 quod
2107 1776 2222 1812 habet
2259 1776 2297 1812 in
2334 1776 2475 1813 intelle-

1402 1834 1474 1863 ctu.
1506 1827 1554 1863 Et
1582 1826 1635 1863 sic
1662 1834 1787 1875 potest
1815 1827 1849 1863 ei
1879 1827 2018 1876 aliquid
2048 1828 2197 1865 attribui
2227 1829 2433 1878 dupliciter.
2450 1851 2474 1858 —

1402 1879 1647 1928 Quandoque
1685 1880 1788 1916 enim
1825 1881 2036 1918 attribuitur
2074 1881 2106 1918 ei
2146 1882 2198 1918 sic
2237 1883 2474 1920 considerato

1402 1933 1554 1982 aliquid,
1585 1933 1690 1982 quod
1717 1933 1879 1982 pertinet
1911 1934 1959 1971 ad
1979 1935 2100 1971 solam
2129 1935 2393 1984 operationem
2421 1937 2476 1973 in—

1400 1987 1581 2032 tellectus,
1611 1994 1652 2023 ut
1671 1986 1701 2023 si
1722 1986 1866 2024 dicatur
1889 1988 1994 2036 quod
2012 1989 2124 2025 homo
2149 1995 2203 2025 est
2222 1990 2478 2037 praedicabile

1402 2040 1450 2077 de
1479 2040 1617 2087 multis,
1644 2040 1724 2076 sive
1752 2040 1983 2088 universale,
2014 2041 2094 2078 sive
2123 2042 2268 2090 species
2287 2049 2305 2079 ⁸.
2337 2042 2476 2080 Huius-

1405 2216 1589 2241 determinatus
1609 2217 1691 2249 magis
1711 2222 1751 2242 est
1770 2222 1795 2242 et
1817 2217 1973 2247 enucleatior
1997 2225 2028 2242 ex
2047 2218 2120 2242 codd.
2145 2226 2223 2250 quam
2247 2226 2277 2243 ex
2301 2219 2391 2250 Piana,
2415 2218 2476 2251 quia

1405 2252 1469 2276 illud
1493 2252 1655 2285 significabit
1678 2253 1754 2277 aliud
1776 2260 1823 2285 per
1852 2253 2013 2286 significabit
2043 2257 2168 2278 naturam
2195 2254 2339 2279 humanam
2365 2255 2391 2279 in
2420 2254 2475 2279 alia

1406 2288 1531 2315 materia,
1552 2288 1694 2312 declaratur
1712 2293 1737 2312 et
1756 2289 1947 2312 determinatur.

1459 2321 1483 2356 θ)
1502 2323 1642 2348 Concludit
1656 2323 1810 2348 divisionem
1826 2324 2025 2349 enunciationis.
2037 2324 2131 2349 Codd.:
2142 2325 2277 2350 concludit
2285 2332 2323 2350 ex
2327 2325 2476 2357 praedictis

1406 2356 1469 2391 (DE
1483 2365 1521 2383 ex
1534 2357 1694 2393 praemisis)
1711 2359 1866 2384 divisionem
1880 2359 2082 2384 enunciationis.
2101 2360 2133 2384 Et
2152 2364 2192 2384 est
2205 2361 2297 2385 melior
2313 2361 2402 2385 lectio:
2415 2369 2476 2385 nam

1405 2401 1495 2418 revera
1508 2401 1546 2418 ex
1559 2394 1716 2426 praemissis
1729 2394 1881 2419 Aristoteles
1897 2395 1992 2427 colligit
2006 2393 2157 2420 division'em
2172 2396 2364 2421 enunciationis.
2374 2409 2394 2414 -
2408 2396 2476 2421 Infra

1405 2437 1476 2460 vero,
1496 2437 1548 2453 non
1563 2429 1596 2454 de
1614 2430 1704 2462 aliquo
1723 2437 1782 2454 cum
1797 2430 1833 2460 P„
1847 2430 1893 2454 sed
1912 2438 1971 2455 cum
1987 2430 2085 2455 eisdem
2104 2431 2178 2455 codd.
2194 2431 2317 2463 legimus,
2333 2431 2367 2456 de
2385 2432 2475 2464 aliqua

1406 2472 1450 2489 re:
1468 2465 1584 2497 sequitur
1603 2465 1680 2496 enim,
1700 2472 1789 2490 rerum
1808 2469 1898 2490 autem
1917 2471 1965 2490 etc.

1461 2499 1479 2534 ι)
1500 2500 1562 2525 Sive
1582 2501 1737 2530 universale,
1752 2501 1807 2526 sive
1825 2501 1931 2533 species.
1949 2501 2142 2526 Attendendum
2166 2507 2205 2527 est
2226 2503 2258 2527 ad
2281 2502 2347 2527 hanc
2365 2502 2476 2535 primam

1407 2535 1639 2561 considerationem
1659 2536 1823 2565 universalis,
1844 2537 1876 2561 de
1890 2544 1943 2569 quo
1962 2537 2052 2562 dicitur
2070 2538 2141 2570 quod
2159 2537 2191 2562 sit
2209 2538 2306 2570 species
2324 2538 2366 2563 vel
2385 2545 2476 2571 genus,

1407 2579 1453 2595 seu
1467 2571 1659 2603 praedicabile.
1675 2572 1777 2597 Etenim
1790 2579 1846 2597 esse
1858 2572 2042 2604 praedicabile
2060 2573 2102 2597 vel
2121 2580 2176 2598 esse
2190 2580 2281 2606 genus,
2295 2574 2337 2598 vel
2351 2581 2406 2598 esse
2420 2581 2477 2605 spe-

1407 2607 1472 2631 ciem
1492 2612 1532 2632 est
1550 2614 1595 2632 ens
1614 2607 1744 2636 rationis,
1770 2607 1819 2632 hoc
1838 2612 1878 2632 est
1897 2615 1911 2632 a
1930 2609 1986 2632 sola
2009 2608 2114 2632 rationis
2139 2608 2342 2633 consideratione
2361 2609 2477 2635 additum

1407 2647 1513 2667 naturae
1526 2642 1673 2674 universali,
1698 2648 1824 2676 quatenus
1845 2643 1894 2667 sub
1916 2643 2037 2676 peculiari
2057 2644 2171 2676 quodam
2195 2645 2274 2669 modo
2298 2652 2341 2669 res
2365 2644 2397 2669 ab
2421 2644 2478 2677 ipsa

1407 2678 1505 2702 ratione
1524 2678 1701 2703 consideratur
1721 2676 1729 2712 (
1736 2678 1775 2703 Cf.
1795 2686 1873 2711 supra
1888 2677 1963 2714 n.4);
1984 2684 2009 2704 et
2028 2679 2086 2704 ideo
2110 2687 2162 2704 non
2185 2685 2254 2704 extra
2275 2680 2400 2704 rationem
2421 2680 2476 2704 ullo

1408 2713 1495 2744 modo,
1515 2714 1561 2738 sed
1580 2713 1605 2738 In
1624 2715 1680 2738 sola
1698 2714 1796 2738 ratione
1819 2714 1943 2745 existens,
1963 2714 2023 2747 quia
2050 2715 2075 2739 in
2095 2715 2150 2739 sola
2171 2715 2268 2740 ratione
2287 2723 2376 2739 revera
2395 2715 2478 2740 existit

1408 2753 1498 2773 natura
1515 2749 1668 2774 universalis
1686 2749 1735 2774 sub
1750 2749 1800 2774 hoc
1813 2755 1932 2782 respectu
1947 2755 2058 2782 accepta.
2074 2750 2124 2774 Sed
2139 2750 2206 2775 aliud
2220 2756 2258 2775 est
2273 2754 2371 2775 natura
2384 2758 2477 2775 secun-

1409 2785 1471 2808 dum
1485 2792 1523 2815 se,
1536 2784 1662 2810 obiective
1677 2792 1772 2817 nempe
1785 2790 1900 2818 accepta,
1915 2785 1983 2810 aliud
1998 2791 2038 2810 est
2052 2786 2145 2810 modus
2166 2786 2331 2818 intelligendi
2345 2791 2475 2810 naturam:

1408 2820 1468 2852 quia
1484 2819 1527 2844 illa
1541 2825 1566 2845 et
1580 2825 1650 2845 extra
1669 2826 1783 2845 mentem
1807 2826 1847 2845 est
1865 2826 1890 2845 et
1912 2828 1926 2845 a
1950 2826 2036 2845 mente
2060 2821 2248 2854 independens3
2273 2821 2366 2845 modus
2390 2826 2476 2845 autem

1407 2855 1565 2887 intelligendi
1586 2856 1687 2880 nonnisi
1702 2856 1727 2880 in
1741 2861 1828 2880 mente
1842 2860 1868 2880 et
1879 2864 1894 2880 a
1909 2861 1995 2881 mente
2009 2862 2055 2881 est.
2071 2856 2096 2881 Si
2116 2856 2173 2888 quis
2192 2864 2254 2888 ergo
2269 2856 2312 2888 (ut
2324 2861 2476 2889 conceptua-

1408 2891 1482 2915 listae
1497 2890 1607 2924 faciunt)
1622 2899 1636 2916 a
1650 2891 1729 2916 modo
1744 2891 1910 2924 intelligendi
1922 2896 2038 2916 naturam
2053 2892 2085 2916 ad
2101 2888 2226 2916 naturam
2241 2891 2323 2924 ipsam
2339 2892 2476 2916 conclude-

1407 2931 1460 2956 ret,
1481 2926 1589 2951 dicendo
1605 2927 1752 2952 universale
1767 2934 1825 2951 esse
1840 2934 1885 2951 ens
1900 2927 2018 2958 rationis,
2038 2927 2097 2959 quia
2110 2935 2168 2951 esse
2177 2926 2358 2958 praedicabile
2374 2934 2420 2951 seu
2430 2934 2477 2960 ge-

1410 2969 1459 2986 nus
1467 2963 1509 2986 vel
1520 2962 1617 2994 species
1632 2967 1672 2987 est
1690 2970 1737 2987 ens
1755 2962 1872 2992 rationis,
1888 2967 1984 2987 erraret
2002 2962 2150 2993 manifeste,
2167 2962 2346 2986 confundendo
2361 2962 2386 2986 id
2405 2962 2475 2995 quod

1408 2997 1434 3021 in
1452 2996 1591 3022 universali
1606 3002 1646 3022 est
1659 2998 1830 3022 subiet-tivum
1846 3006 1903 3022 cum
1924 3005 1955 3022 eo
1970 2998 2039 3030 quod
2054 2997 2079 3021 in
2094 2997 2151 3030 ipso
2165 2997 2302 3022 universali
2317 3002 2357 3022 est
2370 2997 2475 3022 obiecti-

1409 3040 1479 3057 vum.
1499 3032 1531 3057 Et
1549 3033 1682 3058 viceversa
1705 3038 1801 3057 erraret
1825 3033 1846 3057 si
1871 3033 1929 3065 quis
1949 3033 1994 3065 (ut
2008 3033 2230 3057 ultra—realismus
2251 3031 2424 3065 ratiocinatur)
2443 3032 2475 3057 ab

1409 3076 1440 3092 eo
1455 3068 1525 3100 quod
1540 3075 1595 3093 esse
1617 3071 1730 3093 naturae
1750 3068 1902 3093 universalis
1925 3068 2007 3093 existit
2027 3074 2095 3092 extra
2117 3073 2245 3099 mentem,
2271 3067 2375 3092 inferret
2399 3068 2475 3092 etiam

1408 3103 1516 3128 modum
1540 3103 1620 3136 ipsius
1644 3109 1748 3128 naturae
1770 3103 1921 3128 universalis
1943 3108 2012 3128 extra
2034 3108 2147 3128 mentem
2169 3103 2285 3128 existere.
2312 3104 2338 3128 S.
2358 3103 2475 3128 Thomas

1408 3143 1477 3163 recte
1495 3138 1675 3171 sapienterque
1694 3139 1757 3163 haec
1776 3139 1826 3163 duo
1846 3139 1983 3170 distinguit,
1999 3146 2093 3171 nempe
2116 3144 2231 3163 naturam
2255 3143 2281 3163 et
2304 3139 2412 3163 modum
2432 3146 2475 3163 na-

1408 3179 1480 3198 turae
1495 3174 1617 3204 additum,
1634 3179 1659 3199 et
1676 3174 1744 3198 iuxta
1756 3173 1822 3198 hanc
1835 3174 2032 3204 distinctionem,
2050 3179 2093 3198 aut
2111 3179 2186 3205 negat
2199 3178 2242 3198 aut
2256 3173 2365 3198 affirmat
2378 3174 2475 3198 realem

1409 3214 1479 3233 extra
1494 3214 1608 3233 mentem
1621 3209 1781 3234 existentiam
1796 3214 1907 3240 naturae,
1923 3217 1989 3242 quae
2004 3209 2093 3234 dicitur
2106 3209 2258 3234 universalis
2279 3206 2334 3243 (Cf.
2354 3209 2399 3233 VlI
2418 3208 2475 3233 Me-

1410 3244 1516 3277 taphys.
1537 3245 1594 3268 lect.
1608 3242 1673 3276 xm).
1697 3245 1782 3275 Quam
1801 3252 1823 3269 s.
1839 3244 1957 3269 Thomae
1976 3244 2163 3269 distinctionem
2183 3245 2287 3277 quidam
2301 3242 2315 3277 ’(
2324 3252 2390 3277 quos
2410 3244 2475 3268 inter

1410 3284 1498 3303 auctor
1522 3279 1714 3304 recentissimus
1739 3280 1877 3304 Historiae
1900 3280 2084 3312 philosophiae
2105 3279 2293 3312 scholasticae)
2320 3287 2371 3303 non
2390 3279 2475 3303 consi-

1410 3315 1543 3344 dei-antes,
1568 3322 1628 3339 eum
1654 3314 1748 3339 favisse
1773 3315 1860 3339 dicunt
1884 3320 1928 3339 aut
1945 3315 2066 3339 realismo
2090 3320 2255 3347 exaggerato,
2279 3319 2323 3339 aut
2341 3314 2475 3338 idealismo

1409 3357 1456 3374 seu
1480 3349 1708 3382 conceptualismo.
1732 3350 1783 3374 Sed
1801 3350 1931 3375 falluntur.
1949 3365 1970 3369 —
1984 3351 2066 3375 Erunt
2084 3350 2200 3375 fortassis
2224 3350 2268 3382 qui
2290 3350 2353 3374 haec
2372 3349 2475 3374 subtilia

1410 3384 1492 3416 magis
1521 3392 1599 3417 quam
1627 3384 1697 3409 utilia
1721 3385 1880 3416 censebunt,
1904 3385 2039 3418 magisque
2066 3391 2124 3418 apta
2151 3386 2183 3410 ad
2208 3385 2307 3417 ingenia
2335 3385 2476 3409 exercenda

1410 3427 1489 3452 quam
1513 3420 1545 3444 ad
1564 3419 1696 3444 scientiam
1715 3421 1923 3452 comparandam.
1948 3421 1982 3445 At
2004 3420 2114 3445 novitius
2138 3420 2260 3452 recogitet
2278 3420 2410 3445 scientiam
2428 3427 2476 3444 no-

1409 3460 1490 3479 stram
1512 3455 1544 3479 de
1558 3454 1746 3479 universalibus
1766 3462 1836 3484 esse;
1860 3455 1967 3488 proinde
1989 3455 2142 3480 universalia
2161 3463 2213 3479 non
2238 3455 2410 3488 perfunctorie
2428 3455 2475 3480 sed

1409 3490 1537 3523 profunde
1558 3494 1697 3520 scrutetur,
1720 3494 1748 3514 ut
1765 3490 1899 3514 veritatem
1918 3490 1983 3515 circa
2002 3490 2117 3523 ipsorum
2137 3495 2253 3515 naturam
2273 3496 2298 3515 et
2317 3490 2475 3515 existentiam

1410 3525 1519 3550 dilucide
1542 3525 1676 3558 percipiat,
1701 3525 1765 3549 duce
1792 3533 1813 3549 s.
1827 3525 1941 3550 Thoma:
1960 3524 2014 3550 fieri
2034 3526 2102 3550 enim
2120 3526 2209 3558 nequit
2226 3531 2255 3551 ut
2274 3533 2336 3551 vere
2359 3525 2475 3558 philoso-

1411 3560 1516 3593 phetur,
1536 3560 1580 3592 qui
1600 3568 1651 3584 non
1669 3565 1738 3584 recte
1763 3560 1794 3584 de
1812 3561 1998 3585 universalibus
2022 3561 2226 3586 sentit.-Codd.:
2251 3565 2299 3586 aut
2318 3561 2474 3591 universale,

1410 3599 1459 3620 aut
1482 3602 1579 3628 genus,
1603 3599 1652 3620 aut
1672 3596 1783 3627 species;
1806 3596 1853 3620 sed
1875 3595 1939 3620 haec
1961 3596 2035 3621 lectio
2059 3596 2182 3630 acceptari
2199 3604 2251 3621 non
2270 3601 2364 3629 potest.
2386 3598 2475 3621 Genus

1411 3631 1479 3655 enim
1508 3635 1625 3655 naturam
1655 3630 1781 3663 significat
1805 3639 1872 3663 quae
1899 3631 1949 3656 sub
1972 3639 2001 3656 se
2026 3631 2102 3656 habet
2130 3632 2241 3664 species,
2267 3632 2292 3656 in
2321 3640 2386 3665 quas
2411 3632 2474 3657 divi-

1410 3666 1477 3690 ditur
1501 3674 1548 3699 per
1570 3666 1747 3699 superadditas
1773 3666 1936 3692 differentias.
1955 3667 2033 3699 Atqui
2056 3667 2134 3692 homo
2158 3667 2300 3700 concipitur
2318 3667 2424 3700 quidem
2446 3672 2476 3692 ut

2525 413 2555 427 A:
2580 405 2624 427 sed
2650 405 2719 433 ipsae

2503 438 2553 455 res.
2604 464 2619 493 ζ

2601 887 2616 907 ²}

2504 1303 2512 1311 ·
2525 1302 2607 1323 Codd.:
2621 1302 2715 1323 univer-

2504 1328 2576 1349 sali...
2585 1329 2713 1356 singulari.

2504 1355 2612 1376 ‘Codd.:
2637 1357 2663 1376 ut
2684 1356 2719 1376 sit

2504 1387 2596 1428 isensus.
2615 1381 2644 1402 Et
2666 1388 2715 1403 me-

2514 1414 2557 1429 ius.

2506 1524 2513 1531 '
2524 1529 2549 1543 A:
2566 1524 2651 1543 tamen.

2504 1679 2512 1687 ¹
2524 1684 2543 1699 c:
2550 1678 2717 1706 sivesicutper

2503 1711 2530 1726 se
2544 1708 2586 1726 etc.

2503 1731 2576 1753 Plato.

2503 1949 2636 1970 Universale
2655 1949 2715 1976 logi-

2504 1982 2566 1997 cum.

2607 2056 2614 2070 l.
