2548 4192
529 282 988 319 DISSERTATIONES
1019 283 1266 321 CRITICAE
1297 286 1352 322 IN
1382 286 1419 322 S.
1441 286 1683 323 THOMAM
1709 288 2033 335 AQUINATEM

190 373 206 389 ›
228 368 275 392 est
298 361 404 402 aliqua
426 360 530 391 sorma
552 361 586 391 in
609 361 699 401 ipso,
723 362 934 392 substantialis
964 363 1015 393 vel
1048 363 1256 395 accidentalis.

190 418 205 433 ι
227 406 309 436 Dico
333 411 426 445 ergo:
450 405 484 445 ly
517 406 549 435 in
582 411 738 446 quantum
769 413 875 446 potest
906 407 1008 437 dicere
1041 408 1265 440 conditionem·

189 461 204 476 »
226 450 346 490 agentis
378 449 428 479 vel
461 449 655 489 principium
694 450 836 481 actionis.
863 451 894 481 Si
930 451 1012 482 dicat
1045 453 1256 484 conditionem

189 506 204 522 ι
227 495 355 535 agentis
385 493 436 523 vel
467 494 644 534 operantis;
669 494 712 524 sic
745 495 887 534 procedit
919 495 1053 536 Spiritus
1084 505 1209 528 sanctus
1240 508 1258 528 a

188 550 204 566 s
226 539 316 568 Patre
340 544 371 568 et
393 537 496 576 Filio,
521 539 553 568 in
578 544 734 579 quantum
757 545 834 569 sunt
851 540 967 580 plures
990 547 1020 571 et
1042 540 1075 570 in
1100 550 1257 582 quantum

188 594 204 610 x
226 588 301 612 sunt
322 581 484 612 distinctae
499 590 669 622 personae:
687 583 762 623 quia
777 584 814 613 ab
832 583 875 614 eis
899 584 1043 624 pluribus
1059 592 1090 616 et
1105 586 1257 617 distinctis

187 638 203 654 n
225 626 377 666 procedit.
388 625 420 656 Si
436 633 544 657 autem
560 627 642 658 dicat
657 627 868 658 conditionem
879 629 1034 669 principii
1043 631 1198 668 actionis,·
1213 631 1257 662 sic

187 682 202 697 ι
226 670 297 700 dico
320 671 411 711 quod
433 671 575 711 procedit
591 672 629 702 ab
655 672 699 702 eis
725 673 756 702 in
776 677 932 713 quantum
948 679 1024 704 sunt
1044 684 1154 706 unum.
1171 675 1256 706 Cum

187 726 202 742 ιο
226 714 312 745 enirn
345 715 487 755 operatio
516 726 582 746 non
606 716 647 747 sit
675 716 736 746 nisi
759 718 798 747 ab
831 726 897 747 uno
931 717 1106 759 principio,
1132 727 1258 760 oportet

188 771 203 786 >
225 758 346 799 aliquid
369 769 436 790 esse
452 770 556 790 unum
578 760 612 790 in
634 761 724 791 Patre
741 764 772 792 e't
787 761 880 800 Filio,
898 762 987 802 quod
1003 770 1049 794 est
1065 764 1256 804 principium

186 815 202 830 ι
224 803 321 834 huius
344 810 452 843 actus,
481 804 537 845 qui
561 811 607 835 est
630 805 762 845 spirare:
783 806 839 846 qui
872 813 919 837 est
950 817 1034 837 unus
1058 815 1089 838 et
1111 809 1255 848 simplex,

187 859 203 874 »
225 857 292 888 quo
315 857 380 878 una
403 855 434 879 et
461 849 595 889 simplex
618 859 753 890 persona
776 850 910 890 Spiritus
939 851 1038 882 sancti
1066 853 1217 892 procedit.
1238 866 1252 880 ι·

185 891 231 922 lta
254 892 406 923 catholice
430 893 649 934 quaestionem
669 895 846 934 expedierat
860 896 1015 937 Aquinas,
1032 906 1129 937 quam
1146 904 1256 937 postea

184 935 218 966 in
234 936 440 976 Lugdunensi
457 937 604 968 Concilio
625 939 813 969 credendam
833 940 985 981 proponit
1000 940 1153 972 Summus
1172 942 1255 971 Pon-

184 979 259 1010 tifex
283 980 464 1021 Gregorius.
484 982 634 1013 Uberiore
651 983 794 1014 doctrina
809 985 955 1015 eamdem
975 985 1119 1025 explanat
1135 992 1166 1016 et
1181 995 1255 1016 con-

184 1023 290 1055 firmat
311 1025 433 1056 Doctor
451 1027 622 1066 Angelicus
646 1033 701 1057 art.
719 1038 752 1057 m
769 1028 948 1069 inquirens:
977 1030 1097 1060 Utrum
1117 1030 1256 1070 Spiritus

183 1074 317 1100 sanctus
333 1070 492 1110 procedat
513 1081 533 1101 a
557 1072 655 1101 Patre
678 1077 709 1102 et
723 1072 807 1103 Filio
834 1074 866 1103 in
885 1079 1041 1114 quantum
1060 1079 1137 1103 sunt
1155 1083 1254 1103 unum

185 1114 336 1144 natura?
364 1114 576 1145 Disertissima
611 1115 688 1145 haec
720 1116 815 1147 habet
851 1117 1043 1148 documenta
1085 1117 1255 1148 catholicae

183 1156 258 1188 fidei
281 1158 424 1197 apprime
444 1166 602 1189 consona:
628 1169 654 1190 1.
672 1160 800 1191 Patrem
817 1166 848 1192 et
865 1161 984 1191 Filium
1007 1162 1136 1201 spirare
1154 1161 1254 1201 Spiri-

183 1207 252 1233 tum
282 1207 430 1232 sanctum
462 1203 495 1233 in
519 1209 675 1243 quantum
706 1210 783 1235 sunt
806 1215 905 1235 unum
930 1207 963 1235 in
981 1206 1127 1246 potentia
1152 1207 1255 1246 spira-

184 1246 270 1277 tiva:
292 1256 321 1277 2.
345 1247 524 1278 Procedere
547 1247 702 1288 Spiritum
725 1255 872 1280 sanctum
896 1259 917 1279 a
940 1250 1038 1280 Patre
1061 1255 1092 1279 et
1109 1250 1192 1280 Filio
1221 1250 1254 1280 in

183 1295 339 1331 quantum
363 1296 439 1322 sunt
461 1301 561 1322 unum
578 1293 610 1322 in
627 1293 782 1323 essentia:
803 1294 831 1324 3.
853 1293 997 1334 Itemque
1016 1294 1049 1323 in
1070 1294 1181 1334 aliqua
1198 1304 1252 1324 no-

183 1336 425 1377 tione‚„scilieet
448 1336 481 1366 in
506 1338 667 1367 communi
688 1338 874 1377 spiratione.

152 1386 156 1387 ⁷
191 1383 197 1385 “
251 1379 304 1410 111.
329 1380 492 1411 Hactenus
516 1380 555 1410 de
578 1380 640 1411 fide
673 1390 772 1422 quam
804 1381 957 1413 catholica
980 1382 1074 1413 docet
1103 1382 1254 1413 Ecclesia.

183 1423 409 1465 Emergentem
430 1431 533 1455 versat
556 1426 699 1466 Aquinas
722 1427 943 1466 quaestionem
963 1433 1018 1457 art.
1035 1437 1067 1456 rv
1082 1427 1254 1468 inquirens:

186 1468 303 1500 Utrum
322 1470 421 1500 Pater
443 1474 474 1499 et
488 1469 593 1500 Filius
614 1472 680 1501 sint
698 1479 783 1502 unus
805 1473 956 1512 spirator.
975 1471 1026 1501 Ad
1042 1471 1194 1512 loquendi
1211 1471 1255 1501 di-

184 1513 340 1554 cendique
363 1513 501 1544 modum
524 1515 669 1554 quaestio
693 1522 829 1556 spectat:
854 1526 890 1546 ac
913 1515 1086 1555 spirantes,
1103 1516 1205 1546 immo
1225 1522 1256 1546 et

144 1560 148 1562 ’
183 1557 350 1598 spiratores
375 1558 456 1588 duos
480 1557 541 1589 dici
565 1568 659 1599 posse
682 1557 807 1591 Patrem
831 1567 862 1591 et
877 1560 1006 1598 Filium,
1024 1560 1170 1591 Thomae
1187 1559 1256 1600 opi-

183 1601 240 1633 nio
262 1609 318 1633 est.
336 1602 498 1642 Integrum
521 1603 650 1642 profero
669 1610 800 1636 textum:
819 1617 834 1632 ‹
848 1607 946 1636 Actus
961 1604 1071 1645 recipit
1084 1614 1256 1635 numerum

185 1658 202 1674 ι
223 1656 242 1677 ιι
260 1646 435 1687 suppositis
450 1645 628 1687 (Quamvis
646 1648 729 1679 enim
753 1654 845 1680 actus
867 1650 909 1680 sit
933 1659 1028 1687 unus,
1046 1657 1082 1681 ut
1101 1649 1143 1679 ait
1166 1649 1206 1679 ad
1229 1659 1254 1687 1,

185 1702 200 1718 »
223 1696 330 1722 tamen
349 1691 479 1732 quando
496 1692 704 1733 significatur
722 1699 758 1725 ut
773 1699 866 1724 actus
882 1694 1052 1735 egrediens
1070 1704 1091 1724 a
1105 1693 1256 1733 pluribus

185 1746 201 1764 s
223 1736 414 1776 suppositis,
438 1741 563 1776 oportet
589 1737 675 1777 quod
703 1738 906 1779 significetur
922 1737 1131 1779 pluraliter).
1163 1737 1255 1769 Unde

185 1791 201 1808 »
224 1779 320 1810 etiam
343 1779 486 1817 verbum,
504 1780 683 1820 significans
700 1782 908 1813 substantiam
925 1791 981 1823 per
996 1782 1132 1813 modum
1156 1788 1254 1821 actus,

186 1836 202 1852 »
223 1823 339 1854 dicitur
361 1824 400 1854 de
429 1824 573 1864 pluribus
606 1826 750 1865 personis
773 1826 952 1866 pluraliter,
978 1827 1123 1868 quamvis
1147 1826 1187 1857 sit
1210 1836 1256 1856 es-

185 1879 201 1896 »
223 1868 323 1898 sentia
346 1875 429 1898 una:
454 1868 536 1899 sicut
558 1868 685 1901 Ioannis
703 1878 733 1900 x:
753 1871 827 1911 Ego
846 1876 877 1901 et
900 1872 998 1901 Pater
1021 1881 1120 1902 unum
1144 1881 1256 1903 sumus

185 1923 201 1940 ι
224 1909 335 1954 (Nota
358 1912 488 1943 verbum
520 1913 603 1943 illud
625 1913 768 1957 sumus).
794 1917 893 1946 Actus
926 1922 1033 1946 autem
1064 1915 1256 1955 significatur

186 1967 202 1984 »
224 1956 321 1987 etiam
335 1956 368 1987 in
385 1957 480 1988 verbo
495 1963 527 1987 et
541 1956 575 1986 in
586 1960 759 1999 participio
783 1966 814 1990 et
837 1960 869 1990 in
894 1961 1022 1990 nomine
1038 1960 1178 1991 verbali:
1201 1961 1256 1991 sed

185 2011 202 2028 ν
223 2006 330 2032 tamen
347 2002 558 2042 participium
591 2003 663 2043 plus
696 2003 814 2034 accedit
837 2005 878 2035 ad
905 2004 1133 2042 substantiam,
1157 2014 1256 2045 quam

185 2056 202 2077 v
224 2046 377 2078 verbum.-
400 2052 431 2077 et
454 2046 558 2077 adhuc
583 2057 696 2078 nomen
723 2048 852 2079 verbale
875 2049 974 2089 magis
998 2059 1096 2090 quam
1119 2051 1255 2089 partici-

185 2100 202 2116 ›
218 2091 321 2132 pium.
350 2090 392 2121 Et
414 2090 487 2121 ideo
511 2101 578 2123 non
601 2092 835 2132 praesumimus
866 2093 967 2124 dicere
1000 2093 1089 2134 quo'd
1113 2094 1203 2124 Pater
1227 2101 1257 2125 et

185 2144 202 2161 ν
223 2134 324 2165 Filius
353 2136 453 2175 spiret
483 2135 636 2175 Spiritum
669 2144 833 2168 sanctum:
865 2137 916 2168 vel
940 2138 1029 2178 quod
1060 2137 1100 2168 sit
1128 2139 1257 2178 spirans

185 2188 202 2204 ›
222 2179 275 2209 vel
301 2180 391 2220 quod
415 2179 454 2210 sit
476 2181 639 2220 spirator:
661 2182 717 2212 sed
740 2182 830 2223 quod
851 2183 975 2222 spirent
998 2189 1028 2212 et
1051 2182 1114 2212 sint
1136 2183 1256 2222 spiran—

185 2233 201 2250 »
223 2229 269 2254 tes
293 2229 324 2254 et
346 2225 412 2254 sint
432 2226 619 2264 spiratores.
640 2225 795 2263 Quamvis
819 2226 859 2257 sit
882 2233 969 2257 actus
993 2237 1077 2257 unus
1103 2237 1170 2268 quo
1194 2228 1256 2268 spi-

185 2278 201 2293 »
223 2274 310 2299 rant:
335 2274 442 2299 tamen
466 2270 643 2301 secundum
667 2271 757 2311 quod
779 2271 1037 2311 unumquodque
1061 2280 1174 2302 eorum
1190 2282 1255 2302 ma-

184 2322 200 2338 »
222 2312 270 2352 gis
292 2312 412 2343 accedit
427 2313 467 2343 ad
483 2314 726 2354 significandum
742 2322 860 2353 actum,
878 2315 984 2346 minus
1001 2316 1128 2355 proprie
1151 2323 1256 2356 potest

183 2365 199 2382 »
221 2356 255 2387 in
278 2356 428 2396 singulari
447 2358 629 2398 praedicari.
644 2371 659 2386 ›
682 2359 875 2399 Dignissima
891 2366 965 2390 sunt
983 2359 1255 2391 animadversione

181 2407 343 2439 postrema
375 2401 452 2432 haec
474 2404 588 2440 verba,
612 2413 694 2444 quae
727 2414 889 2434 summam
912 2404 952 2434 ad
976 2404 1179 2435 concordiam
1208 2415 1254 2435 re-

179 2452 307 2483 vocant,
332 2455 414 2486 quae
436 2447 522 2477 varia
545 2447 693 2478 videntur
715 2448 747 2478 in
771 2448 830 2478 hac
853 2458 885 2478 re
909 2448 1056 2478 Thomae
1081 2449 1178 2479 nostri
1202 2449 1255 2479 ad-

183 2495 273 2520 serta.
294 2489 515 2522 Addiscimus:
538 2502 564 2522 1.
582 2491 712 2532 Proprie
732 2491 793 2522 dici
818 2499 849 2522 et
872 2488 1032 2523 enunciari
1051 2493 1137 2533 quod
1158 2494 1257 2523 Pater

183 2539 215 2564 et
236 2533 342 2564 Filius
363 2535 506 2574 spirant:
531 2542 698 2576 propterea
730 2536 819 2577 quod
853 2537 981 2567 verbum
1014 2537 1113 2576 magis
1138 2538 1256 2568 accedit

183 2578 224 2608 ad
239 2585 356 2608 actum:
375 2588 404 2609 2.
420 2579 491 2610 Dici
507 2580 638 2621 quidem
654 2590 758 2620 posse,
775 2581 903 2611 Patrem
924 2586 955 2611 et
972 2581 1091 2611 Filium
1109 2591 1177 2612 esse
1191 2581 1255 2612 duo

181 2623 354 2663 spirantes,
379 2623 435 2653 sed
457 2623 539 2655 hanc
562 2625 668 2655 minus
685 2626 821 2665 proprie
843 2625 974 2665 intelligi
998 2626 1255 2656 enunciationem

182 2666 313 2697 debere:
348 2677 423 2697 cum
455 2669 658 2709 participium
691 2669 814 2699 recedat
845 2670 884 2700 ab
917 2676 988 2700 actu
1021 2670 1185 2711 magisque
1216 2671 1255 2700 ad

183 2711 392 2741 substantiam
411 2713 552 2743 accedat:
573 2714 601 2743 3.
621 2714 734 2744 Minus
744 2713 860 2744 adhuc
878 2715 1014 2754 proprie
1032 2714 1153 2745 dictum
1175 2714 1255 2745 illud

182 2755 404 2796 accipiendum
427 2766 505 2795 esse,
529 2757 615 2798 quod
636 2758 735 2788 Pater
758 2763 788 2788 et
810 2758 914 2789 Filius
932 2763 1008 2788 sunt
1030 2758 1094 2789 duo
1117 2760 1254 2799 spirato-

182 2807 254 2837 res,·
277 2809 316 2830 eo
340 2800 415 2840 quia
443 2811 562 2832 nornen
585 2802 709 2832 verbale
732 2802 828 2842 longe
851 2802 958 2833 minus
987 2803 1027 2833 ad
1049 2810 1156 2834 actum
1187 2813 1253 2833 ma-

183 2843 295 2885 gisque
317 2844 438 2875 accedit
460 2846 499 2875 ad
524 2846 742 2877 substantiam.

250 2887 389 2918 Definito
413 2899 507 2920 sensu
531 2890 632 2930 magis
655 2891 826 2932 minusque
849 2891 991 2932 proprio,
1011 2891 1067 2932 qui
1089 2892 1254 2932 praedictis

182 2931 265 2962 inest
287 2932 583 2972 enunciationibus3
607 2945 707 2975 eaque
729 2935 810 2966 thesi
834 2935 1000 2973 vindicata,
1024 2946 1106 2976 quae
1129 2937 1254 2966 Patrem

185 2981 217 3006 et
238 2975 357 3005 Filium
380 2977 504 3015 adserit,
529 2989 623 3009 sensu
647 2979 754 3010 minus
777 2979 929 3020 proprio,
953 2981 1130 3020 spiratores
1152 2980 1254 3018 duos;

185 3019 225 3049 ad
247 3019 370 3059 insigne
398 3021 566 3053 discrimen
589 3023 668 3053 illud
699 3024 925 3064 exponendum
948 3024 1093 3054 Thomas
1117 3025 1252 3063 accedit,

185 3063 275 3104 quod
297 3063 378 3094 inter
401 3072 508 3096 actum
531 3067 710 3107 spirationis
736 3075 907 3109 actumque
931 3069 1055 3098 creandi
1079 3068 1252 3106 intercedit,

185 3118 221 3138 ac
243 3107 325 3138 inter
346 3109 452 3146 verba,
471 3111 635 3151 participia
657 3118 688 3142 et
709 3113 846 3143 verbalia
869 3112 1011 3149 nomina,
1027 3112 1143 3153 quibus
1167 3119 1254 3143 actus

185 3152 231 3182 illi
255 3151 479 3192 significantur.
506 3154 638 3195 Egregii,
655 3156 857 3197 absolutique
880 3157 1020 3196 theologi
1044 3167 1162 3187 munus
1190 3163 1255 3188 erat

185 3196 262 3227 haec
285 3197 394 3227 omnia
420 3197 600 3237 diligentius
623 3201 797 3239 expendere
827 3211 863 3230 ac
891 3201 1142 3241 splendidissime
1172 3202 1254 3231 dilu-

184 3241 297 3271 cidare.
314 3241 368 3271 Ait
391 3241 444 3272 ille
466 3242 539 3272 loco
563 3243 658 3273 citato
676 3245 716 3274 ad
738 3252 770 3275 2:
794 3257 809 3272 α
828 3245 1008 3275 Dicendum
1027 3245 1116 3286 quod
1135 3246 1254 3276 creatio

187 3298 203 3313 ι»
227 3291 273 3316 est
297 3292 384 3316 actus
407 3286 504 3316 trium
532 3287 763 3328 Personarum,
788 3299 854 3319 non
884 3289 1060 3319 secundum
1089 3290 1178 3329 quod
1209 3289 1254 3318 di-

187 3342 203 3358 »
226 3329 356 3360 stinctae
375 3337 459 3368 sunt,
476 3331 532 3361 sed
553 3332 728 3362 secundum
752 3333 837 3373 quod
860 3334 1020 3363 uniuntur
1042 3334 1074 3362 in
1100 3334 1253 3363 essentia:

187 3385 202 3401 »
225 3374 301 3415 quia
324 3375 419 3405 etiam
442 3385 498 3415 per
520 3375 716 3406 intellectum
739 3383 861 3407 remota
885 3376 1085 3406 distinctione
1103 3377 1254 3406 Persona-

187 3429 203 3445 ι
226 3428 319 3457 rum,
350 3419 453 3449 adhuc
482 3419 655 3450 remanebit
678 3420 803 3451 creatio.
830 3421 872 3450 Et
893 3420 966 3450 ideo
1000 3420 1133 3450 dicimus
1166 3421 1254 3460 quod

188 3475 204 3490 »
225 3463 317 3493 Pater
340 3470 371 3494 et
393 3463 491 3494 Filius
515 3469 546 3494 et
569 3464 702 3504 Spiritus
735 3470 860 3494 sanctus
894 3470 967 3494 sunt
998 3473 1082 3494 unus
1105 3469 1252 3502 creator,

187 3519 204 3535 ι
226 3508 372 3548 quamvis
395 3517 461 3538 non
485 3508 627 3538 dicamus
649 3509 737 3549 quod
754 3508 817 3538 sint
840 3517 924 3538 unus
947 3516 1083 3538 creans:
1101 3508 1176 3548 quia
1197 3518 1254 3538 no-

189 3563 204 3579 »
226 3561 301 3582 men
323 3552 448 3583 verbale
472 3553 544 3592 plus
564 3553 679 3583 recedit
693 3553 730 3582 ab
746 3559 816 3583 actu
841 3562 939 3592 quarn
963 3551 1173 3591 participium.
1192 3552 1254 3582 Sed

188 3606 203 3623 s
225 3597 359 3636 spiratio
376 3603 422 3627 est
436 3604 523 3627 actus
540 3597 730 3627 conveniens
750 3597 893 3637 pluribus
910 3596 1082 3636 suppositis
1099 3596 1255 3636 quodamss

187 3651 204 3667 θ
226 3641 326 3671 modo
356 3642 534 3672 secundum
563 3641 652 3682 quod
676 3641 927 3681 distinguuntur:
953 3647 984 3671 et
1005 3640 1078 3670 ideo
1102 3640 1197 3670 etiam
1220 3641 1252 3670 in

2217 302 2384 330 CCLXXXV

1316 376 1330 391 ¹>
1354 367 1481 396 nomine
1505 367 1626 397 verbali
1649 373 1775 407 oportet
1806 367 1896 408 quod
1924 374 2011 398 actus
2030 368 2207 408 pluraliter
2229 370 2383 409 significe-

1316 420 1330 435 ›>
1350 416 1401 439 tur
1412 423 1426 437 »
1440 408 1560 453 (minus
1571 418 1676 442 tamen
1687 410 1838 451 proprie).
1851 411 2048 442 Discriminis
2065 412 2220 443 rationem
2236 415 2381 446 eamdem

1313 454 1440 484 uberius
1465 454 1631 486 confirmat
1654 455 1723 486 dist.
1744 466 1826 493 xxix,
1850 466 1880 496 q.
1898 467 1919 493 1,
1937 463 1992 486 art.
2018 466 2052 486 1v
2074 457 2114 486 ad
2135 466 2152 487 2
2173 467 2255 497 quae
2274 458 2381 498 ipsum

1313 499 1484 537 permovit,
1509 506 1545 530 ut
1577 500 1759 540 opinaretur
1790 500 1968 540 spirationis
1992 507 2119 539 actum,
2145 501 2209 531 sive
2232 501 2258 531 is
2283 512 2381 533 enun-

1313 541 1411 573 cietur
1433 544 1541 582 verbo,
1559 544 1624 574 sive
1640 544 1816 584 participio,
1833 544 1897 574 sive
1914 544 2045 575 nomine
2060 545 2188 583 verbali,
2209 546 2293 576 salva
2317 557 2382 577 ma-

1312 585 1371 616 iori
1395 587 1549 618 minorive
1573 587 1767 628 significandi
1791 589 1992 629 proprietate,
2017 589 2049 619 in
2074 599 2209 620 numero
2239 590 2382 630 plurium

1313 629 1411 661 efferri
1435 642 1528 672 posse
1545 639 1599 663 aut
1623 633 1734 663 debere
1757 633 1790 663 in
1814 632 2009 664 sanctissima
2032 633 2202 664 Trinitate:
2227 640 2298 664 tum
2322 635 2380 665 sci-

1311 673 1383 705 licet
1406 676 1481 716 quia
1505 677 1645 717 spiratio,
1670 687 1745 707 cum
1768 677 1808 707 sit
1830 684 1928 715 actus,
1949 678 2061 717 recipit
2080 688 2249 708 numerum
2269 689 2290 709 a
2305 688 2380 719 sup—

1305 721 1441 758 positis;
1456 727 1526 751 tum
1550 722 1638 762 quod
1661 721 1737 761 ipsis
1761 722 2004 762 quodammodo
2029 722 2177 753 convenit
2195 723 2380 763 suppositis,

1310 765 1484 795 secundum
1509 766 1593 806 quod
1615 766 1870 806 distinguuntur.

1378 809 1472 839 Viam
1504 809 1563 840 init
1594 810 1703 849 paullo
1736 809 1890 839 diversam
1914 810 1947 839 in
1970 810 2075 840 Prima
2098 817 2196 850 parte,
2220 821 2250 851 q.
2275 821 2380 850 xxxvx,

1311 858 1367 882 art.
1383 862 1416 882 1v
1432 854 1471 883 ad
1487 861 1517 894 7:
1538 867 1551 881 α
1566 853 1707 891 Quidam
1723 853 1841 891 dicunt,
1853 855 2009 894 inquiens,
2027 855 2116 895 quod
2131 855 2221 885 Pater
2236 862 2267 885 et
2282 855 2381 886 Filius

1314 907 1328 921 »
1351 896 1424 927 licet
1446 897 1508 928 sint
1532 907 1631 928 unum
1650 899 1847 937 principium
1877 898 2010 937 Spiritus
2034 898 2152 936 sancti,
2177 906 2251 930 sunt
2274 906 2381 930 tamen

1314 951 1328 966 »
1351 941 1414 971 duo
1429 943 1606 981 spiratores
1622 949 1752 982 propter
1771 941 2006 972 distinctionem
2025 942 2282 982 suppositorum:
2300 943 2382 974 sicut

1313 997 1327 1012 ›
1351 985 1444 1014 etiam
1469 986 1532 1016 duo
1555 986 1726 1025 spirantes,
1744 985 1819 1026 quia
1838 992 1924 1016 actus
1948 986 2124 1016 referuntur
2140 987 2180 1016 ad
2205 987 2379 1027 supposita.

1314 1041 1329 1056 »
1351 1029 1417 1059 Nec
1441 1036 1487 1059 est
1510 1030 1621 1059 eadem
1644 1030 1723 1060 ratio
1740 1030 1778 1059 de
1802 1030 1863 1059 hoc
1887 1030 2017 1060 nomine
2041 1036 2189 1061 creator:
2212 1032 2287 1072 quia
2311 1032 2380 1072 Spi—

1314 1085 1328 1100 »
1351 1072 1429 1102 ritus
1453 1080 1578 1104 sanctus
1611 1074 1753 1114 procedit
1776 1083 1794 1103 a
1816 1074 1906 1104 Patre
1939 1080 1969 1104 et
1997 1073 2099 1112 Filio,
2124 1079 2159 1105 ut
2190 1081 2265 1106 sunt
2296 1076 2381 1106 duae

1313 1130 1328 1145 »
1351 1126 1504 1158 personae
1528 1117 1706 1155 distinctae;
1722 1127 1788 1148 non
1804 1124 1911 1148 autem
1931 1124 2070 1148 creatura
2088 1119 2230 1158 procedit
2245 1130 2263 1149 a
2278 1119 2378 1150 tribus

1314 1176 1329 1191 s
1352 1161 1505 1203 personis,
1522 1168 1558 1192 ut
1581 1169 1655 1192 sunt
1678 1171 1832 1202 personae
1856 1162 2028 1199 distinctae,
2046 1163 2100 1192 sed
2125 1168 2159 1193 ut
2181 1169 2257 1194 sunt
2279 1174 2379 1194 unum

1301 1220 1328 1236 ¹»
1352 1208 1384 1237 in
1415 1206 1551 1236 essentia
1577 1219 1605 1237 ».
1628 1206 1740 1236 Paucis
1764 1206 1894 1236 collecta
1918 1213 1991 1236 sunt
2019 1216 2100 1247 quae
2123 1206 2233 1237 latiore
2258 1208 2379 1238 calamo

1310 1251 1423 1284 tradita
1445 1250 1594 1290 leguntur
1615 1250 1649 1280 in
1670 1250 1910 1281 Commentario
1934 1249 1966 1280 in
1986 1251 2127 1291 primurn
2150 1251 2381 1282 Sententiarum

1310 1298 1438 1328 librum.
1457 1295 1662 1332 Sententiam,
1687 1305 1785 1335 quarn
1809 1305 1847 1325 eo
1871 1294 1943 1324 loco
1968 1295 2131 1334 amplexus
2155 1294 2255 1326 fuerat
2278 1296 2380 1336 Aqui-

1311 1352 1379 1379 nas,
1404 1349 1440 1369 ex
1463 1346 1550 1379 parte
1575 1339 1716 1379 corrigit:
1741 1352 1755 1366 α
1775 1339 1837 1369 Sed
1858 1338 1993 1376 videtur,
2014 1340 2170 1379 inquiens,
2198 1340 2311 1370 melius
2335 1340 2381 1370 di-

1314 1399 1328 1413 »
1352 1384 1490 1417 cendum
1511 1384 1600 1425 quod
1622 1384 1697 1425 quia
1716 1385 1845 1424 spirans
1868 1382 2059 1413 adiectivum
2076 1390 2132 1421 est,
2148 1384 2291 1422 spirator
2305 1394 2380 1414 vero

1315 1443 1330 1459 »
1353 1428 1601 1461 substantivum:
1618 1438 1791 1468 possumus
1815 1427 1917 1457 dicere
1936 1428 2025 1468 quod
2040 1428 2130 1458 Pater
2145 1435 2175 1458 et
2194 1428 2291 1458 Filius
2308 1434 2382 1458 sunt

1314 1487 1329 1502 »
1351 1475 1415 1506 duo
1443 1474 1604 1513 spirantes
1635 1479 1764 1512 propter
1794 1471 2006 1512 pluralitatem
2029 1472 2288 1512 suppositorum:
2315 1482 2381 1502 non

1315 1532 1329 1547 >
1353 1526 1459 1550 autem
1483 1517 1547 1548 duo
1570 1518 1746 1558 spiratores
1768 1523 1898 1556 propter
1929 1526 2027 1546 unam
2051 1516 2266 1556 spirationem.
2298 1516 2382 1546 Nam

1315 1575 1329 1590 »
1352 1563 1508 1594 adiectiva
1527 1561 1658 1592 nomina
1672 1561 1789 1591 habent
1808 1570 1980 1591 numerum
2002 1561 2177 1591 secundum
2196 1562 2359 1600 supposita
2369 1568 2382 1598 ;

1315 1620 1329 1634 »
1351 1607 1550 1638 substantiva
1573 1615 1648 1636 vero
1671 1615 1692 1636 a
1715 1606 1827 1645 seipsis
1859 1605 2036 1635 secundum
2066 1604 2204 1635 formam
2227 1603 2381 1644 significa-

1314 1664 1329 1679 »
1352 1659 1428 1683 tam.
1455 1651 1554 1688 Quod
1593 1660 1668 1680 vero
1701 1649 1841 1680 Hilarius
1870 1649 1945 1679 dicit
1972 1649 2062 1689 quod
2089 1649 2223 1689 Spiritus
2256 1655 2383 1679 sanctus

1314 1708 1328 1723 ²
1352 1703 1399 1727 est
1417 1706 1434 1726 a
1453 1696 1543 1725 Patre
1560 1701 1590 1725 et
1613 1704 1631 1724 a
1649 1693 1743 1731 Filio,
1760 1693 1944 1724 auctoribus
1949 1701 1962 1730 ,·
1977 1693 2203 1733 exponendum
2220 1699 2276 1731 est,
2293 1693 2382 1734 quod

1314 1752 1328 1767 »
1352 1740 1482 1781 ponitur
1506 1738 1738 1769 substantivum
1762 1747 1820 1777 pro
1844 1737 1998 1767 adiectivo
2017 1750 2045 1768 w.

1378 1785 1466 1815 Haec
1490 1784 1555 1814 duo
1580 1782 1678 1813 sancti
1701 1782 1849 1812 Thomae
1872 1782 1943 1812 loca
1966 1788 2050 1819 sunt,
2070 1791 2151 1822 quae
2174 1781 2324 1822 proferre,
2344 1791 2381 1812 ac

1312 1828 1337 1859 si
1361 1828 1510 1869 opposita
1533 1827 1657 1865 forent,
1681 1826 1819 1866 pretium
1851 1835 1966 1866 operae
1989 1836 2055 1856 non
2079 1833 2159 1856 erat:
2184 1835 2381 1866 quamquam

1311 1883 1369 1904 nec
1393 1873 1453 1913 ipsi
1476 1872 1664 1902 vertendum
1687 1877 1767 1901 esset
1791 1870 1947 1908 dedecori,
1972 1870 1998 1900 si
2016 1870 2195 1910 provectior
2217 1877 2316 1900 aetate
2345 1879 2381 1900 ac

1311 1918 1435 1948 doctior
1458 1917 1558 1947 factus
1582 1915 1770 1956 opinionem
1794 1921 1979 1951 revocasset,
2003 1924 2102 1955 quam
2125 1914 2231 1944 iunior
2255 1921 2381 1944 secutus

1311 1962 1430 1992 fuisset.
1456 1963 1499 1992 At
1522 1961 1613 2001 plura
1637 1959 1773 2000 denique
1796 1958 2071 1989 animadvertenda
2103 1965 2193 1989 sunt:
2215 1969 2240 1988 1.
2257 1958 2382 1988 Partem

1310 2006 1408 2044 illam,
1432 2015 1514 2046 quae
1536 2006 1698 2045 spirantes
1720 2003 1801 2034 duos
1823 2003 1856 2033 in
1880 2003 2074 2033 sanctissima
2104 2002 2257 2033 Trinitate
2281 2012 2381 2032 enun-

1311 2051 1382 2089 ciat,
1406 2049 1580 2090 posteriore
1603 2049 1636 2079 in
1660 2049 1733 2078 loco
1749 2046 1937 2082 ‚confirmari
1960 2047 1998 2077 ab
2022 2047 2191 2087 Aquinate:
2211 2057 2239 2077 2.
2257 2047 2382 2077 Partem

1311 2095 1440 2126 alteram
1464 2094 1503 2124 de
1532 2093 1655 2124 duobus
1673 2092 1885 2133 spiratoribus
1907 2091 2061 2129 revocari,
2081 2091 2167 2121 nulla
2186 2097 2291 2122 tamen
2311 2101 2381 2121 cen-

1311 2149 1402 2170 surae
1425 2146 1501 2169 nota
1524 2137 1678 2168 adhibita:
1699 2137 1727 2167 3.
1744 2136 1851 2167 Priore
1874 2136 1907 2166 in
1930 2136 2003 2166 loco
2027 2136 2236 2175 permissum,
2262 2142 2297 2165 ut
2319 2137 2382 2175 spi-

1311 2190 1438 2215 ratores
1461 2183 1525 2214 duo
1549 2182 1744 2219 dicerentur,
1769 2180 1875 2210 minus
1907 2186 2014 2210 tamen
2046 2179 2190 2219 proprie:
2205 2186 2380 2219 propterea

1311 2229 1401 2269 quod
1424 2237 1543 2258 nomen
1567 2226 1708 2262 verbale,
1731 2224 1884 2265 spirator,
1909 2224 2008 2263 magis
2032 2223 2150 2254 accedit
2173 2224 2212 2253 ad
2236 2224 2380 2254 substan-

1311 2273 1399 2311 tiam,
1424 2282 1522 2313 quam
1546 2271 1585 2301 ad
1608 2277 1715 2300 actum
1739 2276 1774 2299 ut
1796 2269 1981 2299 adiacenter
2004 2267 2224 2307 significatum:
2241 2277 2272 2307 4.
2291 2268 2379 2298 Loco

1311 2318 1409 2347 altero
1433 2315 1690 2346 enunciationem
1713 2313 1855 2353 adoptari
1888 2312 1987 2352 magis
2018 2311 2200 2352 propriam,
2225 2321 2300 2342 cum
2323 2321 2380 2342 no-

1311 2371 1385 2391 men
1409 2361 1516 2400 ipsum
1539 2359 1662 2389 verbale
1695 2358 1780 2388 iuxta
1808 2357 1891 2396 leges
1924 2356 2142 2396 grammaticas
2176 2355 2236 2386 dici
2269 2356 2381 2386 debeat

1311 2405 1563 2441 substantivum,
1588 2413 1623 2432 ac
1653 2402 1785 2432 nomina
1808 2401 2002 2431 substantiva
2024 2411 2044 2430 a
2068 2401 2180 2440 seispis
2208 2410 2379 2430 numerum

1311 2450 1446 2479 habeant
1459 2446 1788 2488 secundumformam
1804 2445 2039 2486 significatam:
2059 2446 2086 2475 5.
2102 2445 2226 2474 Totum
2243 2444 2378 2485 denique

1311 2494 1343 2523 in
1367 2494 1399 2523 id
1423 2492 1528 2523 reduci
1553 2490 1746 2532 quaestionis
1770 2496 1992 2527 momentum,
2017 2498 2096 2518 num
2119 2488 2172 2518 illa
2200 2488 2379 2519 enunciatio

1310 2538 1448 2568 duorum
1471 2538 1684 2577 spiratorum‚
1710 2540 1821 2574 utpote
1845 2534 1951 2563 minus
1975 2533 2113 2573 propria,
2138 2532 2314 2573 supprimi,
2339 2543 2380 2562 an

1311 2581 1450 2622 permitti
1473 2577 1605 2611 debeat?
1629 2579 1741 2610 Reiicit
1764 2588 1835 2608 eam
1867 2578 1981 2608 melius
2013 2577 2177 2607 consultus
2206 2577 2378 2616 posteriore

1310 2627 1343 2656 in
1357 2627 1448 2662 loco;
1465 2634 1662 2666 quamquam
1686 2623 1829 2662 exempla
1852 2628 2018 2652 occurrant
2041 2621 2126 2661 apud
2149 2621 2306 2651 Ecclesiae
2322 2621 2378 2651 Pa-

1310 2678 1382 2708 tres,
1407 2680 1488 2711 quae
1512 2669 1599 2699 alteri
1621 2668 1725 2698 favent
1749 2666 1975 2703 enunciationi,
2000 2665 2121 2695 Hilario
2146 2665 2286 2695 dicente:
2311 2665 2379 2704 Spi-

1310 2715 1407 2746 ritum
1431 2721 1576 2744 sanctum
1599 2711 1768 2753 procedere
1792 2722 1810 2741 a
1833 2712 1922 2741 Patre
1947 2717 1977 2740 et
2000 2710 2093 2747 Filio,
2118 2709 2310 2739 auctoribus.

1378 2759 1430 2789 1v.
1456 2757 1632 2788 Discrimen
1656 2756 1754 2794 illud,
1778 2755 1867 2796 quod
1899 2754 2030 2784 nomina
2060 2753 2216 2783 adiectiva
2241 2752 2320 2782 inter
2344 2763 2379 2783 ac

1309 2803 1507 2834 substantiva
1532 2800 1695 2832 constituit
1717 2800 1880 2840 Aquinas,
1905 2808 2029 2839 carpere
2059 2797 2182 2827 videtur
2205 2797 2379 2837 Dionysius

1309 2847 1465 2878 Petavius.
1482 2847 1533 2877 Ad
1557 2855 1687 2876 examen
1706 2854 1788 2874 voco
1813 2843 1951 2874 criticam
1966 2842 2023 2872 viri
2040 2841 2212 2872 doctissimi
2237 2840 2378 2870 animad-

1309 2892 1498 2922 versionem.
1525 2890 1573 2921 De
1596 2890 1651 2920 illo
1676 2888 1854 2919 discrimine
1887 2886 2082 2926 diligentiore
2115 2895 2211 2925 opera
2234 2885 2378 2915 Thomas

1309 2936 1431 2966 disserit
1453 2936 1485 2965 in
1505 2934 1607 2975 prima
1632 2934 1783 2964 Summae
1806 2931 2000 2970 theologicae
2017 2936 2114 2970 parte,
2139 2935 2257 2970 quaest.
2274 2938 2378 2968 xxxtx,

1309 2987 1356 3011 art
1378 2990 1424 3011 111.
1440 2980 1580 3010 Textum
1603 2977 1709 3008 affero:
1731 2990 1745 3004 «
1760 2977 1849 3013 Quae
1873 2976 2067 3006 substantive
2091 2973 2258 3003 essentiam
2281 2973 2376 3012 signi-

1312 3037 1326 3052 »
1349 3024 1454 3062 ficant,
1465 3023 1684 3064 praedicantur
1698 3022 1736 3051 de
1752 3021 1850 3051 tribus
1864 3019 2009 3050 Personis
2023 3018 2237 3067 singulariter
2252 3022 2375 3067 tantum

1312 3082 1326 3096 »
1350 3076 1380 3099 et
1390 3078 1454 3098 non
1466 3067 1641 3108 pluraliter:
1657 3076 1738 3106 quae
1748 3075 1823 3095 vero
1839 3064 1992 3094 adiective
2007 3062 2174 3093 essentiam
2189 3060 2375 3101 Significant,

1312 3126 1326 3140 »
1349 3113 1568 3153 praedicantur
1584 3111 1622 3140 de
1641 3110 1740 3140 tribus
1764 3108 1908 3139 Personis
1925 3109 1956 3137 in
1968 3107 2103 3147 plurali.
2121 3105 2221 3136 Cuius
2237 3105 2315 3135 ratio
2330 3111 2377 3135 est

1311 3169 1326 3183 2
1349 3157 1423 3198 quia
1449 3156 1580 3186 nomina
1602 3154 1800 3185 substantiva
1824 3151 2000 3192 significant
2023 3150 2143 3191 aliquid
2160 3160 2224 3190 per
2247 3149 2374 3179 modum

1312 3214 1326 3228 »
1349 3201 1565 3236 substantiae;
1584 3198 1715 3228 nomina
1730 3207 1805 3227 vero
1822 3197 1978 3227 adiectiva
1994 3194 2170 3234 significant
2185 3193 2303 3234 aliquid
2314 3203 2376 3233 per

1312 3258 1326 3272 :v
1350 3245 1477 3275 modum
1494 3243 1677 3280 accidentis,
1689 3242 1777 3283 quod
1793 3241 1932 3270 inhaeret
1951 3239 2092 3269 subiecto
2103 3237 2199 3280 (Non
2218 3239 2286 3278 ipsa
2303 3247 2375 3267 con-

1312 3302 1326 3316 »
1348 3289 1513 3319 sideratur
1536 3296 1588 3317 res
1610 3286 1806 3327 significata,
1826 3285 1882 3315 sed
1904 3283 2111 3324 significandi
2127 3280 2270 3322 modus).
2296 3281 2375 3311 Sub-

1311 3345 1325 3359 »
1349 3332 1461 3362 stantia
1480 3338 1597 3368 autem,
1615 3331 1694 3360 sicut
1717 3340 1773 3370 per
1796 3339 1828 3358 se
1852 3329 1944 3358 habet
1968 3336 2053 3364 esse,
2082 3326 2124 3356 ita
2147 3335 2203 3365 per
2227 3335 2259 3355 se
2282 3325 2376 3355 habet

1311 3389 1326 3403 »
1349 3376 1503 3406 unitatem
1518 3375 1567 3404 vel
1585 3373 1838 3404 multitudinem:
1863 3372 1948 3402 unde
1971 3378 2002 3401 et
2025 3370 2219 3409 singularitas
2238 3369 2288 3398 vel
2303 3369 2374 3408 plu-

1311 3433 1325 3447 »
1349 3420 1450 3450 ralitas
1476 3418 1614 3448 nominis
1638 3416 1822 3447 substantivi
1846 3415 2014 3446 attenditur
2037 3414 2213 3444 secundum
2237 3412 2374 3442 formam

1311 3476 1324 3490 »
1349 3462 1552 3503 significatam
1572 3471 1628 3501 per
1642 3470 1770 3491 nomen.
1787 3459 1968 3490 Accidentia
1992 3465 2116 3495 autem,
2141 3457 2221 3487 sicut
2235 3466 2301 3486 esse
2320 3456 2374 3486 ha-

1311 3520 1325 3534 »
1348 3509 1423 3537 bent
1446 3507 1477 3536 in
1502 3506 1654 3543 subiecto,
1674 3505 1716 3534 ita
1738 3514 1775 3534 ex
1798 3503 1939 3533 subiecto
1964 3502 2139 3542 suscipiunt
2155 3501 2310 3531 unitatem
2323 3500 2374 3531 vel

1311 3564 1325 3579 x·
1349 3550 1599 3582 multitudinem:
1621 3555 1651 3579 et
1673 3548 1745 3578 ideo
1761 3548 1793 3577 in
1812 3547 1969 3577 adiectivis
1989 3546 2158 3576 attenditur
2177 3545 2373 3584 singularitas

1311 3608 1325 3623 ³>
1348 3602 1379 3626 et
1393 3594 1552 3635 pluralitas
1569 3593 1745 3623 secundum
1761 3591 1935 3632 supposita.
1949 3602 1962 3617 ³·
1983 3590 2066 3621 Hinc
2085 3590 2117 3620 in
2133 3589 2253 3620 Divinis
2272 3602 2286 3616 σε
2299 3588 2373 3619 dici-

1310 3652 1325 3667 »
1348 3650 1420 3670 mus
1440 3644 1504 3669 tres
1523 3639 1712 3675 existentes,
1737 3636 1787 3666 vel
1803 3641 1868 3666 tres
1882 3636 2053 3675 sapientes,
2071 3641 2126 3664 aut
2141 3639 2206 3664 tres
2225 3639 2375 3664 aeternos
