2788 4204
81 465 93 476 ⁴
108 464 145 487 Cf.
160 465 228 491 infra,
243 465 295 486 lect.

83 497 147 513 17111.

80 783 158 832 iales,-

80 823 216 855 musi-odi

74 860 219 888 positiones.

139 780 204 809 quod
214 785 293 802 omnes

172 813 215 828 ou:
231 805 295 834 quod

232 839 294 860 ΡΥΟ·

1206 275 1318 312 CAP.
1349 277 1399 323 11,
1430 277 1580 313 LECT.

325 363 400 387 non
433 363 528 395 esse;
556 359 593 387 et
620 350 736 399 quod,
758 355 873 386 totum
905 351 952 387 sit
978 351 1101 388 maius
1118 364 1188 388 sua
1211 359 1338 401 parte:
1359 362 1395 390 et

324 403 470 440 similia.
492 403 603 441 Unde
624 411 660 440 et
678 402 898 440 huiusmodi
916 403 1100 452 principia
1120 418 1255 452 omnes
1274 406 1393 443 scien-

323 456 396 493 tiae
416 456 604 506 accipiunt
623 469 646 493 a
665 456 925 504 metaphysica
941 456 973 503 ²⁸,
996 457 1101 493 cuius
1134 467 1189 495 est
1222 459 1393 496 conside-

323 521 405 546 rare
433 521 498 546 ens
525 508 742 558 simpliciter
770 516 806 545 et
834 521 896 556 ea,
926 521 1024 557 quae
1053 518 1139 547 sunt
1167 512 1272 548 entis.

377 562 580 609 Quaedam
599 574 694 599 vero
721 562 1002 610 propositiones
1022 572 1108 600 sunt
1135 564 1391 612 immediatae,

323 627 487 663 quarum
510 615 660 652 termini
679 627 758 652 non
777 623 864 654 sunt
883 615 987 664 apud
1007 628 1142 654 omnes
1163 618 1252 654 noti.
1270 618 1393 665 Unde,

322 668 407 704 licet
432 668 695 716 praedicatum
730 667 776 704 sit
809 669 856 704 de
889 669 1035 706 ratione
1065 671 1234 716 subiecti,
1264 678 1393 709 tamen

322 719 411 768 quia
436 720 604 758 definitio
625 721 782 758 subiecti
802 734 882 758 non
901 730 956 758 est
976 724 1155 761 omnibus
1183 732 1285 770 nota,
1315 737 1394 762 non

322 781 379 810 est
392 774 648 811 necessarium
659 775 766 822 quod
780 775 871 812 tales
882 776 902 794 '¹‘
912 776 1192 825 propositiones
1207 778 1255 814 ab
1271 779 1393 815 omni-

322 827 393 864 bus
414 827 682 866 concedantur.
700 827 804 865 Sicut
822 829 918 865 haec
932 831 1159 878 propositio:
1181 831 1318 868 Omnes
1337 844 1394 868 re-

321 881 372 917 cti
388 882 524 932 anguli
535 888 623 918 sunt
638 882 825 930 aequales,
841 890 1028 930 quantum
1050 891 1104 920 est
1123 884 1162 921 in
1181 895 1232 930 se,
1250 893 1305 921 est
1322 897 1392 933 per

321 946 361 970 se
390 943 481 972 nota
508 935 588 973 sive
617 935 853 983 immediata,
883 935 972 983 quia
1000 937 1205 985 aequalitas
1229 938 1328 974 cadit
1355 939 1393 975 in

322 987 540 1025 definitione
570 988 695 1036 anguli
723 989 823 1026 recti.
853 990 1024 1036 Angulus
1047 990 1148 1026 enirn
1177 998 1300 1027 rectus
1326 1000 1391 1038 est,

287 1063 292 1068 ·
321 1053 439 1089 quem
467 1042 555 1079 facit
581 1042 680 1078 linea
714 1050 816 1079 recta
845 1053 959 1089 super
985 1042 1100 1080 aliam
1117 1043 1137 1064 *
1156 1050 1297 1080 rectam
1333 1058 1392 1081 ca-

271 1105 279 1113 ·
322 1094 428 1141 dens,
458 1095 509 1132 ita
536 1095 640 1143 quod
661 1107 707 1132 ex
726 1104 884 1143 utraque
904 1103 1009 1143 parte
1035 1096 1162 1144 anguli
1188 1096 1393 1134 reddantur

321 1149 510 1196 aequales.
540 1149 590 1184 Et
627 1148 731 1195 ideo,
772 1161 860 1185 cum
885 1149 1054 1195 quadam
1087 1149 1272 1197 positione
1300 1150 1391 1186 reci-

287 1227 293 1232 ·
319 1200 473 1250 piuntur
487 1201 507 1222 ²⁸
522 1200 742 1238 huiusmodi
766 1201 961 1251 principia.

374 1254 443 1290 Est
462 1261 498 1290 et
515 1255 536 1275 ³⁸
555 1254 648 1291 alius
667 1255 818 1313 modus,
839 1268 917 1303 quo
937 1254 1084 1313 aliquae
1109 1253 1390 1302 propositiones

318 1307 588 1366 suppositiones
616 1307 812 1345 dicuntur.
823 1309 921 1345 Sunt
949 1307 1051 1344 enirn
1081 1306 1286 1366 quaedam
1303 1320 1390 1356 pro-

318 1359 546 1434 positioneS,
564 1372 683 1408 quae
716 1374 795 1398 non
826 1368 986 1409 possunt
1025 1360 1180 1408 probari
1219 1359 1289 1396 nisi
1321 1374 1391 1409 per

319 1413 537 1472 principia‘
557 1414 706 1451 alterius
725 1413 919 1460 scientiae;
941 1421 978 1450 et
996 1414 1082 1451 ideo
1103 1420 1252 1462 oportet
1284 1415 1389 1461 quod

320 1466 359 1503 in
385 1466 449 1511 illa¹
474 1466 628 1503 scientia
656 1475 938 1516 supponantur,
965 1467 1049 1503 licet
1076 1467 1286 1515 probentur
1321 1480 1390 1516 per

318 1518 502 1569 principia
521 1520 671 1558 alterius
691 1520 879 1558 scientiae.
897 1521 1002 1558 Sicut
1020 1533 1043 1557 a
1062 1528 1204 1570 puncto
1224 1519 1273 1556 ad
1292 1533 1388 1570 pun—

321 1580 424 1611 ctum
441 1573 461 1594 *
475 1581 618 1611 rectam
638 1574 778 1611 lineam
805 1573 955 1620 ducere,
985 1574 1166 1622 supponit
1192 1582 1388 1621 geometra

320 1627 508 1675 etprobat
521 1627 715 1674 naturalis;
736 1627 940 1664 ostendens
959 1627 1066 1675 quod
1084 1627 1182 1664 inter
1199 1627 1389 1675 quaelibet

320 1678 398 1716 duo
426 1687 567 1728 puncta
595 1680 641 1717 sit
668 1680 801 1718 linea*
817 1680 956 1718 media.

375 1733 411 1769 8.
441 1733 590 1771 Deinde
624 1746 713 1771 curn
750 1733 858 1771 dicit:
896 1734 1093 1771 Positionis
1128 1738 1253 1770 autem
1291 1744 1388 1781 quae

321 1791 376 1822 est
388 1793 471 1834 etc.,
493 1786 701 1827 subdividit
728 1788 889 1824 alterurn
909 1787 1131 1824 membrum
1158 1786 1305 1835 primae
1334 1785 1387 1822 di-

318 1957 346 1978 et
363 1950 570 1986 quoad'aliquos
583 1952 760 1982 solummodo,
775 1952 863 1984 quoad
877 1959 924 1977 eos
939 1959 1034 1984 nempe
1052 1952 1098 1984 qui
1112 1951 1196 1976 sciunt
1214 1952 1388 1984 praedicatum

318 1991 379 2013 esse
397 1988 430 2012 de
447 1987 546 2012 ratione
564 1987 680 2012 subiecti.
694 1987 859 2012 Manifestum
874 1993 913 2012 est
927 1992 1013 2012 autem
1032 1988 1104 2020 quod
1123 1995 1145 2012 s.
1159 1987 1276 2011 Thomas
1291 1987 1332 2011 hic
1351 1988 1389 2011 Ιο-

317 2023 405 2057 quitur
423 2024 456 2048 de
473 2023 651 2056 propositione
665 2031 712 2056 per
730 2030 760 2048 se
778 2028 839 2047 nota
853 2024 939 2056 quoad
958 2031 988 2048 se
1006 2029 1032 2048 et
1046 2024 1133 2056 quoad
1151 2030 1252 2047 omnes.
1271 2022 1388 2047 Diximus

318 2064 405 2084 nmen
424 2059 562 2084 lectionem
580 2059 686 2084 Pianam
705 2066 756 2084 non
776 2062 885 2088 rectam,
900 2058 962 2091 quia
980 2067 1088 2084 erronea
1107 2059 1156 2083 dici
1174 2058 1276 2090 nequit,
1295 2064 1324 2083 ut
1341 2065 1389 2090 per

318 2103 349 2121 se
366 2099 445 2127 patet.
464 2095 528 2119 Cod.
543 2095 580 2119 0:
601 2094 690 2127 quoad
707 2101 798 2119 omnes
811 2102 864 2126 per
881 2101 909 2119 se
928 2098 1014 2119 uotae.

372 2130 397 2164 ν)
417 2130 454 2155 Et
472 2130 532 2155 ideo
549 2130 639 2155 subdit
657 2135 704 2154 etc.
720 2130 786 2155 Cum
805 2130 853 2154 hac
872 2130 983 2154 lectione
1002 2129 1080 2154 Piana
1099 2129 1263 2154 consentiunt
1276 2129 1387 2159 codices,

319 2174 374 2191 uno
393 2166 416 2190 Η
436 2170 556 2198 excepto,
580 2165 625 2199 qui
645 2165 719 2198 legit:
743 2169 771 2190 et
789 2165 849 2190 ideo
871 2165 959 2190 subdit
984 2165 1055 2197 quod
1079 2172 1131 2190 non
1151 2165 1220 2189 idem
1239 2167 1279 2189 est
1298 2164 1387 2189 unitas

318 2205 346 2227 et
363 2207 419 2227 esse
437 2201 582 2226 unitatem.-
598 2200 662 2233 quia
685 2201 774 2225 unitas
799 2207 880 2234 neque
903 2208 994 2225 verum
1018 2207 1101 2233 neque
1112 2200 1216 2234 falsum
1238 2199 1387 2233 significat:

321 2240 348 2262 et
365 2243 420 2262 esse
445 2236 584 2262 veritatem
607 2236 678 2269 quod
701 2236 837 2269 significat
861 2243 952 2261 verum
977 2236 1017 2261 νει
1035 2236 1148 2269 salsum.
1178 2235 1321 2260 Retinenda
1346 2239 1387 2259 est

319 2272 406 2303 Pinna,
425 2279 492 2304 quae
510 2276 536 2296 et
553 2271 690 2305 perspicua
707 2276 755 2302 est,
775 2276 801 2296 et
819 2279 868 2304 pro
886 2279 916 2296 se
933 2271 1011 2296 habet
1029 2271 1204 2296 auctoritatem
1224 2270 1350 2295 codicum.

1610 277 1645 313 V

1447 354 1614 414 visioniS,
1640 355 1777 392 scilicet
1798 355 2039 414 positionem:
2060 354 2188 391 dicens
2207 354 2311 402 quod
2327 354 2517 402 quaedam

1447 408 1584 456 positio
1601 417 1666 455 est,
1683 421 1780 457 quae
1795 408 1929 457 accipit
1951 408 2155 456 aliquam*
2168 415 2316 456 partem
2341 408 2516 445 enuncia-

1448 461 1570 507 tionis,
1582 462 1719 498 scilicet
1738 461 2032 498 affirmationem
2046 462 2108 497 vel
2128 461 2391 508 negationem3
2411 452 2559 508 quodq

1449 514 1632 562 significat
1661 527 1748 551 curn
1777 515 1880 551 dicit:
1916 516 1964 552 Ut
1990 515 2072 550 dico
2091 514 2235 562 aliquid
2251 526 2329 550 esse
2356 520 2423 550 aut
2440 526 2514 551 non

1448 579 1536 604 esse.
1567 568 1616 603 Et
1642 569 1737 604 haec
1755 567 1892 616 positio
1920 567 2120 616 suppositio
2147 567 2291 614 dicitur,
2321 567 2410 614 quia
2436 573 2515 603 tan-

1448 632 1562 668 quam
1581 621 1774 658 veritatem
1789 622 1930 658 habens
1948 620 2183 669 supponitur.
2199 620 2283 657 Alia
2298 628 2427 657 autem
2446 632 2514 668 po-

1448 674 1531 710 sitio
1547 681 1612 719 est,
1629 686 1726 721 quae
1747 686 1826 710 non
1841 674 2024 721 significat
2042 686 2120 710 esse
2139 674 2200 710 vel
2216 685 2290 710 non
2310 685 2399 718 esse,
2421 673 2515 709 sicut

1449 726 1629 772 definitio,
1660 739 1759 774 quae
1781 728 1917 774 positio
1946 727 2079 763 dicitur
2094 727 2126 763 ²⁸.
2157 726 2313 763 Ponitur
2333 726 2435 763 enim
2464 726 2512 763 ab

1447 779 1683 816 arithmetico
1712 780 1880 817 definitio
1910 779 2074 825 unitatis⁷
2104 787 2286 827 tanquam
2315 779 2512 827 quoddam

1446 833 1693 881 principium,
1724 833 1862 869 scilicet
1890 833 1994 880 quod
2022 833 2145 869 unitas
2174 840 2229 869 est
2257 832 2477 869 indivisibile
2493 833 2514 853 *

1445 886 1649 922 secundum
1678 886 1932 933 quantitatem.
1964 885 2041 922 Sed
2069 893 2198 922 tamen
2226 885 2395 922 definitio
2434 897 2513 921 non

1448 938 1580 975 dicitur
1603 939 1623 959 *
1645 938 1870 986 suppositio:
1900 938 1989 974 illud
2019 938 2120 975 enim
2148 938 2300 987 proprie
2329 937 2513 987 supponi-

1446 999 1515 1037 tur,
1546 991 1650 1039 quod
1678 1003 1816 1027 verum
1843 991 1906 1027 vel
1934 991 2069 1027 falsum
2098 991 2292 1038 significat.
2322 992 2371 1027 Et
2394 991 2481 1028 ideo
2498 996 2513 1010 ’

1446 1044 1572 1081 subdit
1599 1043 1703 1091 quod
1732 1055 1807 1080 non
1837 1043 1934 1079 idem
1963 1049 2034 1089 est,
2055 1044 2156 1092 quod
2172 1044 2263 1092 quid
2282 1049 2343 1080 ‘est
2369 1044 2511 1089 unitas,

2448 277 2518 323 159

1446 1097 1551 1144 quod
1571 1098 1590 1116 ι
1610 1109 1735 1143 neque
1763 1108 1912 1141 verum,
1943 1108 2068 1144 neque,
2090 1097 2130 1118 *ὓ
2151 1097 2287 1133 falsum
2316 1097 2510 1143 significat,
2540 1115 2742 1169 :lm-„elsatam

1445 1155 1482 1185 et
1520 1161 1598 1185 esse
1640 1149 1818 1185 unitatem
1837 1177 1847 1194 ,
1891 1149 1996 1196 quod
2043 1149 2228 1196 significat
2268 1161 2406 1186 verum
2447 1149 2511 1186 vel

1445 1202 1593 1238 falsum.

1499 1267 1534 1313 9.
1566 1254 1642 1291 Sed
1661 1262 1786 1302 potest
1804 1254 1949 1302 quaeri:
1972 1266 2060 1290 cum
2080 1254 2248 1291 definitio
2268 1266 2347 1290 non
2365 1253 2410 1290 sit
2423 1266 2510 1302 pro-

1443 1307 1579 1355 positio
1600 1307 1814 1354 significans
1837 1319 1915 1343 esse
1937 1307 1999 1343 vel
2018 1319 2093 1343 non
2113 1319 2202 1353 esse,
2226 1307 2424 1366 quomodo
2443 1319 2511 1366 po-

1444 1368 1555 1396 natur
1572 1357 1617 1384 ξ
1610 1373 1647 1396 in
1676 1360 1934 1397 subdivisione
1963 1360 2206 1397 immediatae
2229 1359 2509 1409 propositionis.

1445 1414 1521 1450 Sed
1550 1413 1755 1450 dicendum
1793 1413 1897 1461 quod
1932 1413 1970 1449 in
1999 1413 2256 1450 subdivisione
2294 1425 2372 1449 non
2409 1425 2510 1449 resu-

1443 1467 1511 1503 mit
1529 1467 1549 1488 *
1567 1467 1830 1504 immediatam
1857 1467 2151 1527 propositionem
2185 1466 2234 1503 ad
2268 1466 2511 1502 subdividen-

1443 1520 1556 1566 dum,
1596 1519 1663 1556 sed
1701 1519 1966 1556 immediatum
1997 1519 2239 1568 principium.
2278 1518 2539 1578 Principiumt

1441 1580 1570 1609 autem
1590 1572 1794 1621 syllogismi
1814 1572 1886 1609 dici
1904 1580 2029 1621 potest
2047 1585 2126 1609 non
2145 1573 2269 1609 solum
2287 1580 2509 1621 propos1t10,
2537 1577 2544 1610 ’“»,

1441 1626 1508 1663 sed
1542 1625 1656 1662 etiam
1688 1625 1870 1663 definitio.
1913 1626 1982 1662 Vel
2019 1634 2168 1674 potest
2181 1626 2253 1663 dici
2290 1625 2394 1673 quod
2426 1625 2511 1662 licet

1443 1679 1611 1716 definitio
1641 1679 1679 1715 in
1707 1691 1746 1715 se
1775 1691 1853 1715 non
1873 1678 1918 1714 sit
1945 1679 2155 1727 propositio
2183 1679 2222 1716 in
2249 1686 2347 1724 actu,
2378 1686 2434 1715 est
2457 1686 2509 1715 ta-

1441 1745 1532 1769 men
1551 1732 1589 1768 in
1602 1732 1739 1768 virtute
1754 1731 1994 1780 propositio*
2004 1732 2093 1780 quia
2113 1732 2260 1780 cognita
2275 1731 2507 1778 definitione,

1441 1793 1598 1834 apparet
1617 1784 1878 1822 definitionem
1907 1784 1953 1821 de
1973 1785 2142 1822 subiecto
2170 1798 2262 1822 vere
2285 1784 2506 1834 praedicari.

1497 1949 1519 1982 Ε)
1536 1951 1656 1976 Ponatur
1669 1951 1695 1976 in
1710 1951 1887 1977 subdivisione
1901 1957 1973 1976 etc.·-
1983 1951 2064 1976 Codd.
2079 1950 2201 1986 (exceptis
2216 1948 2315 1985 DGM):
2326 1954 2447 1982 ponatur
2460 1951 2508 1975 sub

1442 1987 1571 2012 divisione
1590 1987 1759 2011 immediatae
1778 1992 1825 2011 etc.
1844 1987 1924 2011 DGS:
1939 1990 2060 2018 ponatur
2077 1986 2255 2011 subdivisione
2273 1986 2442 2011 immediatae
2460 1990 2508 2010 etc.

1442 2023 1562 2047 Attamen
1577 2029 1636 2046 cum
1650 2022 1796 2046 immediate
1815 2027 1875 2054 post
1889 2022 1962 2046 codd.
1984 2020 2048 2057 (exc.
2063 2019 2124 2055 OQ)
2146 2022 2232 2053 legant
2244 2021 2340 2053 etipsi.
2354 2021 2402 2046 sed
2420 2021 2508 2045 dicen·-

1442 2058 1506 2082 dum
1525 2061 1565 2082 est
1577 2057 1649 2090 quod
1667 2058 1693 2082 in
1712 2057 1890 2082 subdivisione
1907 2062 1964 2087 etc.,
1984 2065 2036 2081 non
2054 2057 2172 2081 existimo
2191 2057 2377 2081 immutandam
2397 2063 2458 2080 esse
2471 2056 2508 2080 le-

1442 2093 1552 2118 ctionem
1575 2093 1690 2123 Pianam,
1709 2093 1767 2117 edd.
1786 2093 1851 2117 Ven.
1871 2098 1896 2117 et
1914 2093 1970 2117 cod.
1989 2092 2015 2116 M
2034 2092 2075 2116 cui
2094 2092 2250 2116 concordare
2267 2091 2386 2116 videntur
2404 2091 2479 2116 DGS.
2487 2104 2509 2110 —-

1441 2129 1553 2153 Aliunde
1572 2129 1598 2153 in
1626 2128 1803 2153 subdivisione
1821 2132 1862 2152 est
1879 2128 1955 2152 lectio
1981 2127 2115 2152 manifeste
2138 2127 2245 2151 indicata
2268 2135 2283 2151 a
2310 2134 2332 2151 s.
2351 2126 2454 2150 Thoma
2481 2125 2506 2150 in

1441 2164 1567 2196 principio
1582 2172 1652 2188 num.
1671 2164 1801 2196 praeced:
1822 2163 1975 2188 Subdividit
1988 2164 2101 2187 alterum
2117 2162 2262 2187 membrum
2281 2161 2442 2186 eto—Codd.
2456 2160 2508 2190 OQ

1441 2200 1531 2231 legunt
1554 2199 1631 2223 etiam
1655 2199 1734 2224 infra:
1753 2198 1800 2224 sub
1825 2198 1966 2226 divisione‚·
1985 2199 2022 2223 H:
2040 2198 2088 2223 sed
2112 2197 2251 2223 dicendum
2275 2197 2347 2230 quod
2363 2196 2507 2221 subdivisio

1441 2242 1492 2259 non
1512 2234 1630 2259 resumit.

2546 421 2581 440 '11
2589 420 2720 447 a-lteram,·
2728 427 2757 443 o:

2544 446 2676 473 quamlibet.

2543 740 2550 747 ¹¹
2561 738 2597 759 Cf.
2604 738 2692 765 Perilt„
2701 740 2755 762 lect.

2542 770 2594 812 ie’ct.
2605 797 2626 812 x·
2629 798 2652 812 x.

2586 771 2610 786 n.
2624 772 2647 791 4.
2666 777 2676 781 -
2694 766 2767 788 Infra*

2540 835 2718 861 ‘Anzxumqsn
2721 843 2754 858 -:P

2540 861 2627 882 indivis
2629 862 2699 883 tbtlls.

2541 948 2549 956 ·
2559 953 2670 969 mutuno.
2679 960 2688 964 -
2699 955 2712 970 ι’
2731 954 2752 971 et

2539 974 2580 1021 ἒξ
2593 974 2670 996 codd.:
2681 976 2755 1002 pom·-

2638 1037 2650 1052 ν

2561 1119 2587 1134 o:
2602 1114 2669 1141 quia.

2634 1377 2646 1407 Ε

2539 1475 2654 1497 Codd.·
2644 1483 2690 1498 -:i>
2710 1483 2751 1499 su-

2537 1502 2586 1523 mit.

2538 1721 2704 1752 'Propositio,
2720 1729 2748 1743 ex

2537 1747 2605 1769 codd.
2614 1754 2662 1775 ‚qu
2664 1748 2671 1769 i
2688 1750 2747 1773 (exc.

2535 1776 2601 1799 uns-r)
2608 1764 2643 1802 leg
2645 1776 2746 1796 ,ςίαηιεη

2536 1781 2643 1821 uirtuteg
