2788 4204
37 312 45 320 ·
56 316 85 332 ac
99 317 103 331 :
122 309 251 337 praeteriti

36 337 147 384 {aperis
162 335 199 357 vel
205 335 250 364 fu-

36 649 44 656 ·
56 623 149 669 (ἶοάἀ.Ἴ
158 654 187 669 ia:
202 647 248 668 cir-

35 674 147 695 cumdans
167 674 248 699 (Conf.

35 701 184 727 lib.11,1ect.1,
194 702 248 727 n.5>.

36 840 78 859 'At
99 843 141 858 nec
153 836 247 864 passio.

36 943 45 952 “
56 941 146 968 Nempe
165 941 248 970 *actio*-

35 974 87 989 nem
95 974 153 994 quae
164 970 249 993 incepit

36 998 57 1016 et
83 994 186 1015 nondum
215 996 248 1013 est

35 1021 155 1042 terminata
174 1019 248 1045 (Conf.

35 1046 118 1094 ¹Aegid.
140 1047 163 1067 in
190 1047 249 1067 hunc

44 1076 96 1099 σα).

133 1099 146 1124 θ

138 1153 146 1168 ῑ

43 1791 52 1799 ”
62 1794 134 1811 Auen:
152 1804 154 1807 f
169 1794 251 1809 secun-

40 1816 92 1837 dum
103 1821 229 1836 numerum.

40 1844 49 1851 ¹¹
61 1842 135 1863 Codd.
144 1848 188 1862 -Ρ.ε
204 1847 250 1862 non

39 1868 160 1890 constituit
171 1874 251 1888 casum

40 1895 76 1916 vel
92 1901 162 1915 casus
180 1894 250 1915 verbi.

40 1944 49 1954 “
62 1943 151 1964 Codd.:
169 1948 251 1963 secun-

41 1970 94 1991 dum
103 1969 193 1991 modos.

49 2532 56 2541 ·
66 2531 143 2552 Primo
151 2536 178 2551 ex
187 2529 256 2551 codd.

280 221 328 256 26

1037 219 1155 255 PERI
1186 219 1533 255 HERMENEIAS
1572 220 1666 257 LIB.
1699 221 1711 256 Ι

277 299 380 347 poris
402 299 436 344 *3
459 306 495 335 et
514 298 602 335 dicit
618 297 722 346 quod
748 298 843 335 sicut
860 298 981 334 verba
1000 297 1145 333 infinita
1164 309 1242 333 non
1259 304 1346 333 sunt
1372 298 1375 352 Ι
1401 311 1554 336 currere
1573 306 1627 336 est
1643 302 1799 347 moveri,
1821 301 1901 338 sive
1921 301 1994 338 sint
2013 302 2163 339 alterius
2185 303 2303 350 modi;
2320 310 2362 340 ut
2381 315 2469 341 cum

279 351 496 400 simpliciter
522 351 653 397 verba,
683 351 732 387 ita
761 351 875 386 etiarn
904 356 1039 395 curret,
1069 350 1175 398 quod
1205 356 1261 386 est
1289 350 1344 385 fu-

277 404 350 441 turi
384 405 582 453 temporis,
616 405 678 441 vel
711 404 896 448 currebat,
931 403 1036 451 quod
1069 410 1124 438 est
1155 402 1345 450 praeteriti

278 457 471 505 temporis,
502 469 580 493 non
608 464 694 493 sunt
720 456 850 501 verba,
882 455 949 491 sed
978 462 1064 491 sunt
1092 466 1200 491 casus
1223 455 1342 492 verbi.

278 511 327 547 Et
355 510 533 546 differunt
560 509 598 545 in
626 509 700 544 hoc
728 521 750 544 a
777 508 915 553 verbo,
946 507 1034 556 quia
1061 508 1225 544 verbum
1256 520 1344 544 con-

278 562 462 610 significat
494 574 673 610 praesens
710 568 882 608 tempus,
914 560 975 596 illa
1002 572 1096 597 vero
1135 560 1346 607 significant

277 620 456 663 tempus*7
475 615 563 651 hinc
582 622 619 650 et
643 614 731 650 inde
761 613 1006 649 circumstans
1032 614 1061 648 ³⁸.
1092 612 1192 649 Dicit
1216 621 1344 650 autem

278 668 466 715 signanter
504 678 685 715 praesens
723 671 890 714 tempus,
934 673 970 702 et
1011 678 1090 702 non
1127 665 1346 715 simpliciter

271 732 462 769 praesens,
479 732 526 755 ne
546 719 770 766 intelligatur
787 731 968 767 praesens
988 718 1226 766 indivisibile,
1239 720 1345 768 quod

278 780 333 809 est
360 772 517 808 instans:
547 772 635 820 quia
662 772 701 808 in
729 771 878 809 instanti
907 784 986 808 non
1015 779 1071 808 est
1095 779 1239 819 motus,
1274 785 1346 809 nec

278 825 373 862 actio
403 832 467 861 aut
484 824 611 873 passio
631 825 670 870 *;
692 825 761 862 sed
789 832 939 874 oportet
967 825 1139 873 accipere
1163 838 1344 874 praesens

277 885 427 925 tempus
456 877 561 926 quod
589 886 785 915 mensurat
817 878 1025 924 actionem,
1056 890 1154 927 quae
1188 878 1342 926 incepit,

278 938 314 967 et
333 930 505 967 nondum
528 939 583 968 est
603 931 851 968 determinata
869 943 939 980 per
958 939 1084 968 actum
1098 932 1128 967 ³³.
1142 933 1259 968 Recte
1279 943 1343 968 au-

277 991 354 1020 tem
385 996 430 1019 ea
458 996 556 1032 quae
586 984 873 1031 consignificant
897 992 1049 1032 tempus
1068 982 1081 1004 θ
1099 984 1344 1032 praeteritum

276 1037 338 1073 vel
367 1036 547 1083 futurum,
578 1050 656 1074 non
677 1045 763 1074 sunt
785 1039 905 1075 verba
927 1037 1082 1086 proprie
1111 1037 1225 1074 dicta:
1256 1050 1344 1074 cum

278 1089 380 1125 enim
399 1090 563 1126 verbum
582 1091 736 1139 proprie
757 1091 803 1128 sit
821 1091 927 1140 quod
947 1090 1132 1138 significat
1150 1102 1261 1138 agere
1280 1091 1342 1127 vel

276 1142 364 1190 pati,
381 1142 456 1178 hoc
475 1150 530 1179 est
543 1144 697 1192 proprie
711 1145 876 1181 verbum
893 1144 998 1192 quod
1014 1143 1214 1190 significat·
1233 1156 1345 1192 agere

276 1196 338 1231 vel
353 1194 430 1243 pati
445 1195 483 1232 in
499 1203 596 1242 actu,
618 1197 723 1245 quod
739 1204 795 1233 est
814 1209 925 1244 agere
940 1197 1002 1233 vel
1022 1196 1099 1244 pati
1117 1197 1345 1244 simpliciter.-

277 1247 345 1284 sed
373 1259 484 1295 agere
512 1250 574 1286 vel
603 1249 679 1297 pati
699 1250 737 1286 in
756 1249 958 1298 praeterito
982 1250 1044 1286 vel
1065 1249 1191 1286 futuro
1217 1257 1273 1287 est
1290 1262 1344 1286 se-

278 1301 441 1337 cundum
470 1302 568 1349 quid.

337 1354 393 1390 13.
423 1354 610 1392 Dicuntur
638 1355 751 1392 etiam
779 1354 899 1391 verba
926 1354 1116 1402 praeteriti
1143 1354 1206 1391 vel
1233 1356 1345 1392 futuri

276 1406 459 1453 temporis
492 1407 759 1444 rationabiliter
792 1419 900 1443 casus
928 1407 1048 1452 verbi,
1086 1407 1191 1454 quod
1225 1409 1345 1445 consi—

277 1458 429 1506 gnificat
462 1472 641 1508 praesens
677 1468 845 1508 tempus;
877 1459 965 1508 quia
998 1459 1243 1507 praeteritum
1282 1462 1345 1497 vel

277 1512 446 1548 futurum
475 1513 609 1549 dicitur
635 1525 704 1562 per
732 1519 948 1561 respectum
977 1512 1026 1548 ad
1055 1524 1247 1560 praesens.
1278 1515 1347 1550 Est

278 1564 381 1601 enim
415 1566 659 1612 praeteritum
694 1565 798 1614 quod
836 1565 903 1602 fuit
936 1577 1137 1613 praesens,
1177 1566 1344 1603 futurum

279 1625 407 1654 autem
436 1618 540 1666 quod
569 1619 637 1655 erit
663 1630 855 1667 praesens.

338 1682 394 1716 14.
425 1672 525 1707 Cum
554 1679 682 1708 autem
712 1670 911 1708 declinatio
939 1670 1047 1707 verbi
1075 1670 1242 1708 varietur
1277 1684 1347 1720 per

278 1723 435 1770 modos,
465 1731 655 1772 tempora,
685 1736 868 1760 numeros
898 1730 934 1759 et
961 1735 1157 1771 personas,
1186 1725 1345 1761 variatio

279 1788 376 1824 quae
405 1777 448 1813 fit
465 1789 534 1825 per
562 1789 766 1814 numerum
785 1778 805 1798 ³¹³
825 1784 861 1813 et
879 1788 1084 1824 personam
1105 1789 1183 1813 non
1212 1778 1347 1815 consti-

278 1828 347 1865 tuit
380 1841 488 1866 casus
520 1830 629 1866 verbi
647 1831 682 1866 *z
704 1830 793 1879 quia
820 1829 902 1866 talis
921 1829 1079 1866 variatio
1110 1842 1188 1866 non
1217 1838 1273 1868 est
1301 1843 1347 1868 ex

278 1889 384 1931 parte
413 1882 580 1930 actionis,
611 1883 678 1920 sed
699 1895 743 1919 ex
772 1890 877 1931 parte
898 1882 1071 1927 subiecti;
1093 1883 1160 1919 sed
1187 1884 1346 1920 variatio

280 1948 378 1984 quae
407 1943 462 1972 est
497 1948 567 1984 per
603 1936 742 1973 modos
761 1937 781 1957 '¹‘
800 1943 836 1972 et
855 1943 1029 1983 tempora
1049 1936 1198 1984 respicit
1224 1937 1347 1985 ipsam

280 1988 487 2034 actionem,
509 1996 546 2025 et
573 1988 660 2025 ideo
688 1996 848 2038 utraque
882 1988 1071 2025 constituit
1099 2002 1207 2026 casus
1225 1990 1345 2027 verbi.

281 2043 384 2078 Nam
420 2042 540 2078 verba
573 2041 787 2090 imperativi
823 2042 885 2078 vel
919 2042 1075 2090 optativi
1103 2043 1210 2079 modi
1239 2055 1348 2080 casus

281 2095 466 2141 dicuntur,
496 2094 591 2131 sicut
610 2102 646 2131 et
672 2095 792 2131 verba
810 2094 998 2143 praeteriti
1026 2096 1088 2132 vel
1117 2096 1229 2132 futuri
1254 2104 1348 2133 tem-

280 2148 394 2197 poris.
426 2147 503 2184 Sed
529 2148 650 2184 verba
674 2147 864 2184 indicativi
893 2147 999 2184 modi
1018 2149 1226 2196 praesentis
1254 2157 1348 2186 tem-

280 2201 383 2249 poris
409 2213 487 2237 non
514 2199 688 2236 dicuntur
713 2213 838 2247 casus,
861 2200 1134 2250 cuiuscumque
1164 2202 1237 2239 sint
1262 2215 1347 2251 per-

282 2266 399 2290 sonae
426 2254 488 2290 vel
517 2252 678 2290 numeri.

343 2307 399 2343 15.
429 2306 578 2343 Deinde
599 2318 686 2342 cum
707 2305 810 2342 dicit:
830 2307 919 2353 Ipsa
939 2306 1062 2355 itaque
1081 2314 1164 2354 etc.,
1185 2308 1349 2346 ostendit

284 2359 588 2396 convenientiam
607 2359 816 2395 verborum
837 2358 886 2395 ad
905 2360 1072 2396 nomina.
1089 2361 1138 2398 Et
1157 2360 1255 2398 circa
1273 2363 1348 2399 hoc

285 2412 362 2449 duo
392 2411 492 2448 facit:
518 2412 654 2460 primO,
672 2411 852 2460 proponit
880 2412 984 2460 quod
1016 2413 1189 2459 intendit3
1215 2427 1346 2452 secun-

287 2465 349 2511 do,
367 2465 579 2501 manifestat
601 2464 859 2512 propositum
882 2464 953 2502 ibi:
974 2467 1026 2502 Et
1050 2467 1267 2516 signficant
1282 2468 1349 2505 ali-

286 2518 375 2566 quid
389 2525 457 2554 etc.
470 2517 569 2554 Dicit
579 2529 668 2564 ergo
679 2517 803 2565 primo
819 2517 838 2537 ³*
855 2518 959 2564 quod
978 2518 1059 2566 ipsa
1072 2520 1192 2556 verba
1216 2533 1348 2557 secun-

287 2571 379 2607 dum
400 2583 440 2607 se
461 2570 558 2606 dicta
577 2577 663 2606 sunt
682 2571 856 2606 nomina:
878 2571 982 2617 quod
997 2583 1019 2607 a
1038 2572 1266 2620 quibusdam
1288 2586 1349 2610 ex-

286 2623 439 2672 ponitur
458 2623 505 2660 de
521 2622 647 2660 verbis
667 2635 765 2670 quae
785 2631 985 2660 sumuntur
1003 2623 1041 2660 in
1059 2624 1098 2661 vi
1118 2625 1294 2671 nominis,
1310 2633 1351 2662 ut

288 2676 429 2714 dictum
450 2683 516 2723 est,
547 2675 627 2712 sive
656 2675 728 2712 sint
746 2675 920 2713 infinitivi
940 2677 1062 2723 modi;
1082 2684 1123 2713 ut
1143 2690 1231 2714 cum
1252 2678 1349 2725 dico,

339 2813 367 2848 η)
388 2813 437 2838 Illa
460 2820 522 2838 vero
544 2811 698 2845 signficant
716 2814 818 2843 tempus
841 2816 888 2835 etc.
912 2811 948 2836 Ita
966 2811 1026 2836 edit.
1042 2811 1121 2836 Pinna
1143 2816 1169 2836 et
1189 2811 1222 2836 im
1243 2812 1353 2837 codices.

287 2849 384 2874 Verum
409 2849 443 2873 ob
474 2848 586 2872 rationes
611 2847 732 2871 adductas
757 2847 783 2870 in
808 2846 933 2878 superiori
959 2851 1038 2876 nota,
1061 2846 1162 2871 videtur
1190 2847 1252 2872 haec
1280 2847 1355 2871 lectio

289 2892 340 2908 non
360 2891 419 2908 esse
438 2883 517 2907 sancti
536 2882 668 2913 Thomae,
687 2881 734 2906 sed
753 2889 812 2906 esse
832 2882 985 2913 legendum:
1002 2881 1047 2906 illa
1072 2889 1134 2906 vero
1152 2882 1355 2915 consignificant

289 2923 406 2951 tempus:
426 2926 492 2951 quae
511 2923 551 2942 est
570 2918 643 2942 lectio
662 2925 677 2941 a
695 2923 784 2941 sancto
803 2916 905 2940 Thoma
924 2917 1021 2949 passim
1037 2917 1165 2949 adoptata,
1185 2917 1238 2942 imo
1257 2918 1288 2942 ab
1307 2917 1355 2942 im-

290 2954 399 2979 mediate
424 2953 648 2986 praecedentibus,
672 2952 735 2985 quia
759 2951 865 2976 verbum
884 2952 1068 2985 consignificat
1092 2957 1140 2977 etc.
1165 2952 1272 2977 omnino
1291 2952 1355 2976 indi-

290 2994 352 3014 cata.
366 3002 385 3008 ›-
399 2989 458 3013 Duo
478 2993 565 3012 tamen
588 2987 690 3012 codices
708 2987 753 3011 AB
776 2987 871 3011 habent
894 2987 944 3012 hoc
968 2987 1044 3012 etiam
1064 2987 1136 3012 loco:
1161 2987 1223 3020 quia
1248 2988 1354 3013 verbum

290 3025 314 3049 .ςὶ
335 3024 361 3048 ni
381 3027 432 3048 cat.

314 3032 333 3057 g
343 3025 380 3093 0¹)st
386 3058 593 3091 Consignificant
604 3061 706 3090 tempus
716 3062 763 3082 etc.
770 3057 868 3082 -Unus
879 3057 935 3082 cod.
946 3058 977 3082 A:
992 3057 1126 3090 significat
1136 3056 1186 3090 (Cf.
1197 3062 1272 3082 notas
1282 3065 1355 3091 prae-

292 3094 347 3119 ced.
362 3099 387 3118 et
406 3093 481 3127 seq.).
495 3108 514 3112 -
530 3094 640 3118 Attende
659 3093 721 3126 quid
742 3100 755 3117 a
775 3100 796 3117 s.
810 3092 913 3116 Thomu
933 3093 1031 3117 dicatur
1050 3092 1081 3116 de
1099 3093 1198 3117 actione
1212 3093 1355 3125 praesenti,

291 3129 426 3162 praeterita
440 3133 465 3153 et
479 3128 571 3153 futura.
591 3129 664 3153 Actio
679 3128 747 3153 enim
761 3131 886 3160 praesens
901 3132 941 3151 est
956 3127 1106 3160 simpliciter
1120 3128 1186 3153 actio
1205 3128 1263 3160 quia
1279 3128 1356 3152 habet

291 3172 346 3190 esse
365 3172 412 3189 seu
431 3163 513 3188 existit
531 3167 591 3188 actu
600 3171 607 3192 ‚·
622 3171 684 3195 ergo
699 3163 759 3196 quia
774 3164 805 3187 de
820 3162 918 3187 ratione
931 3163 1002 3187 verbi
1019 3168 1058 3187 est
1073 3162 1215 3194 significare
1229 3163 1356 3188 actionem

294 3198 350 3233 (vel
370 3197 545 3232 passionem),
560 3199 668 3223 verbum
683 3198 787 3231 proprie
801 3203 841 3222 est
854 3198 964 3222 verbum
979 3198 1122 3230 praesentis
1137 3199 1294 3231 temporis.-
1304 3198 1355 3223 Sed

293 3235 358 3259 actio
377 3234 512 3267 praeterita
529 3234 570 3258 vel
590 3234 675 3258 futura
693 3241 781 3258 revera
796 3241 847 3257 non
862 3238 903 3257 est
916 3234 994 3262 actio,
1015 3234 1076 3266 quia
1090 3241 1179 3258 revera
1198 3241 1250 3258 non
1264 3233 1356 3263 existit,

295 3270 340 3294 sed
359 3269 406 3294 fuit
423 3270 464 3293 vel
483 3269 543 3296 erit.
559 3269 662 3301 quando
681 3268 727 3293 fuit
741 3269 781 3293 vel
801 3268 999 3300 erit-praesens;
1024 3273 1049 3293 et
1063 3268 1121 3293 ideo
1135 3268 1212 3293 verba
1227 3268 1356 3301 praeteriti

293 3305 334 3329 vel
354 3304 430 3329 futuri
450 3303 574 3336 temporis
594 3312 646 3328 non
661 3309 721 3328 sunt
739 3303 843 3336 proprie
860 3304 953 3334 verba,
974 3304 1021 3328 sed
1041 3303 1161 3328 dicuntur
1180 3311 1257 3328 casus
1271 3303 1356 3334 verbi,

295 3345 323 3364 ut
342 3348 362 3364 s.
378 3340 474 3364 Doctor
493 3339 600 3371 explicat
619 3347 644 3364 n.
660 3347 715 3372 seq.
1057 3349 1060 3353 ·

349 3375 367 3408 ι)
388 3375 446 3399 Hoc
464 3378 503 3399 est
517 3375 628 3406 proprie
646 3375 753 3399 verbum
772 3373 843 3406 quod
861 3374 995 3407 significat
1014 3379 1061 3399 etc.
1077 3375 1161 3399 Editio
1181 3374 1259 3399 Piana
1281 3373 1358 3399 habet

295 3410 484 3442 consignificat,
500 3417 614 3442 sequens
633 3410 771 3434 editionem
791 3409 903 3434 b.-Sed
926 3409 991 3434 forte
1010 3410 1105 3440 verius,
1124 3414 1152 3434 ut
1170 3414 1239 3442 patet
1253 3417 1283 3434 ex
1298 3414 1358 3434 nota

296 3445 455 3476 praecedenti
474 3444 502 3473 ζ.
524 3445 661 3476 legendum
681 3450 720 3469 est
738 3445 873 3478 significat
892 3452 952 3469 cum
979 3445 1034 3469 aliis
1059 3445 1116 3470 edd.
1135 3445 1241 3470 Venetis
1260 3452 1305 3472 ac.
1332 3449 1358 3469 et

298 3480 371 3503 codd.
392 3480 436 3504 AC
455 3478 545 3514 (codd.
565 3480 605 3504 alii
629 3480 724 3504 habent
747 3477 884 3513 lacunam).
909 3479 975 3504 Hinc
1000 3480 1146 3504 immediate
1168 3485 1226 3504 ante
1251 3484 1276 3504 et
1294 3479 1358 3504 infra

299 3521 323 3537 n.
338 3513 367 3538 15
382 3514 437 3546 ipsa
448 3515 523 3539 Piana
538 3515 611 3546 legit:
631 3515 736 3540 verba...
751 3514 903 3547 significant
917 3522 1000 3547 agere
1014 3516 1053 3539 vel
1063 3515 1132 3547 pati.
1142 3529 1161 3534 -
1174 3516 1292 3540 Attamen
1309 3514 1357 3539 dixi

293 3549 367 3582 sorte
386 3549 416 3573 ad
440 3550 644 3581 praecavendum
667 3550 841 3583 importunam
866 3550 1039 3575 subtilitatem.
1064 3550 1129 3575 Nam
1155 3555 1244 3583 posset
1267 3549 1358 3583 aliquis

1402 353 1503 398 dico,
1538 365 1651 390 curro
1685 360 1739 390 est
1768 355 1936 391 verbum.
1969 355 2046 391 Sed
2078 356 2174 392 haec
2208 368 2287 393 non
2320 356 2472 394 videtur

1402 418 1484 442 esse
1496 406 1682 443 *intentio
1699 407 1918 454 Aristotelis,
1935 408 2024 456 quia
2039 408 2088 445 ad
2102 409 2201 445 hanc
2220 409 2470 446 intentionem

1400 470 1479 495 non
1517 459 1749 508 respondent
1776 460 1972 509 sequentia
1999 462 2029 497 *.
2069 462 2118 497 Et
2155 461 2242 498 ideo
2277 462 2383 498 aliter
2417 462 2470 499 di-

1401 512 1567 548 cendum
1605 519 1661 549 est
1709 513 1814 561 quod
1851 525 1995 550 nomen
2036 513 2098 550 hic
2134 514 2319 561 sumitur,
2356 522 2471 563 prout

1401 565 1656 601 communiter
1690 566 1874 613 significat
1912 566 2121 614 quamlibet
2155 567 2360 604 dictionem
2399 568 2469 604 irn-

1400 617 1564 664 positam
1594 618 1643 654 ad
1671 618 1963 666 significandum
1993 619 2159 668 aliquam
2189 632 2282 667 rem.
2304 621 2353 656 Et
2381 621 2470 669 quia

1402 669 1515 705 etiam
1531 670 1657 718 ipsum
1672 672 1692 692 *
1706 683 1824 720 agere
1841 672 1903 708 vel
1913 672 1998 719 pati
2011 679 2066 708 est
2081 673 2271 720 quaedam
2292 685 2363 719 res,
2380 673 2469 710 inde

1401 729 1457 758 est
1476 723 1582 770 quod
1602 730 1638 759 et
1656 723 1738 771 ipsa
1751 724 1872 760 verba
1887 724 1925 760 in
1941 731 2126 772 quantum
2141 725 2351 772 nominant,
2373 726 2470 763 idest

1401 774 1612 822 significant
1645 787 1756 823 agere
1789 777 1851 813 vel
1879 776 1972 824 pati,
2007 777 2078 813 sub
2111 777 2331 815 nominibus
2364 791 2468 815 com-

1399 828 1688 875 prehenduntur
1704 828 1958 864 communiter
1969 829 2143 877 acceptis.
2153 830 2311 866 Nomen
2326 839 2466 878 autem,

1399 888 1514 928 prout
1533 893 1555 917 a
1581 881 1703 918 verbo
1731 881 1978 928 distinguitur,
2009 881 2194 928 significat
2213 894 2294 919 rem
2314 884 2384 919 sub
2405 883 2469 920 de-

1400 934 1601 970 terminato
1630 934 1763 981 modo,
1793 941 1907 982 prout
1934 933 2073 970 scilicet
2100 941 2225 982 potest
2252 935 2404 983 intelligi
2428 943 2470 972 ut

1394 998 1467 1034 per
1485 998 1525 1023 se
1542 987 1563 1008 *
1582 986 1754 1023 existens.
1782 986 1894 1023 Unde
1914 987 2071 1023 nomina
2090 995 2251 1035 possunt
2271 988 2403 1025 subiici
2432 995 2469 1025 et

1399 1039 1620 1087 praedicari.

1461 1094 1517 1129 16.
1539 1092 1688 1129 Deinde
1705 1104 1792 1128 cum
1809 1091 1914 1128 dicit:
1933 1093 1985 1128 Et
1995 1093 2213 1141 significant
2224 1093 2368 1142 aliquid
2385 1100 2468 1141 etc.,

1400 1146 1537 1193 probat
1554 1145 1806 1193 propositum.
1824 1146 1873 1181 Et
1886 1145 2024 1193 primo,
2045 1157 2114 1193 per
2131 1146 2207 1182 hoc
2226 1146 2332 1194 quod
2350 1147 2470 1183 verba

1401 1198 1613 1245 significant
1640 1198 1796 1246 aliquid,
1827 1197 1922 1234 sicut
1942 1205 1978 1234 et
1997 1198 2170 1243 nomina;
2192 1199 2374 1247 secundo,
2401 1211 2471 1248 per

1401 1251 1476 1287 hoc
1504 1251 1609 1300 quod
1629 1263 1707 1287 non
1727 1250 1938 1298 significant
1956 1263 2093 1287 verum
2121 1252 2184 1287 vel
2206 1252 2354 1299 falsum,
2375 1252 2471 1289 sicut

1401 1315 1472 1340 nec
1491 1304 1664 1350 nomina;
1686 1304 1755 1340 ibi:
1772 1304 1846 1340 Sed
1862 1304 1896 1339 si
1913 1309 1976 1349 est,
1997 1309 2064 1339 aut
2082 1316 2156 1340 non
2176 1310 2231 1340 est
2253 1304 2471 1342 ete-Dicit

1402 1368 1492 1403 ergo
1506 1357 1632 1405 primo
1653 1356 1759 1405 quod
1773 1356 1811 1393 in
1826 1363 1973 1392 tantum
1994 1356 2137 1393 dictum
2153 1364 2209 1393 est
2224 1357 2330 1406 quod
2350 1358 2471 1395 verba

1402 1415 1489 1445 sunt
1517 1409 1692 1456 nomina,
1722 1409 1760 1445 in
1786 1416 1971 1457 quantum
2000 1409 2212 1456 significant
2239 1410 2391 1459 aliquid.
2422 1411 2472 1448 Et

1401 1462 1476 1497 hoc
1494 1462 1643 1509 probat,
1673 1461 1762 1509 quia
1787 1474 1902 1509 supra
1930 1462 2073 1498 dictum
2103 1470 2159 1499 est
2176 1463 2197 1484 '³
2229 1463 2334 1512 quod
2352 1476 2470 1501 voces

1402 1513 1672 1561 significativae
1687 1514 1899 1561 significant
1912 1514 2132 1551 intellectus.
2144 1515 2256 1552 Unde
2271 1516 2470 1564 proprium

1400 1566 1508 1603 vocis
1536 1566 1807 1614 significativae
1836 1572 1892 1602 est
1920 1566 2026 1615 quod
2053 1575 2208 1614 generet
2231 1568 2398 1617 aliquem
2417 1569 2472 1606 in-

1401 1620 1592 1655 tellectum
1620 1619 1660 1656 in
1687 1619 1817 1656 animo
1847 1618 2044 1656 audientis.
2075 1620 2124 1656 Et
2151 1619 2239 1656 ideo
2269 1620 2318 1657 ad
2345 1628 2471 1659 osten-

1402 1671 1573 1709 dendum
1602 1672 1708 1721 quod
1735 1672 1900 1709 verbum
1929 1672 1975 1708 sit
2005 1684 2084 1708 vox
2116 1672 2379 1720 significativa,
2413 1686 2472 1711 as·

1401 1725 1516 1761 sumit
1557 1725 1663 1774 quod
1706 1725 1786 1771 ille,
1830 1724 1895 1773 qui
1934 1724 2022 1762 dicit
2053 1726 2239 1772 verbum,
2284 1726 2474 1764 constituit

1402 1777 1632 1814 intellectum
1666 1777 1704 1814 in
1738 1777 1867 1814 animo
1897 1777 2094 1814 audientis.
2126 1779 2175 1814 Et
2207 1778 2256 1815 ad
2284 1779 2359 1816 hoc
2391 1791 2471 1817 ma-

1402 1831 1657 1868 nifestandum
1676 1830 1819 1867 inducit
1846 1830 1952 1879 quod
1970 1830 2043 1878 ille,
2073 1830 2138 1879 qui
2166 1831 2281 1879 audit,
2303 1831 2470 1880 quiescit.

1462 1896 1519 1932 17.
1556 1883 1634 1920 Sed
1667 1884 1742 1920 hoc
1775 1883 1927 1920 videtur
1961 1895 2044 1920 esse
2078 1883 2233 1920 falsum:
2269 1884 2358 1933 quia
2391 1886 2473 1922 sola

1403 1937 1523 1973 oratio
1558 1936 1724 1985 perfecta
1757 1936 1844 1972 facit
1877 1935 2073 1985 quiescere
2107 1935 2357 1984 intellectum,
2393 1949 2473 1975 non

1402 1997 1530 2026 autem
1559 2001 1715 2036 nomen,
1735 2001 1861 2038 neque
1880 1989 2045 2026 verbum
2065 1988 2095 2025 si
2113 2001 2183 2037 per
2207 2001 2248 2026 se
2277 1989 2421 2027 dicatur
2439 1992 2470 2028 ⁸.

1404 2042 1443 2079 Si
1472 2042 1575 2079 enim
1604 2042 1747 2089 dicam,
1776 2043 1901 2087 homo,
1931 2053 2137 2090 suspensus
2157 2049 2214 2078 est
2237 2042 2388 2080 animus
2407 2055 2472 2080 au-

1403 2095 1554 2143 dientis,
1584 2094 1676 2144 quid
1705 2094 1752 2131 de
1781 2107 1828 2131 eo
1858 2094 1983 2131 dicere
2001 2094 2140 2141 velim3
2162 2094 2192 2131 si
2220 2102 2349 2132 autem
2373 2095 2471 2144 dico,

1402 2148 1521 2185 currit
1533 2154 1558 2194 ¹²,
1575 2159 1782 2196 suspensus
1802 2154 1858 2184 est
1877 2147 1958 2184 eius
1977 2147 2127 2184 animus
2143 2147 2191 2184 de
2211 2159 2288 2196 quo
2309 2148 2473 2197 dicam.-

1404 2202 1482 2239 Sed
1517 2201 1722 2239 dicendum
1757 2207 1812 2237 est
1851 2200 1956 2248 quod
1991 2212 2080 2236 cum
2114 2200 2254 2249 duplex
2287 2201 2333 2238 sit
2365 2201 2470 2238 intela

1403 2256 1520 2292 lectus
1554 2253 1743 2303 operati0,
1778 2260 1819 2290 ut
1847 2265 1962 2302 supra
1989 2253 2161 2290 habitum
2191 2261 2247 2291 est
2265 2254 2298 2302 *,
2318 2254 2379 2291 ille
2407 2254 2473 2304 qui

1404 2308 1492 2345 dicit
1519 2319 1662 2344 nomen
1690 2307 1752 2343 vel
1783 2306 1948 2343 verbum
1968 2306 2181 2343 seeundum
2209 2319 2262 2354 se,
2283 2307 2474 2345 constituit

1403 2361 1634 2398 intellectum
1671 2367 1856 2408 quantum
1894 2359 1943 2396 ad
1983 2359 2149 2408 primam
2187 2359 2470 2408 operationem,

1403 2426 1502 2462 quae
1531 2421 1586 2450 est
1605 2412 1764 2462 simplex
1785 2412 1983 2460 conceptio
2012 2411 2179 2459 alicuius,
2202 2419 2240 2449 et
2258 2413 2471 2450 secundum

1403 2467 1489 2513 hoc,
1517 2465 1675 2515 quiescit
1702 2465 1878 2512 audiens,
1908 2464 1972 2514 qui
2001 2465 2039 2502 in
2059 2477 2244 2514 suspenso
2273 2473 2352 2502 erat
2369 2463 2384 2487 λ
2406 2478 2471 2503 an-

1403 2526 1558 2568 tequam
1587 2530 1731 2555 nomen
1757 2518 1820 2554 vel
1851 2518 2016 2555 verbum
2043 2518 2275 2566 proferretur
2292 2518 2313 2540 *
2331 2525 2368 2555 et
2391 2518 2473 2555 eius

1404 2572 1564 2620 prolatio
1593 2570 1875 2616 terminaretur;
1900 2583 1978 2607 non
2002 2578 2130 2610 autem
2160 2570 2350 2608 constituit
2367 2571 2472 2607 intel-

1405 2626 1545 2661 lectum
1574 2631 1759 2672 quantum
1779 2623 1828 2659 ad
1847 2623 2055 2659 secundam
2078 2623 2352 2671 operationem,
2373 2635 2472 2672 quae

1406 2684 1462 2713 est
1495 2677 1703 2712 intellectus
1738 2675 2003 2724 componentis
2033 2682 2070 2712 et
2097 2675 2316 2725 dividentis,
2345 2675 2472 2724 ipsum

1408 2812 1495 2837 subtili
1518 2811 1679 2836 distinctione
1697 2811 1812 2843 accipere
1826 2817 1907 2844 agere
1921 2815 1946 2836 et
1959 2810 2022 2843 pati
2036 2810 2066 2835 in'
2075 2817 2178 2843 genere,
2192 2810 2264 2835 cuius
2278 2809 2356 2835 veluti
2371 2809 2473 2843 species

1408 2847 1491 2872 forent
1505 2855 1581 2879 agere
1599 2851 1624 2871 et
1643 2846 1693 2879 pati
1717 2846 1872 2878 simpliciter
1890 2851 1915 2870 et
1933 2853 2009 2877 agere
2033 2850 2059 2870 et
2082 2845 2134 2878 pati
2158 2845 2302 2871 secundum
2321 2845 2394 2878 quid.
2415 2845 2474 2875 Qun

1409 2882 1519 2907 adhibita
1543 2882 1717 2912 distinctione,
1743 2882 1868 2906 diceretur
1890 2881 1998 2906 verbum
2023 2881 2175 2914 significare
2194 2888 2284 2912 agere,
2308 2881 2350 2905 vel
2371 2880 2422 2913 pati
2447 2880 2474 2905 in

1409 2925 1511 2949 genere,
1525 2917 1726 2950 consignificare
1745 2921 1830 2941 autem
1845 2923 1920 2947 agere
1938 2916 1979 2941 vel
1995 2916 2045 2949 pati
2064 2915 2228 2948 simpliciter.
2247 2916 2345 2940 Verum
2359 2915 2474 2948 prudens

1409 2953 1489 2977 lector
1512 2952 1605 2977 iudicet
1622 2957 1710 2976 utrum
1729 2951 1791 2976 haec
1806 2951 1933 2976 distinctio
1951 2951 1984 2976 sit
2006 2951 2127 2976 scientiae
2146 2951 2228 2981 utilis,
2243 2950 2309 2975 sicut
2327 2957 2416 2976 revera
2434 2955 2475 2976 est

1409 2987 1517 3012 subtilis.
1542 2987 1581 3012 Eo
1604 2987 1672 3012 enim
1697 2987 1755 3019 ipso
1780 2987 1850 3020 quod
1875 2994 1951 3019 agere
1974 2991 1999 3011 et
2028 2986 2079 3019 pati
2102 2986 2246 3011 secundum
2269 2985 2335 3018 quid
2358 2993 2411 3010 non
2434 2990 2475 3011 eat

1409 3030 1485 3055 agere
1509 3027 1535 3047 et
1553 3022 1604 3055 pati
1623 3022 1740 3055 proprie,
1761 3027 1786 3047 et
1810 3021 1889 3046 verba
1911 3021 2015 3054 proprie
2034 3029 2086 3046 non
2106 3026 2167 3046 sunt
2191 3028 2258 3054 quae
2280 3028 2357 3053 agere
2378 3025 2404 3046 et
2422 3020 2474 3054 pati

1409 3058 1551 3083 secundum
1578 3057 1643 3090 quid
1667 3056 1810 3089 significant
1833 3055 1878 3091 (ut
1896 3057 1986 3081 dicitur
2010 3057 2109 3089 optime
2129 3064 2144 3081 a
2166 3064 2187 3081 s.
2208 3056 2311 3081 ‘rhama
2331 3056 2363 3081 de
2387 3055 2474 3081 verbio

1410 3093 1537 3126 praeteriti
1550 3093 1591 3118 vel
1606 3093 1682 3117 futuri
1697 3091 1849 3126 temporis);
1863 3092 1964 3117 videtur
1978 3092 2118 3124 sapientius
2133 3091 2270 3116 dicendum
2285 3091 2356 3124 quod
2364 3091 2473 3116 verbum

1410 3128 1513 3161 proprie
1537 3128 1632 3153 dictum
1657 3135 1709 3152 non
1729 3126 1917 3160 consignificet,
1936 3127 1983 3152 sed
2006 3125 2132 3159 significet
2150 3134 2226 3159 agere
2243 3127 2285 3151 vel
2304 3126 2355 3159 pati
2373 3125 2473 3158 simpli-

1410 3164 1489 3192 citer,
1509 3164 1579 3195 quod
1599 3168 1638 3188 est
1656 3170 1732 3194 agere
1749 3163 1791 3187 vel
1809 3162 1860 3195 pati
1880 3162 1991 3195 proprie.

1463 3198 1488 3232 κ)
1501 3198 1531 3223 Si
1539 3202 1628 3223 autem
1639 3198 1698 3223 dico
1711 3196 1743 3231 (Α
1755 3196 1860 3231 dicam),
1870 3198 1964 3223 currit.
1976 3197 2022 3222 Est
2031 3197 2106 3222 lectio
2117 3196 2184 3222 ΑΒΕ
2195 3195 2239 3230 (D,
2248 3194 2337 3230 cur).—
2346 3195 2438 3221 Pinna:
2449 3194 2474 3220 εἰ

1410 3237 1498 3259 autem
1514 3233 1662 3261 dicamur-ro
1677 3238 1725 3258 etc.
1740 3233 1814 3263 Quae
1829 3233 1903 3258 lectio
1913 3238 1954 3257 est
1962 3232 2034 3257 falsa.
2045 3232 2111 3257 Cum
2122 3232 2191 3257 enim
2206 3232 2264 3257 dico
2277 3238 2358 3257 curro
2367 3238 2420 3256 non
2434 3234 2474 3255 eet

1411 3269 1511 3294 animus
1526 3269 1651 3294 audientis
1670 3275 1814 3301 suspensus
1829 3268 1862 3293 de
1876 3275 1929 3300 quo
1944 3267 2040 3297 dicam;
2056 3267 2184 3300 siquidem
2199 3274 2250 3300 ego
2265 3266 2431 3296 determinor,
2444 3269 2473 3290 ut

1410 3304 1477 3328 illius
1497 3309 1583 3328 motus
1603 3311 1649 3329 seu
1668 3303 1774 3329 actionis
1793 3303 1952 3333 subiectum,
1975 3309 2043 3335 quae
2061 3302 2209 3334 designatur
2227 3309 2285 3327 cum
2310 3301 2368 3326 dico
2383 3306 2472 3326 curro.

1410 3340 1444 3364 At
1463 3339 1570 3364 dicendo
1589 3338 1687 3368 currit,
1711 3339 1810 3363 nullum
1829 3338 1973 3364 subiectum
1993 3338 2189 3367 determinatum
2208 3341 2234 3362 et
2252 3337 2310 3362 ideo
2329 3341 2472 3368 suspensus

1411 3379 1451 3399 est
1465 3374 1565 3399 animus
1580 3374 1705 3399 audientis
1720 3374 1752 3399 de
1767 3381 1820 3406 quo
1832 3380 1926 3399 cursus
1940 3373 2070 3398 dicamn-
2083 3372 2118 3398 C:
2133 3373 2156 3398 .ςί
2169 3375 2258 3398 autem
2273 3371 2368 3400 ascum,
2378 3375 2404 3396 et
2417 3374 2472 3394 tum

1410 3410 1496 3435 currit
1515 3414 1569 3434 tum
1588 3417 1668 3435 curro
1685 3409 1787 3434 omittit.

1464 3443 1493 3478 λ)
1510 3445 1627 3474 Quiescr't
1644 3444 1755 3469 audiens
1773 3444 1819 3477 qui
1836 3444 1863 3468 in
1877 3450 2003 3476 suspenso
2020 3446 2080 3468 erat
2093 3447 2140 3468 etc.
2156 3441 2291 3467 Conservo
2304 3440 2370 3466 hanc
2384 3439 2471 3464 lectio-

1412 3487 1472 3504 nem
1492 3479 1612 3510 Pianam,
1635 3487 1702 3512 quae
1725 3479 1802 3504 etiam
1822 3483 1863 3504 est
1885 3479 1942 3504 edd.
1961 3478 2052 3503 Venet.
2076 3482 2102 3503 et
2121 3477 2216 3503 codidn
2239 3476 2303 3510 D.,-
2316 3474 2398 3500 eodd.
2412 3474 2471 3499 AB:

1412 3514 1520 3547 quiescit
1541 3515 1646 3540 animus
1663 3514 1796 3540 audient&
1814 3514 1860 3547 qui
1877 3520 2018 3547 suspensus
2039 3515 2099 3538 erat
2121 3517 2168 3538 etc.
2182 3525 2203 3531 -
2222 3511 2279 3537 (Ἐς
2297 3510 2402 3535 animus
2423 3516 2473 3534 au-

1413 3550 1487 3575 diens
1505 3550 1550 3582 qui
1566 3556 1707 3582 suspensus
1723 3553 1792 3575 erat.

2499 415 2508 423 ·
2519 420 2534 435 Α
2552 414 2637 436 omittit
2649 421 2710 437 ene.

2499 468 2507 476 “
2519 466 2593 488 Codd.
2601 479 2612 483 -
2621 473 2651 489 a:
2661 473 2713 489 con-

2498 494 2629 520 sequentia.

2498 678 2506 686 ·
2517 682 2574 698 anet
2601 677 2712 699 omittunt

2497 704 2579 735 ipsunr.
2590 710 2627 735 --υ
2647 710 2710 725 erro-

2497 736 2551 751 nee:
2563 736 2587 751 m
2597 736 2682 757 tpsum.

2499 993 2506 1000 ·
2517 998 2587 1014 aena:
2599 993 2624 1014 {n
2634 998 2668 1014 ee.

2499 1470 2506 1478 ·
2517 1469 2580 1491 Lect.
2589 1475 2620 1497 ιιι,
2632 1475 2655 1491 n.
2666 1475 2685 1491 ι.

2501 1991 2510 2000 ·
2520 1996 2546 2012 a:
2555 1991 2579 2012 et
2590 1989 2682 2012 mun
2691 1991 2716 2012 εἰ

2497 2022 2544 2045 per
2551 2022 2579 2038 ee
2593 2017 2712 2039 dicaam.

2501 2257 2511 2267 ·
2521 2256 2584 2279 Leet.
2595 2263 2615 2285 ι,
2626 2262 2649 2279 n.
2661 2262 2677 2280 ι.

2500 2525 2510 2535 ·
2519 2531 2534 2547 Α
2541 2531 2546 2546 :
2566 2524 2693 2546 ἄση-εὰν.
