2548 4192
566 261 1028 299 DISSERTATIONES
1058 261 1306 297 CRITICAE
1338 261 1392 297 IN
1423 262 1460 298 S.
1483 262 1724 299 THOMAM
1752 264 2075 310 AQUINATEM

222 343 346 380 reticos,
369 352 451 383 quae
474 352 493 372 a
515 351 549 372 se
571 341 638 372 visa
661 351 697 371 ac
713 341 878 380 diligenter
894 341 1023 371 lustrata
1046 339 1139 370 refert
1162 339 1296 370 Michael

222 386 405 427 Lequienus
428 385 645 418 dissertatione
670 386 695 416 11
727 385 964 423 Damascenica,
988 385 1141 415 Severum
1164 383 1296 414 Patriar-

222 431 315 462 cham
338 430 530 461 addiscimus
546 430 579 460 in
603 429 817 470 patrocinium
849 429 961 460 erroris
980 429 1057 459 haec
1080 428 1221 459 attulisse
1237 429 1296 458 sub

222 475 353 505 nomine
360 474 570 515 Areopagitae
579 475 684 512 verba,
693 474 756 504 Dei
764 473 846 513 facti
856 475 918 504 viri
928 483 1043 504 novam
1053 473 1226 514 quamdam
1235 473 1298 503 Dei

222 519 346 550 virilem
366 520 603 559 operationem:
627 528 709 559 quae
732 518 888 548 habentur
901 518 934 548 in
952 517 1095 554 Epistola
1112 517 1154 547 IV
1178 517 1217 547 ad
1235 517 1296 548 Ca-

221 563 301 594 ium.
319 562 417 594 Affert
440 562 536 594 etiam
558 561 746 594 Anastasius
770 562 888 593 Sinaita
903 562 938 592 in
953 555 1099 606 Ὀδηγῶ,
1126 571 1181 592 seu
1205 562 1298 592 Duce

223 607 295 638 viae
309 607 411 647 capite
427 617 491 645 xm,
507 607 646 647 prolatas
665 607 703 637 ab
719 607 888 647 Acephalis
908 607 966 637 sub
986 606 1129 637 eiusdem
1150 605 1296 647 Dionysii

223 651 355 682 nomine
379 651 559 690 sententias,
583 661 665 692 quae
689 651 804 691 pariter
822 651 957 682 totidem
979 650 1082 681 verbis
1098 650 1130 680 in
1147 650 1239 681 citata
1257 651 1297 680 ad

225 695 342 727 Caium
365 695 509 736 Epistola
532 696 681 735 leguntur
704 702 735 726 et
764 695 797 725 in
827 695 908 726 libro
933 695 972 725 de
995 694 1119 725 Divinis
1147 694 1295 725 Nomini-

224 740 294 771 bus.
319 740 391 771 Alia
423 740 515 781 plura
538 740 685 770 dabimus
717 739 808 770 infra.
833 740 920 770 Haec
952 749 1028 770 vero
1061 739 1135 769 satis
1158 739 1298 770 indicant

224 784 410 817 Severianos
434 794 508 824 prae
532 784 680 815 manibus
708 794 806 824 opera
827 784 1049 824 Areopagitica
1071 783 1236 821 habuisse;
1261 794 1298 814 ex

224 828 309 859 hisce
334 829 523 869 deprompta
546 829 584 859 ab
610 828 740 866 eisdem,
757 839 839 869 quae
860 828 1087 859 obiiciebantur
1105 827 1297 866 testimonia,

223 879 260 904 ut
283 883 347 903 una
370 873 404 903 in
421 872 549 904 Christo
573 880 684 904 natura
709 873 892 903 suaderetur
911 880 942 904 et
964 872 1123 913 operatio:
1141 879 1212 903 tum
1229 872 1298 912 ipsa

224 927 300 948 vero
324 917 526 955 testimonia,
551 924 621 948 tum
644 917 865 957 Areopagitica
889 917 1021 957 scripta,
1045 917 1084 947 ab
1114 916 1298 947 orthodoxis

225 961 394 1002 Episcopis
421 961 455 992 in
488 962 658 992 collatione
682 961 1038 1002 Constantinopolitana
1069 960 1168 991 veluti
1191 960 1299 1001 spuria

226 1005 340 1037 reiecta
363 1006 460 1037 fuisse
483 1013 515 1037 et
537 1006 576 1036 ab
599 1005 763 1036 haereticis
786 1016 872 1037 cusa.

622 1115 824 1153 CAPUT
853 1116 903 1152 11.

226 1211 268 1236 An
286 1211 458 1243 Areopagitae
476 1211 572 1244 scripta
589 1212 631 1236 vel
650 1211 799 1236 testimonia
817 1211 932 1244 Cyrillus
951 1210 1142 1235 Alexandrinus
1160 1209 1301 1234 laudaverit

297 1246 324 1271 in
347 1247 419 1272 libris
434 1252 524 1272 contra
538 1247 682 1272 Diodorum
693 1252 719 1272 et
732 1245 921 1272 Theodorum?
931 1246 1146 1271 Orthodoxorum
1161 1245 1300 1277 responsio

297 1281 325 1343 ier:
342 1282 798 1346 ἓέἱῑὲῖἱῖῐῒιὲςῦοηεῐιηᾱηοροιίωηα.
818 1282 930 1307 Liberati
948 1281 1055 1306 Diaconi
1075 1282 1149 1306 locus
1168 1288 1300 1314 expensus

227 1406 252 1439 l.
273 1398 411 1481 Cum
434 1404 594 1446 Hypatius
617 1411 648 1436 et
671 1404 849 1437 Orthodoxi
866 1403 1039 1444 Episcopi,
1063 1403 1301 1444 testificationes

353 1449 529 1487 Athanasii,
553 1449 666 1480 Felicis
690 1457 720 1480 et
745 1449 815 1479 Iulii
839 1449 1063 1479 Romanorum
1094 1446 1298 1485 Pontificum,

225 1494 371 1534 Gregorii
400 1493 634 1533 Thaumaturgi
664 1501 695 1525 et
725 1493 871 1535 Dionysii
901 1492 1129 1533 Areopagitae,
1158 1501 1238 1532 quas
1267 1492 1300 1522 in

225 1538 370 1570 medium
393 1538 590 1579 protulerant
605 1537 776 1574 Severiani,
791 1537 888 1568 veluti
907 1537 1031 1577 spurias
1051 1543 1081 1567 et
1094 1537 1140 1574 ‚ab
1158 1537 1301 1578 antiquis

223 1583 411 1615 Haereticis
428 1583 676 1624 ›Apollinaristis
698 1581 848 1613 confictas
876 1581 1065 1619 reiecissent,
1090 1589 1301 1621 reposuerunt

225 1627 259 1659 in
282 1628 360 1659 haec
380 1627 475 1658 verba
497 1627 559 1668 ipsi
584 1627 754 1664 Severiani,
772 1633 808 1657 ut
829 1626 1012 1667 oppositam
1035 1622 1165 1661 νοθείας
1189 1633 1300 1656 notam

225 1672 648 1703 amolirenturz'Possumus
666 1671 844 1707 ostendere,
869 1670 1067 1711 inquientes,
1089 1671 1165 1710 quia
1189 1671 1301 1702 beatus

229 1717 378 1758 Cyrillus
404 1725 483 1747 usus
505 1721 553 1747 est
579 1717 647 1747 istis
669 1716 858 1746 testimoniis
877 1716 910 1745 in
930 1715 1021 1745 libris
1045 1714 1203 1746 adversus
1220 1715 1300 1746 Dio·
1340 1722 1347 1724 *

226 1761 342 1792 dorum
362 1758 582 1804 (Tarsensem)
606 1765 637 1791 et
665 1760 865 1790 neodorum
885 1756 1179 1801 (Mopsuestenum)
1196 1759 1299 1790 editis.

226 1805 311 1837 Hinc
334 1805 372 1835 lis
395 1804 476 1835 inter
499 1811 602 1845 partes
625 1804 740 1844 erupit,
764 1804 797 1834 id
819 1803 863 1834 ita
886 1813 953 1833 esse
974 1803 1160 1843 negantibus
1180 1803 1300 1834 Ortho-

226 1849 328 1887 doxis,
352 1848 508 1879 aientibus
537 1848 722 1879 Severianis.
745 1847 836 1878 Parvi
860 1846 1017 1878 momenti
1040 1857 1089 1877 res
1117 1857 1183 1877 non
1207 1855 1300 1887 esset,

225 1893 252 1925 si
276 1900 362 1924 certo
392 1892 588 1923 innotescere
619 1892 752 1934 quidem
782 1898 907 1932 posset,
931 1891 1113 1922 testimonia
1141 1893 1301 1932 quaedam

225 1937 286 1969 sub
308 1937 440 1968 nomine
463 1936 610 1978 Dionysii
633 1936 843 1977 Areopagitae
865 1943 938 1966 ante
962 1944 1106 1966 menium
1136 1937 1300 1967 saeculum

225 1981 377 2024 quintum
407 1981 556 2022 allegasse
584 1981 743 2022 Cyrillum
773 1980 1041 2012 Alexandrinum.
1070 1979 1151 2011 obiit
1179 1981 1300 2022 quippe

226 2025 443 2057 sanctissimus
467 2033 555 2067 pater
577 2036 662 2056 anno
685 2035 763 2066 444.

291 2073 335 2102 At
358 2070 556 2102 reclamantis
584 2070 715 2111 Hypatii
746 2070 841 2100 verba
864 2076 952 2100 sunt:
978 2069 1077 2100 Modo
1101 2070 1243 2100 maxime
1270 2075 1302 2101 et

225 2115 300 2146 illos
326 2115 483 2146 adversus
507 2114 687 2145 Diodorum
714 2119 745 2146 et
777 2114 977 2145 Theodorum
1006 2113 1105 2144 libros
1131 2114 1302 2156 ambiguos

217 2159 346 2201 facitis,
362 2165 525 2200 tamquam
531 2159 632 2200 fictos
637 2167 650 2195 ,·
662 2158 820 2190 adversus
833 2163 977 2189 mortuus
985 2158 1134 2198 prolatos
1147 2159 1299 2197 dicentes,

225 2204 282 2245 qui
310 2213 373 2234 non
396 2209 551 2244 poterant
578 2203 731 2244 refellere
746 2203 941 2245 salsitatem.
967 2202 1004 2233 Si
1031 2203 1115 2233 enim
1144 2203 1300 2234 adversus

226 2253 372 2279 mortuos
383 2248 509 2289 prolati
521 2253 608 2284 sunt,
624 2248 725 2278 multo
739 2248 846 2289 magis
860 2252 974 2278 contra
993 2247 1178 2278 Nestorium
1196 2245 1300 2290 (prae-

226 2291 355 2323 miserat
373 2292 469 2323 etiam
492 2291 662 2333 Hypatius,
679 2291 861 2323 testimonia
877 2291 931 2322 illa
950 2301 1016 2322 non
1035 2291 1168 2322 inveniri
1192 2302 1211 2322 a
1235 2291 1300 2333 Cy-

226 2336 298 2368 rillo
317 2336 457 2367 adhibita
471 2336 504 2366 in
520 2336 606 2366 libris
623 2343 733 2367 contra
749 2335 961 2376 blasphemias
978 2335 1115 2366 Nestorii
1135 2336 1300 2367 elucubra—

227 2378 282 2423 tis)
291 2386 322 2412 et
331 2391 386 2412 eos
394 2381 451 2421 qui
459 2386 572 2411 contra
582 2381 724 2421 capitula
735 2382 804 2411 eius
812 2378 943 2423 (nempe
954 2378 1080 2422 Cyrilli)
1089 2381 1299 2421 scripserunt,

222 2424 380 2466 proferre
397 2425 545 2456 habuerit
555 2425 665 2456 eadem
679 2426 871 2456 testimonia.
889 2424 953 2455 Sed
976 2434 1063 2455 nunc
1082 2425 1209 2455 videtur
1222 2435 1299 2465 quo-

229 2470 317 2500 niam
338 2475 368 2500 et
386 2470 419 2500 in
435 2469 499 2500 illis
515 2469 605 2500 libris
618 2469 772 2500 haeretici
785 2468 954 2510 falsantes
968 2468 1163 2499 addiderunt
1182 2479 1230 2500 ea.
1246 2469 1300 2500 Se-

228 2513 364 2544 verianis
379 2513 606 2554 reponentibus
626 2512 716 2544 facile
730 2523 824 2553 posse
839 2523 876 2543 ex
895 2512 1033 2552 antiquis
1057 2513 1299 2552 exemplaribus,

229 2557 367 2588 maxime
391 2557 416 2587 si
449 2567 487 2588 ex
505 2557 712 2588 Alexandriae
737 2557 870 2587 archivis
903 2563 1072 2594 eruantur,
1098 2557 1298 2597 comprobari

229 2612 337 2632 revera
369 2601 527 2643 Cyrillurn
558 2601 732 2642 praedictas
762 2601 902 2632 attulisse
925 2600 1071 2642 Dionysii
1102 2607 1134 2631 et
1162 2601 1300 2632 aliorum

229 2645 449 2684 auctoritates3
478 2645 606 2686 regessit
636 2645 796 2686 Hypatius
827 2645 1007 2676 indubitata
1038 2645 1106 2675 fore
1137 2646 1300 2677 dumtaxat

228 2690 435 2731 exemplaria,
459 2700 542 2731 quae
572 2690 632 2720 sub
655 2690 802 2721 Proterio
831 2690 882 2720 vel
915 2690 1077 2720 Timotheo
1105 2689 1301 2721 Solofaciolo

228 2734 383 2775 descripta
406 2734 663 2765 ostenderentur:
681 2745 756 2765 curn
775 2733 861 2765 enim
879 2734 933 2764 illa
949 2744 968 2764 a
983 2733 1104 2772 multis,
1120 2734 1176 2774 qui
1200 2741 1300 2765 rectae

228 2778 366 2809 duarum
389 2785 574 2809 naturarum
604 2778 797 2810 confessioni
826 2779 1087 2816 adversabantur,
1111 2778 1301 2818 iampridem

228 2822 450 2861 retinerentur3
470 2823 553 2863 adigi
577 2822 761 2854 Catholicos
785 2833 989 2863 nequaquam
1012 2832 1116 2863 posse,
1133 2829 1169 2853 ut
1191 2823 1300 2854 adver-

229 2867 386 2898 sariorum
407 2877 541 2898 suorum
565 2867 746 2898 testimonia
768 2867 950 2907 suscipiant.

296 2911 477 2942 Laudatum
509 2922 584 2951 ergo
608 2922 627 2942 a
650 2911 773 2953 Cyrillo
797 2911 1023 2951 Areopagitam
1051 2911 1183 2952 eiusque
1214 2912 1299 2942 testi-

230 2954 340 2985 monia
371 2955 511 2986 adhibita
533 2956 566 2986 in
590 2956 677 2986 libris
701 2963 810 2986 contra
831 2955 1013 2986 Diodorum
1036 2962 1067 2986 et
1089 2955 1301 2986 Theodorum

229 2999 463 3030 contendebant
492 2999 662 3030 Severiani.
685 3000 871 3031 Dolendum
903 2999 980 3030 haec
1013 3009 1109 3040 opera
1140 3000 1301 3040 deperdita

229 3051 308 3080 esse,
325 3053 406 3083 quae
430 3044 594 3074 consulere
617 3054 693 3075 cum
717 3054 783 3074 non
799 3044 900 3081 liceat,
917 3043 1053 3074 dubium
1077 3051 1194 3082 manet,
1211 3045 1300 3085 quod

229 3086 304 3117 satis
327 3086 464 3127 expediri
487 3097 668 3128 numquam
691 3088 816 3129 poterit,
841 3098 921 3119 num
944 3097 1016 3118 vere
1032 3088 1190 3119 Severiani
1215 3088 1299 3119 dixe—

229 3131 291 3161 rint
323 3130 356 3161 in
386 3130 505 3161 eisdem
534 3138 674 3172 prostare
704 3132 912 3173 Areopagitae
942 3132 1133 3163 testimonia.
1173 3131 1300 3163 Infirma

230 3185 362 3216 quoque
384 3175 531 3205 videntur
559 3176 691 3216 Hypatii
722 3186 884 3216 responsa.
919 3176 1076 3216 Reposuit
1098 3176 1204 3216 primo
1234 3176 1299 3218 Cy-

229 3219 301 3250 rillo
324 3219 421 3249 libros
444 3219 522 3250 istos
545 3226 653 3250 contra
675 3220 857 3251 Diodorum
876 3227 907 3251 et
929 3220 1141 3251 Theodorum
1157 3221 1237 3251 falso
1253 3228 1299 3251 at-

228 3263 340 3295 tribui:
365 3273 446 3304 quae
470 3270 551 3294 certe
578 3264 743 3304 responsio
775 3264 912 3295 maxime
940 3271 1048 3303 nutat,
1073 3275 1148 3295 cum
1171 3265 1216 3295 illi
1240 3275 1299 3305 pro

228 3307 375 3348 genuinis
398 3307 526 3338 admissi
549 3307 684 3348 lectique
708 3308 824 3339 fuerint
847 3308 1016 3339 collatione
1043 3308 1154 3349 quinta
1178 3309 1299 3349 Synodi

229 3352 359 3392 quintae
382 3351 632 3389 Oecumenicae;
656 3352 689 3382 id
711 3353 801 3393 quod
830 3352 926 3383 etiam
955 3362 1111 3391 agnovere
1135 3352 1299 3383 Liberatus

229 3396 391 3427 Diaconus
407 3396 440 3426 in
459 3395 617 3426 Breviario
634 3395 734 3436 capite
749 3407 780 3433 x,
796 3396 949 3427 Leontius
964 3396 1158 3436 Byzantinus
1181 3396 1220 3426 de
1244 3397 1298 3427 Se-

229 3440 287 3471 ctis
310 3440 504 3471 actione·v111
521 3446 551 3470 et
566 3440 723 3480 Eulogius
738 3440 969 3470 Alexandrinus
986 3440 1018 3469 in
1035 3439 1196 3480 Excerptis
1212 3441 1299 3480 apud

229 3484 392 3516 Photium.
408 3485 520 3525 Neque
544 3484 646 3514 solida
668 3491 726 3520 est,
749 3494 832 3524 quae
855 3484 1001 3514 subditur
1023 3483 1113 3521 ratio,
1133 3494 1169 3514 ac
1187 3483 1213 3513 si
1233 3494 1299 3514 non

230 3529 370 3570 potuerit
393 3528 533 3570 Cyrillus
555 3535 699 3559 veterum
722 3528 850 3558 illorum
870 3528 1000 3558 Patrum
1023 3527 1203 3565 sententias,
1220 3538 1299 3568 quas

230 3573 480 3613 praetermiserat
509 3572 542 3602 in
572 3572 658 3603 libris
681 3579 790 3603 contra
812 3571 996 3602 Nestorium
1026 3571 1185 3602 viventem
1207 3571 1299 3602 lucu-

229 3616 336 3656 bratis,
350 3617 384 3647 in
397 3616 467 3647 aliis
481 3616 588 3647 afferre
603 3616 701 3656 libris,
716 3626 799 3658 quos
818 3623 926 3647 contra
945 3615 1126 3646 Diodorum
1145 3622 1176 3647 et
1190 3615 1299 3647 Theo-

2291 279 2422 304 CXXXlX

1353 341 1469 372 dorum
1493 342 1556 372 vita
1573 342 1699 373 functos
1717 343 1912 383 conscripsit.
1930 343 1992 374 Sed
2016 344 2181 385 utriusque
2196 345 2325 376 rationis
2342 346 2422 377 forte

1353 386 1478 425 cognita
1501 387 1637 424 levitate,
1654 397 1693 417 eo
1714 387 1842 418 tandem
1866 398 1899 418 se
1915 388 2032 428 recepit
2048 389 2218 429 Hypatius,
2236 397 2271 420 ut
2290 391 2422 420 eosdem

1352 429 1463 470 Cyrilli
1488 430 1586 461 libros
1610 431 1725 462 diceret
1744 432 1942 472 depravatos,
1965 432 2197 463 haereticorum
2221 444 2317 464 manu
2337 435 2422 465 testi-

1352 474 1469 505 moniis
1492 475 1626 514 insertis,
1651 476 1690 506 de
1713 476 1830 516 quibus
1854 476 1993 515 agimus:
2018 477 2082 507 Sed
2105 487 2192 507 nunc
2215 478 2351 515 videtur,
2374 478 2422 508 in-

1352 518 1475 559 quiens,
1500 521 1650 560 quoniam
1671 526 1702 551 et
1720 522 1752 551 in
1773 521 1838 551 illis
1864 521 1954 551 libris
1979 521 2133 552 haeretici
2146 521 2314 562 falsantes
2332 523 2422 552 addi-

1351 563 1469 594 derunt
1497 574 1546 594 ea.
1566 565 1642 601 Quo
1666 574 1741 595 sane
1773 575 1927 605 responso
1959 564 2072 595 confici
2100 575 2194 605 posse
2224 565 2365 604 videtur,
2389 566 2422 596 in

1352 607 1471 637 eisdem
1496 607 1607 648 Cyrilli
1631 609 1718 639 libris
1737 610 1973 650 testificationes
1993 609 2122 640 insertas
2141 620 2219 648 esse,
2237 620 2319 651 quae
2334 621 2352 640 a
2368 610 2422 641 Se—

1351 651 1485 682 verianis
1516 652 1723 684 afferebantur
1750 655 1809 684 sub
1833 653 2018 684 nominibus
2046 654 2227 693 Athanasii,
2252 654 2364 685 Felicis
2393 661 2423 685 et

1353 696 1423 726 Iulii
1439 697 1662 727 Romanorum
1678 697 1882 735 Pontificum,
1894 698 2038 738 Gregorii
2052 698 2284 739 Thaumaturgi
2300 706 2331 729 et
2345 699 2423 729 Dio—

1352 740 1433 781 nysii
1456 741 1683 781 Areopagitae:
1708 749 1740 772 at
1763 752 1814 772 eas
1837 742 1934 773 veluti
1958 742 2080 783 spurias
2103 750 2209 773 tamen
2233 743 2360 774 reiectas
2384 743 2422 773 ab

1352 784 1558 823 orthodoxis,
1574 792 1686 826 utpote
1700 786 1740 816 ab
1754 787 1895 827 antiquis
1909 787 2078 818 haereticis
2092 788 2333 827 Apollinaristis
2347 797 2423 818 con-

1352 828 1439 859 fictas
1462 829 1647 870 additasque
1670 830 1901 870 interpolatrice
1922 841 2019 861 manu
2039 831 2150 872 Cyrilli
2169 831 2264 862 libris.

1413 874 1451 904 ΙΙ.
1464 873 1581 904 Favere
1598 873 1722 904 videtur
1733 874 1896 905 Liberatus
1907 875 2157 906 Archidiaconus
2168 876 2423 916 Carthaginensis

1353 917 1386 947 in
1409 917 1569 948 Breviario
1585 928 1696 948 causae
1713 919 1977 949 Nestorianorum
1988 926 2018 950 et
2032 920 2317 960 Eutychianorum,
2333 921 2423 961 quod

1354 961 1464 1001 paullo
1497 969 1571 1002 post
1599 962 1771 1002 praefatam
1802 962 2192 1003 Constantinopolitanam
2217 965 2421 995 collationem

1354 1005 1517 1036 scribebat.
1543 1006 1593 1036 Sic
1607 1006 1702 1036 habet
1715 1006 1801 1037 enim
1820 1006 1921 1047 capite
1944 1014 1979 1037 x:
1996 1008 2139 1038 Basilius
2157 1009 2285 1048 quidam
2305 1010 2423 1040 Diaco-

1355 1059 1427 1086 nus,
1447 1059 1578 1080 sumens
1601 1055 1720 1080 tomum
1754 1051 1862 1081 Procli
1879 1049 2240 1093 (Constantinopolitani
2257 1052 2423 1096 Episcopi)

1354 1103 1446 1133 quem
1466 1095 1628 1124 Armeniis
1646 1095 1831 1134 scripserat,
1852 1096 2086 1126 Alexandriam
2107 1098 2191 1127 venit
2210 1102 2240 1127 et
2255 1098 2423 1128 Armenio—

1355 1147 1427 1167 rum
1447 1138 1570 1168 libellos
1588 1139 1656 1168 suis
1675 1139 1790 1169 libellis
1809 1145 1982 1170 annectens
2005 1140 2117 1170 obtulit
2138 1141 2264 1181 Cyrillo
2283 1142 2423 1172 eiusdem

1355 1182 1444 1212 urbis
1461 1182 1615 1212 Antistiti.
1639 1182 1762 1219 Quibus
1781 1181 1834 1223 (ut
1844 1183 1964 1223 ferunt
1987 1184 2150 1226 rumores)
2164 1191 2331 1224 permotus
2357 1186 2423 1226 Cy-

1355 1226 1450 1256 rillus
1468 1231 1610 1266 quatuor
1628 1227 1726 1257 libros
1750 1229 1896 1267 scripsit,
1924 1233 1989 1258 tres
2011 1228 2168 1259 adversus
2190 1229 2368 1260 Diodorum
2395 1235 2425 1261 et

1360 1270 1572 1308 Theodorum,
1593 1272 1687 1311 quasi
1705 1271 1893 1302 Nestoriani
1910 1272 2072 1313 dogmatis
2095 1278 2254 1310 auctores,
2275 1279 2305 1304 et
2323 1275 2423 1304 alium

1355 1314 1395 1345 de
1413 1314 1646 1346 Incarnatione
1665 1315 1802 1346 librum:
1817 1317 1848 1346 in
1869 1317 1982 1357 quibus
1996 1318 2201 1347 continentur
2219 1319 2424 1358 antiquorum

1355 1359 1489 1389 Patrum
1510 1361 1690 1390 testimonia
1710 1361 1910 1401 incorrupta,
1927 1361 2008 1391 idest
2022 1361 2139 1391 Felicis
2154 1362 2262 1401 Papae
2275 1363 2424 1399 Romani,

1354 1404 1509 1445 Dionysii
1526 1405 1746 1445 Areopagitae
1775 1405 2016 1435 Corinthiorum
2045 1406 2195 1445 Episcopi
2218 1411 2248 1436 et
2273 1406 2426 1447 Gregorii

1355 1448 1519 1479 Mirabilis
1537 1450 1765 1489 cognominati.
1786 1450 1890 1480 Verba
1913 1449 1976 1487 illa,
1997 1455 2032 1480 ut
2041 1449 2162 1490 ferunt
2181 1460 2338 1487 rumores,
2356 1461 2426 1481 sen-

1355 1503 1429 1523 sum
1452 1493 1544 1523 edere
1574 1493 1738 1531 videntur,
1762 1504 1890 1524 rumore
1919 1494 2049 1534 publico
2080 1504 2115 1524 ac
2146 1493 2230 1524 fama
2261 1495 2426 1525 communi

1355 1544 1498 1568 constare
1518 1537 1619 1568 editos
1642 1547 1661 1567 a
1684 1537 1805 1579 Cyrillo
1829 1545 1939 1569 contra
1962 1538 2142 1568 Diodorum
2166 1545 2196 1569 et
2216 1538 2427 1569 Theodorum

1354 1581 1470 1612 libros:
1494 1592 1693 1623 quamquam
1718 1589 1749 1612 et
1781 1583 1892 1613 eadem
1922 1583 2016 1613 verba
2046 1593 2113 1613 non
2143 1583 2182 1612 ad
2205 1582 2293 1622 ipsos
2317 1582 2427 1624 Cyrilli

1355 1625 1452 1656 libros
1475 1626 1593 1663 referri,
1617 1627 1672 1657 sed
1695 1626 1736 1656 ad
1759 1627 1862 1657 solam
1886 1626 2040 1658 scribendi
2064 1637 2120 1657 eos
2148 1627 2348 1658 occasionem
2373 1628 2427 1657 da-

1355 1677 1432 1709 tam,
1456 1670 1711 1702 animadvertunt
1734 1671 1906 1702 doctissimi
1930 1671 1998 1702 viri.

1422 1715 1472 1745 Ad
1492 1715 1546 1745 illa
1564 1715 1669 1753 verba,
1684 1715 1838 1756 Dionysii
1851 1717 2070 1756 Areopagitae
2092 1715 2332 1746 Corinthiorum
2349 1716 2426 1756 Epi-

1354 1760 1452 1799 scopi,
1474 1766 1585 1790 notam
1613 1759 1757 1800 appingit
1775 1759 1807 1790 in
1834 1771 1891 1790 sua
1920 1760 2057 1790 editione
2086 1760 2220 1790 loannes
2240 1760 2426 1791 Garnerius:

1354 1803 1473 1834 Addita
1493 1809 1575 1841 erat,
1591 1803 1749 1844 inquiens,
1770 1805 1802 1834 in
1823 1805 1916 1835 editis
1934 1805 2094 1835 codicibus
2113 1815 2176 1835 vox
2189 1806 2426 1845 Areopagitae,

1354 1847 1412 1879 sed
1427 1848 1644 1889 expungenda
1654 1847 1737 1887 suit.
1753 1848 1963 1879 Retinendam
1983 1859 2049 1879 esse
2065 1859 2179 1879 vocem
2197 1850 2425 1890 Areopagitae,

1354 1902 1532 1933 vocemque
1554 1892 1793 1923 Corinthiorum
1823 1893 2076 1933 expungendam,
2096 1893 2218 1924 felicius
2236 1893 2430 1924 coniectatur

1355 1937 1538 1978 Lequienus
1554 1937 1587 1967 in
1607 1936 1824 1968 dissertatione
1843 1938 1935 1968 citata
1961 1948 2051 1968 num.
2075 1945 2128 1968 12:
2148 1950 2163 1965 ι
2177 1937 2358 1975 Garnerius,
2378 1938 2426 1967 in-

1358 1993 1372 2008 »
1394 1983 1518 2022 quiens,
1539 1981 1625 2012 hunc
1644 1981 1753 2012 locum
1773 1992 1838 2012 non
1866 1982 1998 2020 sanavit,
2019 1982 2124 2012 demta
2152 1991 2231 2012 voce
2249 1983 2428 2022 Areopagi-

1357 2038 1372 2053 »
1395 2031 1466 2056 tae:
1481 2036 1517 2056 ac
1533 2026 1559 2056 si
1574 2025 1748 2067 Dionysius
1768 2026 1914 2057 Corinthi
1931 2026 2122 2066 Episcopus,
2138 2026 2193 2067 qui
2210 2026 2350 2056 secundo
2370 2025 2427 2056 flo-

1357 2082 1372 2098 ι
1395 2070 1458 2101 ruit
1476 2070 1615 2108 saecu10‚
1632 2070 1779 2101 laudatus
1798 2071 1906 2111 potius
1925 2081 1943 2101 a
1962 2070 2083 2112 Cyrillo
2103 2070 2186 2101 credi
2210 2077 2327 2110 posset.
2344 2071 2427 2100 Nam

1357 2127 1372 2142 »
1395 2115 1579 2146 Liberatum
1602 2115 1653 2146 hic
1672 2115 1782 2155 paucis
1806 2125 1929 2146 narrare
1952 2122 2075 2146 constat
2101 2114 2178 2156 quid
2202 2114 2234 2144 in
2258 2114 2427 2145 collatione

1357 2172 1372 2187 »
1395 2159 1752 2200 Constantinopolitana
1770 2166 1895 2199 gestum
1919 2159 1958 2190 sit
1977 2170 2051 2190 cum
2070 2159 2260 2196 Severianis;
2280 2169 2317 2188 ex
2336 2159 2426 2189 cuius

1358 2216 1373 2231 ι
1396 2203 1530 2244 proinde
1544 2204 1619 2234 actis
1634 2204 1852 2244 Areopagitae
1867 2203 2139 2243 nuncupationem
2154 2203 2349 2233 retinendam
2368 2203 2426 2233 do-

1358 2260 1372 2275 »
1396 2258 1515 2278 cemur.
1533 2249 1629 2278 Hunc
1647 2258 1723 2278 vero
1738 2248 1923 2288 scriptorem
1939 2248 2110 2278 memoriae
2125 2247 2227 2287 lapsu,
2246 2247 2425 2277 Corinthio-

1358 2305 1373 2320 »
1395 2302 1468 2323 rum
1488 2293 1693 2333 Episcopum,
1713 2302 1772 2332 pro
1787 2293 2027 2323 Atheniensium
2045 2291 2188 2332 posuisse
2205 2301 2318 2331 parum
2335 2291 2427 2322 refert

1358 2349 1372 2363 ι
1395 2335 1611 2377 (quamquam
1623 2336 1772 2377 fortasse
1795 2337 1995 2367 notariorum
2020 2346 2115 2366 error
2130 2336 2194 2366 dici
2216 2335 2338 2377 debet).
2363 2335 2425 2366 Sed

1358 2392 1372 2407 ³·
1396 2380 1464 2411 eius
1474 2388 1576 2411 textus
1592 2381 1635 2411 sic
1652 2380 1758 2411 forsan
1774 2380 1893 2411 restitui
1910 2387 2027 2421 potest:
2044 2380 2084 2410 In
2095 2380 2209 2421 quibus
2223 2381 2428 2411 continentur

1358 2437 1373 2452 ι
1395 2426 1602 2465 antiquorum
1626 2426 1760 2456 Patrum
1780 2426 1968 2465 incorrupta
1988 2426 2187 2461 testimonia,
2216 2424 2296 2455 idest
2311 2424 2428 2454 Felicis

1359 2481 1373 2496 ν
1395 2469 1503 2510 Papae
1518 2469 1667 2506 Romani,
1679 2469 1758 2499 Iulii
1772 2469 1816 2500 ad
1830 2470 2026 2510 Dionysium
2047 2469 2286 2499 Corinthiorum
2297 2469 2427 2508 Episco—

1358 2525 1373 2540 ιν
1390 2524 1483 2553 pum,
1503 2514 1656 2553 Dionysii
1674 2515 1892 2555 Areopagitae
1911 2519 1940 2544 et
1961 2514 2114 2554 Gregorii
2129 2513 2291 2543 Mirabilis
2309 2523 2426 2554 cogno-

1359 2569 1373 2585 »
1396 2559 1519 2588 minati.
1537 2557 1731 2599 Dionysium
1747 2558 1864 2589 etenim
1880 2558 1983 2595 illum,
1993 2558 2033 2588 ad
2047 2567 2143 2598 quem
2156 2557 2226 2588 Iulii
2237 2558 2339 2597 Papae
2356 2557 2427 2587 data

1358 2614 1373 2629 2
1396 2602 1530 2642 epistola
1548 2602 1715 2641 ferebatur,
1735 2602 1881 2634 Corinthi
1901 2602 2100 2642 Episcopum
2118 2601 2255 2642 appellat
2275 2601 2427 2632 Leontius

1359 2659 1373 2674 ι
1396 2646 1521 2677 actione
1539 2657 1593 2676 vm
1613 2646 1652 2677 de
1671 2647 1779 2678 Sectis.
1794 2659 1808 2674 ν
1836 2647 1927 2684 Quae
1943 2647 1986 2677 ita
2012 2647 2038 2677 si
2062 2656 2129 2676 sese
2155 2646 2300 2683 habeant,
2321 2645 2425 2676 dicen-

1357 2690 1436 2721 dum
1455 2690 1539 2721 foret
1560 2690 1593 2721 in
1617 2691 1680 2721 illis
1698 2691 1809 2732 Cyrilli
1829 2698 1938 2722 contra
1956 2691 2138 2721 Diodorum
2164 2697 2195 2720 et
2215 2690 2426 2720 Theodorum

1355 2734 1442 2765 libris
1460 2735 1626 2766 laudatum
1646 2735 1742 2766 fuisse
1756 2735 1950 2777 Dionysium
1973 2735 2199 2775 Areopagitam
2225 2734 2356 2775 eiusque
2380 2733 2424 2763 al-

1356 2779 1458 2820 legata
1476 2779 1668 2810 testimonia.
1686 2780 1747 2811 Sed
1767 2790 1847 2810 num
1875 2790 1911 2810 ea
1930 2780 1997 2820 ipse
2020 2778 2197 2809 adhibuerit
2216 2778 2365 2819 Cyrillus,
2384 2787 2425 2807 an

1355 2823 1510 2854 haeretica
1529 2834 1644 2855 manus
1663 2824 1826 2861 addiderit,
1846 2824 1981 2854 dubium
2005 2830 2060 2861 est,
2085 2823 2174 2864 quod
2198 2822 2231 2852 in
2255 2822 2424 2852 collatione

1357 2867 1713 2909 Constantinopolitana
1731 2869 1818 2899 haud
1836 2868 1909 2899 satis
1924 2867 2105 2908 expeditum
2120 2867 2252 2897 videtur.
2269 2866 2349 2896 Illud
2366 2876 2425 2905 po-

1356 2919 1474 2943 stremo
1494 2913 1645 2943 adnotare
1673 2923 1738 2943 non
1760 2912 1993 2953 praetermitte,
2015 2911 2139 2942 Leontii
2163 2910 2327 2951 Byzantini
2352 2910 2425 2940 loco

1356 2956 1451 2987 citato
1471 2957 1659 2987 sententiam
1677 2967 1756 2995 esse,
1775 2957 1942 2997 epistolam
1961 2957 2048 2986 illam
2072 2955 2142 2986 Iulii
2161 2955 2205 2985 ad
2229 2955 2423 2994 Dionysium

1358 3001 1506 3032 Corinthi
1531 3002 1735 3042 Episcopum,
1755 3003 1832 3042 quin
1859 3006 1890 3031 et
1914 3006 2031 3040 septem
2058 3001 2141 3030 alias
2160 3000 2321 3039 epistolas,
2341 3008 2425 3039 quae

1355 3046 1424 3075 eius
1447 3055 1516 3076 esse
1534 3046 1699 3084 dicuntur,
1718 3046 1759 3076 ab
1783 3046 1972 3086 Apollinare
1990 3044 2161 3084 prodiisse,
2181 3050 2346 3084 tamquam
2368 3052 2425 3073 au·
2455 3066 2458 3069 Α

1355 3096 1451 3120 ctore.

1724 3184 1935 3221 CAPUT
1975 3184 2056 3219 111.

1353 3278 1496 3311 Praecipuo
1514 3278 1758 3311 Apollinaristarum
1777 3278 1916 3303 haereseos
1935 3277 2010 3310 capiti
2038 3277 2136 3310 passim
2156 3277 2326 3302 adversantur
2343 3284 2422 3309 opera

1423 3315 1504 3345 vulgo
1523 3314 1717 3347 Areopagitica:
1736 3314 1854 3346 adeoque
1872 3314 1904 3338 ab
1923 3313 2022 3338 eisdem
2042 3321 2096 3337 non
2112 3313 2264 3345 prodierunt
2282 3312 2424 3336 haereticis.

1425 3349 1560 3374 Guillelmi
1579 3349 1648 3386 Cgve
1666 3349 1793 3374 sententia
1811 3349 1973 3382 expenditur.

1354 3435 1378 3465 1.
1400 3429 1692 3509 Humanitatem
1703 3435 1819 3466 Christi
1835 3435 1967 3465 Domini
1984 3434 2172 3465 mutilabant
2181 3434 2424 3474 Apollinaristae

1485 3479 1640 3509 nobiliore
1663 3489 1720 3509 sua
1743 3486 1850 3519 parte,
1878 3479 2019 3509 humana
2046 3478 2163 3508 scilicet
2186 3485 2302 3509 mente.
2336 3478 2423 3509 Cum

1354 3533 1469 3563 nempe
1489 3533 1525 3553 ex
1545 3524 1667 3553 duabus
1684 3523 1776 3553 rebus
1795 3522 1939 3563 perfectis
1959 3529 1989 3553 et
2003 3522 2131 3561 integris
2147 3522 2299 3563 componi
2319 3533 2422 3553 unum

1353 3567 1473 3608 aliquid
1496 3577 1562 3597 non
1590 3577 1685 3607 posse
1708 3567 1923 3604 exstimarent,
1954 3567 1992 3596 ab
2015 3566 2212 3597 humanitate
2235 3566 2363 3604 Christi,
2387 3573 2424 3598 ut

1353 3611 1380 3641 is
1399 3621 1483 3642 unus
1501 3618 1733 3651 agnosceretur,
1752 3621 1824 3642 eam
1842 3611 1995 3642 sustulere
2013 3618 2146 3651 partem,
2162 3621 2245 3652 quae
2262 3611 2424 3642 rationalis
