2548 4192
896 328 950 363 IN
981 328 1019 364 S.
1042 327 1283 364 THOMAM
1310 327 1632 374 AQUINATEM

182 405 594 446 neminemquecognitum
617 404 673 445 qui
697 405 920 444 obluctaretur,
939 406 1002 436 lata
1018 406 1161 446 superior
1177 415 1248 436 cau-

181 450 226 480 tio
251 459 306 480 seu
330 449 469 490 provisio
493 449 526 479 in
545 449 770 479 parisiensibus
786 449 934 481 Comitiis
951 460 1035 480 anno
1056 460 1137 492 1279
1159 450 1248 480 lucu-

179 493 352 524 lentissime
375 493 499 524 evincit.

246 538 319 568 Hoc
341 537 456 568 eodem
479 547 563 567 anno
593 547 674 578 1279
706 538 847 568 Roberto
871 538 910 568 de
938 538 1133 569 Kildwardbi
1157 538 1248 569 Ordi-

180 581 229 612 nis
252 581 508 612 Praedicatorum
540 581 688 612 suffectus
717 588 763 612 est
792 582 825 612 in
857 582 1119 613 Cantuariensem
1147 582 1248 613 cathe-

179 625 269 655 dram
293 625 484 656 Guillelmus
509 626 547 655 de
570 625 710 655 Pekamo
735 635 771 656 ex
795 626 916 657 Ordine
939 626 1104 657 Minorum
1122 627 1248 657 adsum-

180 675 266 710 ptus,
286 669 342 710 qui
365 679 464 700 novas
480 669 514 699 in
529 669 724 710 Aquinatem
747 671 853 700 turbas
877 671 979 701 movit
998 671 1039 701 ob
1055 681 1136 709 earn,
1152 681 1250 712 quam

179 713 248 754 ipse
271 713 383 751 tenuit,
406 714 446 744 de
470 714 565 744 unica
590 715 622 744 in
642 714 769 745 homine
775 714 895 755 forma*
907 715 1111 746 substantiali
1125 721 1248 746 senten-

178 756 266 788 tiam.
291 757 451 788 vindicias
474 758 622 788 Doctoris
640 758 783 798 Angelici
798 765 923 789 strenue
938 766 1069 799 egerunt
1084 766 1248 797 nostrates,

179 801 314 832 loannes
337 811 392 832 seu
416 802 568 832 Ricardus
599 802 733 843 Clapoel
760 804 872 843 anglus
901 810 931 834 et
959 804 1092 834 Ioannes
1116 804 1142 834 11
1169 803 1248 844 pari—

179 845 290 876 siensis
320 845 437 886 aliique
469 847 642 887 anonymi,
672 857 813 888 quorum
845 847 959 888 scripta
987 848 1020 877 in
1052 847 1249 878 bibliothecis

180 889 393 920 adservantur.
420 891 493 927 Qua
517 890 555 921 de
578 900 611 921 re
634 891 727 922 latius
750 892 783 921 in
807 891 866 921 alia
890 891 968 922 mihi
997 892 1156 931 agendum
1179 891 1248 922 Dis-

179 934 358 965 sertatione.
383 934 467 965 Hinc
491 945 575 965 anno
612 935 692 965 1286
721 935 786 966 iam
817 945 949 966 concors
977 942 1161 967 nostrorum
1184 935 1249 966 ani-

178 987 252 1008 mus
277 985 342 1009 erat
363 978 397 1008 in
422 979 605 1009 sustinenda
621 980 719 1010 sancti
735 980 882 1010 Thomae
898 980 1050 1010 doctrina.
1068 979 1249 1011 ordinatio-

179 1032 255 1052 nem
278 1022 384 1062 accipe
413 1022 630 1053 Comitiorum
660 1023 864 1054 Generalium
895 1023 1138 1062 Parisiensium,
1167 1033 1250 1064 quae

179 1066 295 1096 eodem
318 1076 403 1096 anno
432 1067 585 1097 celebrata
613 1067 756 1105 fuerunt,
786 1077 875 1098 num.
905 1078 941 1107 19
975 1067 1061 1108 apud
1084 1068 1249 1098 laudatum

178 1110 340 1140 Martene:
363 1111 552 1141 Districtius
575 1112 777 1151 iniungimus
800 1117 831 1142 et
853 1111 1045 1142 mandamus
1069 1116 1104 1141 ut
1118 1111 1250 1151 fratres

179 1163 290 1184 omnes
313 1159 344 1184 et
365 1155 500 1195 singuli,
519 1160 622 1194 prout
643 1156 750 1186 sciunt
773 1161 804 1186 et
819 1160 968 1195 possunt,
994 1155 1157 1196 efficacem
1173 1155 1250 1185 dent

177 1206 308 1238 operam
332 1197 376 1228 ad
398 1199 578 1229 doctrinam
599 1199 790 1230 venerabilis
804 1200 954 1240 magistri
966 1198 1092 1239 fratris
1111 1199 1250 1230 Thomae

178 1241 219 1273 de
240 1242 368 1282 Aquino
393 1242 583 1273 recolendae
608 1245 783 1274 memoriae
800 1243 1054 1283 promovendam
1081 1248 1112 1273 et
1135 1243 1247 1273 saltem

179 1291 216 1317 ut
238 1291 286 1316 est
312 1286 419 1326 opinio
450 1286 694 1327 defensandam.
719 1288 764 1318 Et
786 1288 815 1318 si
838 1288 894 1327 qui
921 1288 1119 1318 contrarium
1128 1286 1250 1328 facere

178 1332 418 1370 attentaverint-
431 1332 587 1362 assertive
609 1333 677 1363 sive
698 1333 764 1363 sint
786 1332 938 1372 magistri
958 1332 1026 1362 sive
1048 1331 1247 1370 baccallarii,

158 1389 161 1391 ⁴
171 1375 314 1415 priores,
339 1375 398 1406 alii
412 1374 555 1415 fratres,
573 1376 670 1406 aliter
693 1377 874 1413 sentientes,
891 1377 958 1416 ipso
966 1375 1062 1416 facto
1076 1376 1116 1406 ab
1131 1375 1249 1416 officiis

172 1419 319 1459 propriis
343 1424 375 1450 et
398 1419 473 1450 aliis
501 1419 635 1451 Ordinis
656 1421 721 1451 sint
744 1421 908 1460 suspensi,
934 1420 1036 1451 donec
1053 1430 1117 1460 per
1138 1421 1247 1461 Magi-

177 1468 281 1494 strum
308 1462 442 1494 Ordinis
469 1464 520 1495 vel
546 1463 705 1495 Generale
732 1464 916 1505 Capitulum
940 1465 1005 1495 sint
1028 1465 1177 1495 restituti.
1204 1465 1249 1496 Et

178 1507 386 1538 nihilominus
397 1517 463 1548 per
475 1509 644 1539 Praelatos
667 1518 744 1539 suos
766 1518 823 1539 seu
854 1508 1048 1546 Visitatores‚
1071 1510 1163 1539 iuxta
1179 1510 1247 1539 cul-

171 1560 294 1592 parum
320 1553 530 1593 exigentiam,
548 1553 742 1594 condignam
760 1558 923 1593 reportent
932 1554 1174 1593 poenitentiam.
1192 1553 1247 1584 Ni-

176 1595 224 1627 hil
245 1605 321 1627 vero
345 1602 454 1627 contra
477 1596 670 1636 cautionem,
694 1607 776 1638 quae
799 1597 908 1628 futuro
924 1597 1060 1637 tempori
1075 1597 1247 1637 prospicie-

177 1639 242 1679 bat,
265 1640 396 1671 molitos
420 1651 486 1671 esse
510 1641 708 1680 consodales,
723 1651 760 1672 ex
783 1651 822 1672 eo
842 1648 957 1672 notum
972 1648 1247 1683 compertumque,

177 1689 214 1715 ut
232 1684 324 1715 nulla
343 1685 431 1716 circa
451 1685 511 1716 hoc
521 1687 731 1726 poenitentia,
748 1685 919 1717 adnotante
935 1685 1092 1725 Echardo,
1111 1687 1143 1716 in
1159 1687 1248 1718 Actis

178 1728 303 1768 inflicta
320 1734 434 1769 postea
459 1735 662 1761 memoretur.

577 1841 769 1879 CAPUT
799 1843 852 1879 ΙΙ.

177 1937 323 1963 Germanus
342 1936 477 1970 Aquinatis
497 1937 581 1962 foetus
601 1943 641 1963 est
659 1938 823 1971 Opusculum
839 1938 877 1962 De
896 1938 980 1962 forma
998 1938 1176 1963 absolutionis.
1195 1939 1247 1963 Du-

247 1972 306 2005 plex
326 1972 490 2005 distinguitur
508 1973 625 2005 quaestio
644 1973 713 2004 iuris,
730 1981 758 1998 ac
773 1973 846 1998 tertia
865 1973 936 1998 facti:
956 1973 1035 1998 sancti
1055 1973 1173 1998 Doctoris
1190 1982 1248 1999 sen-

247 2007 334 2033 tentia.
353 2008 464 2032 Formae
483 2007 620 2033 indicativo
639 2009 718 2034 modo
737 2016 875 2042 expressae
893 2009 1040 2041 antiquitas.
1056 2009 1124 2034 Num
1143 2009 1249 2042 imposi-

248 2043 285 2068 tio
303 2051 397 2068 manus
416 2043 448 2068 ad
461 2044 578 2068 valorem
593 2044 750 2069 Sacramenti
765 2044 897 2077 pertineat.
908 2044 1009 2069 Ioannis
1024 2045 1131 2069 Launoii
1142 2052 1250 2070 censura

249 2079 400 2112 expenditur
415 2078 598 2112 refelliturque.

179 2174 203 2204 1.
229 2162 487 2246 Superioribus
510 2171 683 2211 opusculis
706 2172 786 2202 illud
809 2172 871 2202 hoc
894 2172 967 2203 loco
991 2179 1156 2203 annectere
1183 2173 1250 2213 pla-

287 2222 346 2253 cet,
370 2216 460 2256 quod
483 2216 570 2246 XXII
594 2223 779 2247 numeratur
801 2216 834 2246 in
858 2216 996 2247 editione
1020 2217 1177 2255 Romana,
1200 2218 1252 2247 De

167 2261 287 2302 forma
310 2260 520 2291 absolutionis
550 2259 799 2291 Sacramentalis.
824 2260 942 2291 Foetus
966 2261 1133 2302 Aquinatis
1159 2261 1251 2292 indu-

122 2333 125 2337 ,
175 2305 268 2336 bium
290 2311 409 2335 veteres
433 2314 546 2334 omnes
569 2311 723 2335 testantur
746 2304 1020 2343 nomenclatores,
1044 2305 1250 2336 Ptolomaeus

177 2348 341 2387 Lucensis,
364 2348 542 2379 Bernardus
566 2348 742 2387 Guidonis,
765 2349 1030 2380 Bartholomaeus
1054 2350 1249 2389 Logotheta,

176 2393 328 2425 Nicolaus
351 2392 511 2431 Trivetus,
536 2393 669 2423 Ioannes
693 2393 731 2423 de
747 2392 920 2431 Columna,
936 2393 1184 2432 Vaueoletanus,
1201 2394 1251 2424 Pi-

176 2447 316 2478 gnonus,
335 2443 461 2467 sanctus
477 2437 670 2468 Antoninus.
686 2438 761 2468 Non
781 2437 892 2468 eadem
908 2438 994 2477 apud
1010 2447 1122 2468 omnes
1138 2437 1252 2477 legitur

176 2481 359 2521 inscripti03
383 2481 439 2510 sed
461 2480 541 2511 alius
565 2481 661 2511 etiam
683 2481 794 2511 titulus
818 2481 943 2512 effertur
960 2482 1011 2512 De
1036 2481 1249 2519 absolutione,

176 2525 228 2557 vel
246 2526 298 2556 De
309 2524 427 2565 forma
441 2526 660 2564 poenitentiae
682 2525 900 2556 absolutionis.
919 2525 1030 2555 Ioanni
1049 2525 1250 2564 Verceuensi,

177 2579 276 2611 quem
292 2568 432 2608 regimen
443 2568 571 2600 Ordinis
580 2569 838 2600 Praedicatorum
850 2569 988 2600 tenuisse
1004 2569 1043 2599 ab
1061 2579 1146 2600 anno
1168 2571 1251 2609 1264

178 2614 219 2645 ad
241 2623 363 2644 annum
385 2612 468 2652 1284
483 2613 717 2651 adnotavimus,
734 2620 957 2654 nuncupatum
974 2613 1179 2653 Opusculum
1194 2621 1249 2645 est.

178 2658 314 2690 Brevem
337 2656 432 2687 affero
458 2657 502 2688 Io.
527 2657 688 2687 Ambrosii
711 2658 886 2688 Barbavara
902 2665 1084 2688 censuram:
1108 2657 1251 2698 Opuscu-

180 2702 247 2734 lum
261 2701 376 2739 XXII,
385 2701 567 2742 inquientis,
577 2702 629 2732 De
634 2701 752 2742 forma
766 2702 985 2739 absolutionis,
992 2703 1087 2742 paris
1102 2708 1149 2733 est
1164 2702 1253 2743 apud

180 2751 268 2778 recte
289 2745 468 2776 iudicantes
497 2747 700 2777 auctoritatis
723 2756 794 2777 cum
820 2747 876 2784 iis,
901 2756 984 2786 quae
1008 2747 1120 2786 prima
1150 2747 1253 2778 classe

180 2791 431 2826 numeravimus,
456 2789 519 2820 hoc
542 2796 605 2828 est,
635 2790 780 2830 genuinis
804 2800 839 2821 ac
862 2790 1011 2821 indubiis.
1031 2791 1079 2821 De
1102 2791 1251 2831 peritissi-

179 2844 235 2866 mo
257 2834 326 2864 viro
339 2857 348 2872 ,
381 2833 623 2874 Opusculorum
655 2834 754 2865 sancti
777 2834 925 2865 Thomae
957 2844 1098 2873 censore,
1121 2835 1252 2866 inferius

179 2878 350 2919 agendum.

247 2921 454 2961 Opusculum
476 2921 525 2951 his
549 2922 666 2953 claudit
688 2922 790 2952 verbis
813 2929 942 2953 auctor:
973 2923 1126 2954 Voluntas
1144 2929 1252 2954 autem

181 2966 244 2996 Dei
256 2965 349 3005 fuit,
374 2970 410 2995 ut
426 2975 491 3005 pro
514 2965 701 3006 defensione
717 2968 887 3006 potestatis
909 2967 1004 2997 Petro
1028 2967 1188 3006 traditae,
1220 2969 1252 2998 in

172 3009 266 3050 festo
286 3009 467 3039 Cathedrae
489 3010 578 3040 Petri
599 3011 658 3041 hoc
680 3010 769 3050 Opus
791 3011 831 3041 de
847 3016 952 3042 vestro
968 3011 1121 3042 mandato
1137 3012 1253 3052 compi-

182 3053 256 3083 lans
288 3052 479 3083 laborarem.
504 3053 635 3084 Festum
658 3054 820 3094 intelligo,
852 3055 942 3095 quod
965 3055 1015 3085 die
1041 3065 1080 3085 22
1106 3055 1253 3086 februarii

183 3096 370 3127 celebratur’:
395 3095 513 3126 festum
535 3107 675 3138 namque
696 3097 871 3129 Cathedrae
900 3099 950 3129 die
979 3099 1015 3129 18
1039 3099 1172 3130 ianuarii
1195 3110 1254 3140 po-

184 3141 298 3178 situm,
329 3140 418 3180 quod
440 3140 474 3170 in
505 3140 663 3181 aliquibus
693 3142 828 3173 Ecclesis
862 3143 1055 3181 exoleverat,
1084 3144 1254 3174 adnotante

184 3184 324 3258 Βποῐέἰὲ)
354 3183 388 3214 in
419 3184 668 3225 Martyrologio,
701 3186 835 3217 restituit
863 3187 982 3217 Paulus
1013 3187 1099 3227 Papa
1128 3188 1170 3218 IV
1201 3198 1254 3218 an-

186 3239 230 3259 no
260 3239 269 3258 1
322 3239 352 3269 7.

253 3273 290 3302 11.
315 3271 366 3302 Ad
389 3271 583 3312 Aquinatem
606 3273 746 3304 libellum
776 3274 1021 3305 examinandum
1043 3275 1255 3305 transmiserat

187 3317 321 3347 Ioannes
345 3316 383 3345 de
406 3315 572 3346 Vercellis:
598 3316 634 3346 In
657 3327 723 3357 quo
750 3330 765 3345 ‹<
786 3318 909 3356 inveni,
935 3319 1037 3359 inquit
1063 3328 1088 3349 s.
1112 3319 1252 3356 Doctor,

188 3373 204 3389 x
227 3360 433 3390 assertionem
456 3359 622 3390 cuiusdam
643 3361 734 3391 valde
758 3362 971 3400 temerariam,
996 3362 1141 3392 dicentis:
1165 3363 1254 3402 quod

189 3417 204 3432 2
227 3404 372 3435 sacerdos
396 3403 590 3434 absolvendo
619 3404 666 3435 uti
689 3415 756 3435 non
779 3405 871 3435 debet
900 3405 959 3435 hac
982 3405 1103 3443 forma,
1126 3406 1200 3446 Ego
1224 3411 1255 3436 te

188 3461 205 3477 ι
225 3449 364 3479 absolvo.
390 3447 489 3485 Quod
511 3447 642 3488 quidem
666 3455 969 3489 praesumptuosum
984 3449 1102 3487 iudico,
1118 3449 1193 3489 quia
1208 3459 1254 3479 re-

189 3505 204 3520 »
226 3499 347 3533 pugnat
378 3492 575 3531 Evangelicis
608 3492 707 3523 dictis.
739 3492 823 3523 Dicit
855 3492 940 3522 enirn
970 3493 1129 3523 Dominus
1160 3493 1253 3523 Petro

189 3549 204 3564 >
225 3536 337 3567 Matth.
361 3543 432 3566 xw:
461 3535 690 3576 Quodcumque
704 3536 838 3567 solveris
855 3546 953 3576 super
978 3542 1109 3574 terram,
1127 3537 1187 3567 erit
1205 3546 1255 3567 so-

190 3592 205 3607 >
228 3581 330 3611 lutum
362 3586 392 3611 et
415 3581 447 3610 in
472 3581 589 3618 caelis,⁶
620 3581 709 3621 quod
732 3580 773 3610 ad
804 3590 900 3611 usum
933 3580 1070 3611 clavium
1100 3580 1254 3620 pertinere

191 3635 208 3651 2
230 3624 415 3655 ostenditur.
439 3625 523 3654 Nam
551 3624 753 3665 praemiserat
776 3630 806 3655 et
829 3624 884 3655 tibi
914 3624 996 3655 dabo
1025 3624 1131 3655 claves
1159 3626 1255 3665 regni

189 3679 206 3695 >
227 3668 400 3700 caelorum.
425 3668 466 3699 Et
488 3675 572 3709 post,
596 3669 686 3710 quasi
710 3679 806 3699 usum
830 3668 966 3699 clavium
982 3678 1153 3708 exponens,
1169 3668 1253 3700 dicit:

2247 345 2379 370 CCXXXI

1307 418 1321 433 »
1343 406 1387 437 Et
1409 407 1628 448 quodcumque
1650 408 1794 438 solveris.
1815 408 1903 439 Patet
1927 418 2002 448 ergo
2026 419 2063 439 ex
2087 409 2175 440 dictis
2195 410 2374 450 Salvatoris,

1307 462 1321 477 »
1344 451 1433 491 quod
1446 451 1565 482 habens
1581 451 1682 482 claves
1697 452 1841 483 absolvit.
1853 453 2159 493 Praesumptuosum
2173 461 2219 485 est
2235 465 2320 494 ergo,
2336 466 2376 486 ne

1306 506 1322 522 ιν
1344 494 1447 525 dicam
1458 505 1637 535 erroneum,
1644 502 1680 527 ut
1694 497 1838 527 sacerdos
1849 497 1950 527 dicere
1966 507 2032 527 non
2043 497 2153 538 possit:
2164 498 2237 539 Ego
2248 499 2375 530 absolvo

1306 551 1321 566 »
1344 544 1384 576 te,
1402 549 1500 580 quem
1522 540 1682 571 Dominus
1698 541 1859 571 absolvere
1876 540 2052 572 confitetur.
2068 542 2169 582 Magis
2184 549 2291 573 autem
2306 552 2372 573 ver-

1307 595 1322 610 »
1344 582 1391 613 bis
1414 583 1546 614 Domini
1570 584 1727 624 colligitur
1754 585 1835 616 hanc
1859 595 1926 615 esse
1950 585 2087 616 formam
2111 586 2249 617 debitam
2271 587 2374 617 absol—

1307 639 1322 654 »
1344 627 1457 657 vendi:
1474 627 1548 669 Ego
1573 634 1603 659 te
1617 629 1755 660 absolvo.
1778 641 1794 657 »

1371 671 1450 701 Tres
1473 672 1536 702 hoc
1558 672 1631 703 loco
1662 673 1826 713 diligenter
1849 673 2087 714 distinguendae
2118 680 2192 705 sunt
2214 674 2372 715 quaestio-

1304 722 1377 745 nes:
1401 715 1477 746 iuris
1502 716 1593 755 duae,
1617 717 1707 747 tertia
1730 717 1813 748 facti.
1837 717 1953 756 Prima,
1978 727 2054 748 num
2077 718 2229 749 sacerdos
2253 718 2374 760 efficiat

1304 759 1389 799 quod
1411 760 1574 801 significat
1597 761 1700 791 verbis
1722 761 1959 792 absolutionis?
1981 762 2098 800 Altera,
2123 772 2198 792 num
2224 773 2266 793 ex
2284 764 2373 794 insti-

1305 804 1427 834 tutione
1452 804 1573 835 Christi
1596 810 1626 835 et
1649 814 1691 835 ex
1714 810 1834 835 natura
1857 806 2061 836 Sacramenti
2082 807 2300 838 Poenitentiae
2318 817 2371 838 ne-

1305 857 1391 878 cesse
1412 849 1454 878 sit
1474 847 1622 887 sormam
1651 849 1860 880 absolutionis
1882 850 2059 880 absolutam
2092 858 2178 888 esse,·
2209 861 2251 881 an
2277 852 2372 882 etiam

1305 891 1408 922 verbis
1430 892 1660 932 deprecatoriis
1679 898 1829 932 concepta
1844 893 2016 934 sufficiat?
2029 894 2147 932 Tertia,
2164 895 2290 935 qualem
2306 896 2369 926 Ec-

1304 936 1412 973 clesia,
1438 941 1503 966 tam
1526 946 1659 976 graeca,
1684 946 1779 976 quam
1804 937 1917 975 latina,
1933 938 2081 978 sormam
2105 939 2180 969 olim
2198 949 2372 980 usurpaue-

1305 980 1359 1016 rit,
1384 989 1427 1009 an
1451 989 1577 1020 semper
1598 980 1789 1018 absolutam,
1806 991 1848 1011 an
1869 983 1963 1011 etiam
1980 982 2233 1022 deprecatoriam
2249 984 2268 1014 ξ)
2284 983 2370 1014 Con-

1305 1033 1423 1053 sonum
1446 1030 1492 1054 est
1515 1023 1741 1063 theologorum
1763 1024 1918 1055 iudicium
1934 1026 1972 1055 de
1987 1025 2151 1057 efficientia
2166 1027 2371 1066 ministeriali,

1305 1067 1508 1105 absolutioni,
1533 1077 1631 1108 quarn
1654 1068 1798 1098 sacerdos
1821 1068 1987 1108 impendit,
2008 1071 2224 1102 conveniente.
2241 1072 2309 1102 Hac
2333 1072 2372 1102 de

1304 1120 1337 1140 re
1360 1117 1538 1141 nectentem
1562 1111 1658 1141 dubia
1681 1118 1843 1142 auctorem
1866 1113 1962 1143 libelli
1986 1113 2099 1144 refellit
2122 1125 2146 1145 s.
2170 1115 2314 1146 Thomas
2337 1116 2371 1146 in

1305 1154 1490 1194 Opusculo,
1515 1155 1697 1194 praesertim
1728 1156 1827 1195 capite
1851 1167 1893 1186 111.
1919 1157 1970 1186 Ad
1993 1157 2122 1188 alteram
2151 1159 2240 1198 quod
2263 1159 2372 1190 attinet

1304 1197 1380 1228 iuris
1403 1198 1633 1239 quaestionem,
1658 1198 1852 1230 inficiabatur
1875 1200 1960 1230 idem
1984 1208 2093 1231 auctor
2116 1202 2211 1232 libelli
2234 1203 2371 1233 validam

1305 1251 1372 1272 esse
1395 1242 1532 1273 formam
1555 1243 1763 1273 absolutionis
1786 1244 1889 1274 verbis
1911 1244 2086 1275 indicativis
2106 1247 2281 1285 probatam:
2297 1258 2370 1287 pro-

1304 1287 1528 1328 pugnabatque
1547 1288 1794 1327 deprecatoriam
1816 1298 1881 1318 esse
1898 1295 2053 1328 oportere.
2065 1290 2264 1321 Recentiores
2281 1291 2370 1322 theo-

1303 1330 1369 1370 logi
1397 1331 1552 1362 sustinent
1583 1341 1619 1362 ex
1642 1331 1839 1363 institutione
1862 1332 1979 1363 Christi
2003 1333 2140 1363 formam
2164 1335 2371 1366 absolutionis

1304 1382 1411 1406 actum
1434 1385 1501 1406 esse
1524 1375 1718 1414 iudicialem;
1743 1377 1798 1406 sed
1821 1386 1892 1406 eam
1915 1377 2044 1417 perinde
2067 1377 2168 1408 verbis
2191 1379 2370 1418 deprecato-

1303 1419 1355 1449 riis
1379 1420 1511 1460 exprimi
1535 1430 1629 1460 posse
1652 1430 1687 1451 ac
1712 1420 1886 1451 indicativis
1910 1431 1966 1451 seu
1983 1421 2154 1462 absolutiS,
2171 1429 2264 1463 atque
2281 1422 2372 1453 Chri-

1303 1470 1389 1494 stum
1399 1464 1555 1495 Ecclesiae
1571 1474 1646 1495 suae
1662 1465 1798 1495 modurn
1812 1465 1897 1495 hunc
1913 1465 2187 1496 determinandum
2197 1466 2369 1507 reliquisse.

1304 1508 1409 1538 Huius
1433 1508 1642 1549 praecipuum
1664 1516 1828 1539 auctorem
1850 1509 2020 1540 sententiae
2049 1520 2194 1540 memoro
2219 1511 2371 1541 Ioannem

1304 1552 1467 1582 Morinum
1490 1552 1570 1583 libro
1594 1553 1666 1583 VIII
1690 1553 1738 1583 De
1762 1553 1966 1593 poenitentia,
1984 1554 2084 1594 capite
2107 1564 2170 1585 vm.
2191 1555 2281 1585 Mens
2296 1565 2371 1586 vero

1304 1596 1402 1627 sancti
1432 1596 1580 1627 'rhomae
1612 1604 1677 1635 est,
1710 1604 1781 1627 tum
1804 1597 1836 1627 in
1868 1597 2053 1637 Opusculo,
2085 1605 2155 1628 tum
2177 1598 2211 1628 in
2240 1598 2373 1630 Summa

1305 1641 1345 1671 111
1370 1651 1414 1681 p.,
1438 1651 1493 1681 qu.
1517 1651 1639 1679 Lxxxrv,
1664 1641 1748 1672 artic.
1773 1652 1821 1679 111,
1845 1642 2047 1672 indicativam
2071 1642 2244 1673 formulam
2268 1645 2374 1684 magis

1305 1694 1477 1725 congruere
1500 1685 1602 1715 verbis
1626 1685 1758 1724 Christi,
1790 1686 1926 1716 clavium
1956 1692 2145 1726 potestatem
2169 1688 2369 1727 exponentis:

1304 1729 1371 1759 imo
1395 1729 1522 1759 nonnisi
1546 1729 1626 1760 hanc
1650 1739 1716 1760 esse
1735 1730 1883 1760 validam.

1370 1772 1493 1803 Eadem
1516 1780 1562 1804 est
1592 1773 1782 1813 scriptorum
1806 1773 1958 1804 dissensio
1986 1774 2019 1804 in
2047 1775 2136 1805 tertia
2157 1775 2247 1815 facti
2277 1785 2372 1816 quae-

1304 1816 1417 1847 stione.
1442 1819 1565 1848 Auctor
1592 1817 1688 1848 libelli
1721 1818 1806 1858 apud
1839 1828 1862 1849 s.
1889 1818 2051 1849 Thomam
2082 1819 2182 1859 capite
2205 1830 2226 1849 v
2253 1819 2371 1851 aiebat:

1308 1861 1401 1898 Quod
1420 1862 1476 1892 uix
1498 1862 1634 1902 triginta
1653 1863 1733 1892 anni
1750 1867 1836 1899 sunt,
1861 1862 1946 1903 quod
1968 1873 2077 1894 omnes
2098 1864 2160 1894 hac
2181 1864 2250 1894 sola
2256 1863 2372 1904 forma

1304 1903 1546 1948 (deprecatoria)
1571 1906 1751 1937 utebantur.
1777 1906 1909 1937 Ioannes
1932 1907 2076 1938 Morinus
2099 1907 2172 1938 loco
2197 1907 2290 1938 citato
2320 1908 2372 1938 ad-

1305 1949 1368 1980 dit:
1393 1949 1522 1980 ineunte
1546 1950 1671 1980 saeculo
1696 1950 1887 1981 duodecimo
1914 1950 2035 1981 formae
2059 1951 2205 1992 antiquae
2230 1952 2375 1992 depreca-

1304 1993 1402 2024 toriae
1426 1994 1566 2024 additam
1588 1994 1684 2024 fuisse
1704 1994 1882 2025 absolutam
1906 2002 1937 2025 et
1952 1995 2060 2026 adulto
2081 1995 2207 2026 saeculo
2227 1996 2374 2027 tertiode-

1306 2038 1390 2068 cimo
1414 2038 1616 2069 indicativam
1638 2038 1681 2069 ita
1705 2039 1934 2078 praevaluisse,
1959 2046 1995 2070 ut
2022 2039 2090 2069 sola
2120 2039 2152 2069 in
2176 2050 2237 2070 usu
2260 2040 2372 2071 fuerit:

1306 2092 1372 2112 non
1389 2082 1483 2112 aliam
1498 2092 1574 2113 vero
1589 2083 1673 2123 apud
1692 2083 1828 2114 Graecos
1844 2083 1983 2113 formam
1998 2083 2182 2123 adhibitam,
2198 2084 2258 2114 nisi
2272 2085 2373 2115 verbis

1306 2126 1510 2166 deprecativis
1534 2136 1721 2167 expressam.
1739 2128 1830 2158 Hanc
1845 2127 1916 2158 facti
1932 2128 2152 2168 quaestionem
2165 2135 2267 2159 versat
2281 2129 2376 2159 etiam

1305 2170 1469 2211 Aquinas:
1493 2181 1529 2201 ac
1553 2171 1657 2211 primo
1681 2178 1810 2202 testatur
1834 2171 1934 2211 eapite
1958 2182 1968 2201 1
1992 2181 2188 2202 communem
2209 2182 2277 2203 esse
2299 2183 2375 2203 con-

1305 2215 1505 2246 suetudinem
1525 2216 1583 2245 tali
1590 2215 1706 2256 forma
1723 2213 1918 2257 (indicativa)
1934 2217 2098 2246 utentium.
2117 2216 2168 2246 Ad
2185 2226 2281 2246 usum
2298 2227 2374 2247 vero

1305 2269 1478 2299 perennem
1510 2259 1740 2299 deprecatoriae
1765 2259 1939 2297 formulae,
1974 2269 2071 2300 quem
2107 2260 2255 2300 magister
2277 2260 2373 2291 libelli

1306 2303 1472 2334 obiiciebat
1493 2304 1532 2333 ad
1548 2303 1711 2334 saeculum
1733 2313 1835 2344 usque
1851 2303 2140 2334 tertiumdecimum
2156 2304 2312 2343 adultum,
2329 2315 2376 2335 re—

1306 2348 1441 2387 spondet
1464 2347 1564 2387 capite
1587 2354 1621 2377 v:
1651 2347 1826 2385 Quomodo,
1851 2347 2015 2387 inquiens,
2039 2348 2079 2378 de
2101 2349 2246 2379 omnibus
2268 2354 2376 2389 potest

1305 2392 1518 2422 testimonium
1537 2391 1718 2431 perhibere,
1743 2393 1798 2432 qui
1821 2401 1930 2422 omnes
1953 2401 2016 2422 non
2036 2392 2115 2423 vidit
2129 2392 2148 2422 Ῥ

1373 2435 1410 2466 ΙΙ.
1438 2435 1546 2472 Quam
1569 2435 1670 2466 solida
1693 2435 1732 2466 sit
1755 2435 1922 2476 Aquinatis
1954 2436 2119 2476 responsio
2153 2436 2259 2476 colligi
2286 2436 2374 2468 facile

1305 2486 1410 2519 potest
1433 2489 1470 2509 ex
1493 2479 1666 2510 Edmundo
1690 2480 1830 2510 Martene
1853 2480 1901 2510 De
1916 2479 2053 2520 antiquis
2079 2480 2236 2511 Ecclesiae
2261 2481 2371 2512 ritibus

1305 2523 1386 2554 libro
1411 2524 1434 2562 1,
1451 2523 1552 2563 capite
1567 2534 1609 2562 vr,
1631 2531 1687 2554 art.
1704 2534 1734 2562 v,
1765 2534 1854 2555 num.
1877 2533 1924 2554 12.
1947 2524 2088 2555 Tametsi
2113 2524 2198 2555 enirn
2222 2525 2376 2556 existimet

1305 2567 1353 2597 vir
1375 2567 1582 2607 peritissimus
1615 2577 1681 2598 non
1711 2567 1913 2598 indicativam
1936 2568 2031 2607 olim,
2060 2569 2115 2598 sed
2146 2569 2376 2609 deprecativam

1306 2621 1435 2652 prorsus
1458 2612 1491 2642 in
1510 2622 1571 2642 usu
1587 2611 1684 2643 fuisse
1703 2611 1840 2642 formam
1859 2612 2087 2643 absolutionis:
2107 2626 2122 2641 α
2134 2613 2313 2644 Fatendum
2329 2620 2373 2644 ta-

1308 2668 1323 2683 »
1343 2666 1418 2686 men
1441 2662 1497 2694 est,
1522 2657 1640 2696 inquit,
1665 2656 1698 2686 in
1721 2656 1879 2697 plerisque
1902 2657 1993 2687 libris
2015 2657 2186 2687 ritualibus
2209 2667 2282 2688 mss.
2312 2667 2376 2688 una

1309 2712 1323 2727 a·
1344 2710 1419 2730 cum
1442 2701 1640 2731 orationibus
1662 2701 1942 2738 reconciliatoriis,
1967 2700 2120 2731 formulas
2144 2701 2298 2741 quasdam
2320 2702 2374 2732 ab-

1309 2756 1323 2770 »
1343 2745 1512 2775 solutionis
1544 2745 1735 2775 indicativas
1766 2745 1902 2785 reperiri.
1928 2745 1969 2775 Et
1996 2755 2036 2775 ne
2068 2745 2139 2785 quis
2162 2745 2261 2775 libros
2284 2745 2374 2783 illos,

1309 2800 1324 2815 »
1344 2795 1510 2829 tamquam
1537 2789 1744 2828 recentiores,
1768 2789 1915 2820 novitatis
1947 2789 2127 2827 insimulet,
2152 2789 2375 2829 praetermissis

1310 2846 1324 2860 x
1345 2833 1417 2871 illis,
1434 2833 1490 2874 qui
1514 2839 1675 2863 sexcentos
1699 2843 1799 2863 annos
1816 2843 1881 2863 non
1905 2839 2066 2873 superant,
2081 2840 2218 2873 quatuor
2235 2833 2286 2863 hic
2301 2843 2375 2873 pro-

1310 2890 1325 2904 »
1345 2877 1428 2908 duco
1452 2883 1605 2908 vetustate
1629 2884 1659 2908 et
1682 2877 1866 2918 antiquitate
1889 2877 1982 2917 plane
2005 2877 2205 2907 venerabiles.
2231 2877 2375 2907 Primum

1311 2935 1325 2949 a·
1346 2921 1478 2952 exhibeo
1505 2922 1642 2962 Egberti
1673 2922 1886 2952 Eboracensis
1908 2921 2057 2961 Episcopi
2088 2919 2166 2962 (qui
2201 2931 2285 2951 anno
2310 2922 2369 2962 731

1312 2978 1325 2993 2·
1345 2965 1461 2996 infulas
1485 2965 1623 2996 obtinuit
1646 2965 1731 3006 apud
1754 2963 1906 3007 Pagium)
1931 2964 2125 3003 Pontificale,
2144 2964 2252 2995 litteris
2277 2965 2372 2995 Saxo-

1311 3023 1325 3037 »
1346 3009 1423 3040 nicis
1447 3010 1660 3049 pereleganter
1682 3009 1853 3049 scriptum,
1878 3009 1966 3049 quod
1997 3009 2147 3039 hactenus
2180 3015 2319 3039 servatur
2341 3009 2375 3039 in

1312 3066 1326 3081 »
1346 3053 1535 3084 bibliotheca
1557 3053 1714 3084 Ecclesiae
1744 3053 1952 3083 Ebroicensis.
1977 3053 2160 3083 Secundum
2192 3052 2375 3083 Pontificale

1312 3111 1326 3125 »
1346 3098 1559 3137 Anglicanum
1588 3099 1775 3128 monasterii
1800 3097 2075 3134 Gemmeticensis‚
2101 3097 2190 3127 cuius
2220 3096 2377 3128 character

1312 3155 1326 3169 »
1347 3148 1526 3181 nongentos
1550 3141 1667 3172 circiter
1690 3151 1791 3172 annos
1817 3140 1918 3171 refert.
1941 3140 2087 3171 Tertium
2112 3140 2302 3171 Gellonense
2324 3151 2375 3171 ve-

1313 3198 1326 3212 »
1347 3186 1574 3216 tustissimum:
1599 3192 1748 3225 quartum
1771 3186 1926 3215 Remense
1949 3195 1973 3215 s.
1991 3185 2138 3224 Remigii,
2167 3185 2291 3226 Tirpini
2313 3186 2374 3215 Ar-

1313 3242 1327 3256 »
1347 3230 1535 3269 chiepiscopi
1551 3227 1620 3270 (qui
1645 3239 1729 3259 anno
1753 3230 1815 3270 775
1841 3229 1938 3259 vitam
1962 3227 2085 3271 agebat)
2104 3228 2286 3259 Pontificale
2305 3229 2373 3259 vul-

1313 3287 1327 3301 »
1347 3273 1459 3313 gariter
1482 3273 1614 3311 dictum,
1633 3273 1741 3303 litteris
1764 3272 1995 3312 longobardicis
2020 3273 2188 3312 scriptum:
2206 3273 2238 3302 in
2255 3273 2370 3313 quibus

1312 3330 1326 3344 »
1347 3317 1450 3347 forma
1472 3316 1639 3346 indicativa
1662 3317 1891 3356 deprecatoriae
1911 3316 2121 3356 coniungitur.
2135 3328 2149 3343 »
2173 3316 2376 3346 Indicativam

1309 3361 1447 3391 formam
1470 3360 1510 3389 ad
1533 3359 1772 3391 Sacramentum
1789 3359 1942 3400 pertinere
1971 3361 2118 3390 Thomae
2137 3360 2289 3390 sententia
2313 3367 2374 3390 est:

1310 3414 1416 3444 preces
1438 3413 1513 3433 vero
1538 3403 1657 3434 additas
1680 3404 1719 3434 ad
1739 3403 1979 3434 Sacramentalia
2002 3405 2040 3434 ab
2059 3404 2198 3434 Ecclesia
2220 3403 2371 3435 instituta.

1375 3448 1427 3477 Ad
1449 3447 1623 3477 Ecclesiam
1651 3447 1803 3477 Graecam
1834 3448 1923 3487 quod
1946 3447 2070 3484 attinet,
2096 3447 2190 3487 digna
2213 3454 2286 3478 sunt
2309 3448 2374 3478 ani-

1309 3490 1526 3521 madversione
1550 3490 1657 3520 Goarii
1681 3491 1890 3528 documenta,
1916 3501 1997 3531 quae
2021 3491 2204 3521 dissidentes
2227 3491 2311 3522 viros
2335 3492 2375 3522 ad

1309 3534 1513 3565 concordiam
1531 3544 1676 3565 revocare
1699 3544 1793 3574 posse
1808 3535 1963 3565 videntur.
1981 3535 2017 3564 In
2033 3535 2124 3565 Notis
2145 3535 2188 3565 ad
2213 3537 2376 3566 orationes

1308 3588 1406 3618 super
1422 3579 1622 3618 poenitentes
1654 3578 1888 3609 animadvenit:
1919 3589 1944 3609 1.
1971 3579 2123 3609 Formam
2155 3579 2374 3618 absolutionis,

1310 3622 1366 3653 etsi
1390 3622 1619 3662 deprecativam
1637 3622 1723 3662 apud
1742 3622 1878 3653 Graecos
1895 3629 1926 3653 et
1948 3622 2028 3653 olim
2047 3623 2132 3663 apud
2150 3623 2291 3662 Latinos,
2308 3634 2375 3654 non

1310 3666 1482 3705 excludere,
1506 3666 1573 3696 imo
1597 3666 1756 3697 continere
1779 3666 1937 3697 actionem
1960 3667 2110 3706 ministri,
2136 3667 2243 3708 sicque
2266 3668 2306 3698 ad
2327 3667 2377 3698 in·
