2548 4192
925 269 979 306 IN
1011 269 1049 305 S.
1070 268 1311 305 THOMAM
1339 270 1663 317 AQUINATEM

194 351 311 382 dilecto
328 350 406 391 filio
423 349 534 390 fratri
562 349 700 378 Thomae
722 348 763 378 de
784 348 911 388 Aquino
938 347 1071 378 Ordinis
1093 348 1265 379 Praedica—

197 401 315 432 torum,
340 395 410 425 viro
434 394 543 433 utique
567 392 730 423 nobilitate
751 393 883 432 generis
906 398 936 422 et
959 402 1084 423 morum
1103 393 1268 423 honestate

199 440 379 479 conspicuo,
404 447 445 468 ac
467 438 654 467 thesaurum
679 436 828 467 litteralis
850 437 1003 467 scientiae
1023 446 1083 476 per
1105 438 1167 467 Dei
1189 447 1267 477 gra-

197 484 274 513 tiam
294 487 460 519 assecuto,
491 481 615 511 dederit
646 481 807 510 licentiam
839 482 871 510 in
904 481 1081 521 theologica
1104 481 1269 522 facultate

196 527 340 558 docendi.
365 525 552 556 Studiorum
569 535 662 555 cursu
678 525 711 555 in
727 524 893 555 Parisiensi
909 525 1116 556 Universitate
1133 526 1268 566 expleto,

196 571 230 601 in
254 570 376 601 Italiam
399 580 484 600 anno
514 570 591 600 1261
620 569 808 609 remigravit.
834 569 910 606 Quo
935 569 1001 599 eius
1017 570 1158 600 doctrina
1174 571 1268 601 habe-

197 621 283 645 retur
305 614 339 645 in
362 614 484 654 pretio,
508 614 599 654 plura
623 614 739 644 docent
763 613 889 654 Opera,
918 623 1000 654 quae
1023 614 1066 644 ad
1083 616 1268 655 petitionem

201 659 326 690 Urbani
334 659 388 689 IV
398 665 476 689 teste
492 658 680 690 Ptolomaeo
698 659 736 688 de
752 658 840 688 Luca
854 657 935 688 libro
952 658 1038 688 XXII
1055 659 1136 690 Hist.
1148 660 1268 697 eccles.,

199 703 300 744 capite
322 713 394 733 xxiv
418 703 630 734 elucubravit:
655 712 770 743 nempe
798 701 888 742 Opus
914 704 1100 734 continuum
1129 705 1162 733 in
1190 714 1269 744 qua—

197 753 274 778 tuor
286 748 482 788 Evangelia,
496 749 639 778 Examen
655 746 874 786 theologicum
889 746 986 777 libelli
1002 748 1040 777 ab
1056 748 1170 778 eodem
1186 749 1269 778 Pon-

196 791 279 822 tifice
294 792 393 822 oblati
410 792 532 823 Contra
548 802 677 823 errores
693 791 890 822 Graecorum
908 799 938 822 et
951 791 1102 832 Officium
1117 793 1271 833 Corporis

201 836 331 867 Christi.
355 837 417 866 Pro
441 837 532 874 zelo,
563 847 629 877 quo
654 843 780 866 sanctus
804 836 1014 876 Raymundus
1038 838 1076 867 de
1099 837 1271 867 Pennafort

195 890 419 911 saracenorum
434 888 464 911 et
478 881 655 911 infidelium
670 881 804 911 salutern
819 887 980 911 aeternam
995 881 1166 921 deperibat,
1177 881 1270 921 Opus

195 924 350 965 Aquinati
363 925 509 964 iniunxit,
519 926 612 956 Petro
629 925 769 956 Marsilio
785 924 852 955 eius
866 925 934 955 aevi
949 932 1037 963 teste,
1052 926 1141 966 quod
1158 935 1270 955 eorum

196 969 238 999 ad
257 970 498 1000 conversionem
514 970 590 1000 utile
607 969 702 1000 foret:
719 969 863 1009 illudque
882 969 1011 1009 perfecit
1027 980 1052 1000 s.
1063 970 1208 1000 Thomas
1223 971 1270 1000 in-

197 1013 369 1053 scriptum,
392 1015 444 1045 De
467 1015 601 1045 veritate
613 1014 699 1055 fidei
719 1014 903 1043 catholicae.
929 1014 1072 1044 Tantum
1095 1014 1269 1044 Ductorem

198 1057 318 1088 diutius
334 1058 496 1089 absentem
512 1068 604 1098 passa
627 1067 693 1087 non
717 1063 763 1087 est
786 1057 978 1088 Universitas
993 1057 1189 1088 Parisiensis:
1214 1058 1269 1088 ite-

197 1111 335 1142 rumque
359 1102 528 1132 docentem
551 1103 589 1132 ab
613 1111 698 1132 anno
728 1102 809 1141 1269
834 1101 875 1131 ad
902 1111 979 1143 1271
1008 1102 1116 1142 ipsum
1139 1102 1267 1134 audivit.

198 1146 324 1176 Eodem
340 1146 380 1176 ad
395 1145 493 1176 finem
507 1153 655 1185 vergente
670 1155 766 1184 anno,
785 1154 859 1175 cum
874 1145 907 1175 in
925 1146 1046 1176 ltaliam
1061 1145 1269 1185 remigrasset,

197 1189 306 1230 ipsum
320 1190 361 1220 ad
375 1190 526 1230 regendas
541 1190 677 1230 Neapoli
701 1189 824 1220 scholas
847 1189 958 1220 accivit
980 1200 1033 1220 rex
1054 1189 1189 1220 Carolus
1204 1193 1269 1221 An-

198 1234 397 1273 degavensis,
421 1235 486 1265 lato
510 1234 695 1274 diplomate.
703 1236 813 1274 prima
837 1233 1008 1264 indictione
1031 1243 1131 1264 mens.
1151 1236 1268 1266 octobr.

197 1277 358 1318 Principes
380 1278 439 1309 viri
462 1279 529 1309 Rex
552 1278 651 1319 Cypri
679 1285 710 1309 et
733 1276 905 1310 comitissa
933 1277 1117 1317 Flandriae,
1142 1280 1269 1311 Archie-

197 1322 362 1366 piscopu‘s,
376 1322 621 1354 Panormitanus
635 1345 643 1360 ,
676 1322 915 1353 archidiaconus
943 1322 1149 1353 Tridentinus
1164 1347 1173 1362 ,
1202 1325 1269 1355 Ma-

152 1380 162 1381 *
196 1366 291 1407 gisser
305 1367 467 1398 Generalis
487 1367 616 1398 Ordinis
630 1367 898 1404 Praedicatorum,
915 1373 1024 1397 cantor
1039 1367 1269 1408 Antiochenus,

196 1420 301 1442 sacrae
331 1411 510 1451 theologiae
539 1412 682 1448 lectores,
706 1411 812 1451 plures
843 1411 896 1441 alii
927 1411 1093 1442 oraculum
1123 1413 1270 1444 Thomae

197 1455 341 1495 adibant,
364 1463 401 1487 ut
422 1465 575 1496 responsa
597 1455 631 1486 in
655 1455 774 1493 dubiis,
799 1465 881 1497 quae
904 1456 1120 1495 emergebant,
1143 1465 1268 1489 contro-

196 1499 304 1530 versiis
321 1500 516 1531 obtinerent:
540 1499 681 1540 ipsisque
705 1499 825 1531 factum
841 1500 925 1538 satis,
949 1500 1080 1540 egregiis
1096 1501 1270 1542 Opusculis

198 1544 398 1575 elucubratis.
423 1545 528 1576 Sancti
543 1544 691 1575 Doctoris
715 1545 841 1575 obitum
860 1544 969 1575 litteris
984 1554 1069 1575 anno
1091 1555 1174 1587 1274
1190 1547 1270 1578 datis

194 1588 336 1620 indoluit
358 1589 552 1620 Universitas
574 1588 776 1627 Parisiensis,
806 1589 839 1619 in
867 1589 984 1629 quibus
1011 1591 1270 1629 praestantissimi

196 1632 339 1674 theologi
366 1640 535 1664 testantur:
565 1633 605 1664 ab
633 1633 770 1674 collegio
801 1643 860 1664 suo
890 1634 1077 1673 requisitum
1106 1635 1270 1666 Thomam

197 1686 283 1708 anno
312 1687 393 1719 1272
418 1684 454 1708 ut
476 1677 566 1708 tertia
588 1677 656 1708 vice
680 1677 848 1708 docentem
872 1677 1026 1715 audirent,
1044 1688 1107 1709 non
1127 1681 1271 1719 potuisse

197 1721 352 1760 obtinere,
377 1728 490 1762 utpote
513 1721 637 1752 scholas
657 1722 874 1762 neapolitanas
896 1728 1067 1761 regentem.
1093 1722 1179 1754 Cum
1194 1735 1269 1755 vero

197 1765 365 1806 degentem
379 1766 460 1797 inter
474 1766 565 1796 vivos
588 1766 702 1796 habere
725 1766 832 1807 ipsum
847 1777 914 1797 non
931 1767 1103 1806 potuerint,
1128 1768 1271 1799 eiusdem

198 1811 262 1841 iam
278 1811 424 1852 defuncti
439 1820 512 1842 ossa
525 1819 590 1851 pro
606 1811 749 1841 maximo
764 1820 899 1841 munere
914 1811 1094 1851 postulant:
1118 1814 1269 1853 quoniam

197 1857 328 1886 omnino
352 1861 399 1886 est
422 1855 572 1886 indecens
601 1859 632 1885 et
660 1854 850 1896 indignum,
880 1854 1079 1895 inquientes,
1109 1862 1144 1887 ut
1165 1858 1270 1888 altera

197 1900 286 1932 natio
301 1905 360 1930 aut
375 1900 475 1937 locus,
491 1909 588 1940 quam
607 1899 749 1929 omnium
765 1899 946 1930 studiorum
963 1900 1159 1932 nobilissima
1178 1902 1270 1932 Pari-

196 1944 312 1976 siensis
326 1945 449 1981 civitas,
466 1953 550 1984 quae
565 1945 668 1984 ipsum
679 1944 776 1984 prius
791 1944 950 1981 educavit,
968 1945 1113 1983 nutrivit,
1131 1951 1162 1976 et
1168 1946 1269 1987 fovit,

198 1993 231 2020 et
246 1988 451 2030 postmodum
471 1987 511 2018 ab
527 1988 636 2019 eodem
653 1987 820 2018 doctrinae
842 1989 1032 2019 documenta
1049 1995 1079 2020 et
1093 1990 1270 2030 ineffabilia

189 2033 342 2074 fomenta
356 2034 505 2073 suscepit,
522 2042 595 2064 ossa
612 2033 778 2064 inhumata
794 2033 910 2064 habeat
925 2038 956 2063 et
970 2034 1105 2074 sepulta.
1130 2035 1271 2066 Demum

198 2078 363 2109 humiliter
387 2078 607 2118 supplicamus
629 2076 689 2120 (ad
711 2078 867 2117 generalia
882 2077 1011 2108 Ordinis
1035 2078 1175 2110 Comitia
1198 2080 1270 2110 scri-

197 2121 332 2165 bebant)
357 2127 392 2152 ut
415 2132 486 2152 cum
511 2122 669 2163 quaedam
693 2123 831 2163 scripta,
855 2123 900 2153 ad
916 2122 1150 2163 philosophiam
1169 2125 1271 2164 perti-

197 2168 306 2198 nentia
323 2171 355 2197 et
366 2169 556 2207 spectantia,
573 2167 709 2198 Parisiis
727 2167 876 2198 inchoata
892 2167 933 2198 ab
948 2177 996 2205 eo,
1013 2169 1045 2197 in
1060 2177 1119 2198 suo
1142 2178 1269 2200 recessu

196 2211 364 2252 reliquerit
386 2211 608 2252 imperfecta...
625 2211 714 2243 nobis
736 2212 954 2243 benevolentia
972 2217 1078 2242 vestra
1094 2215 1269 2244 communi-

197 2257 268 2287 cari
276 2256 469 2297 procuretis.
485 2257 569 2287 Tam
584 2265 701 2297 magno
717 2257 833 2287 scilicet
847 2257 880 2287 in
894 2256 995 2297 pretio
1006 2256 1113 2296 Opera
1123 2257 1270 2288 Thomae

195 2300 353 2332 habebant
375 2300 515 2340 magistri
538 2301 738 2339 Parisienses,
762 2308 798 2332 ut
813 2300 954 2331 minimis
970 2301 1065 2331 etiam
1082 2311 1184 2332 carere
1200 2302 1269 2343 qui-

194 2345 332 2377 busdam
354 2345 536 2376 tractatibus
558 2356 624 2377 non
648 2353 838 2387 paterentur.
861 2346 949 2376 Haec
964 2345 1018 2375 abs
1035 2346 1196 2386 scriptore,
1213 2346 1268 2387 qui

194 2391 316 2422 variam
331 2389 478 2420 Thomae
494 2390 657 2422 fortunam
681 2397 812 2429 enarrat,
837 2391 955 2431 absque
971 2396 1048 2420 nota
1063 2391 1268 2430 praetermitti

194 2435 337 2477 potuisse
361 2434 471 2464 dixerit
494 2445 601 2466 nemo.

171 2513 174 2516 ¹
262 2479 315 2510 111.
340 2478 483 2517 Quinam
498 2479 614 2510 fuerint
630 2489 750 2518 manes,
775 2489 934 2520 quaenam
949 2477 1073 2509 sinistra
1088 2478 1162 2516 fata,
1186 2489 1268 2520 quae

195 2530 270 2566 post
296 2522 465 2565 Aquinatis
494 2525 619 2555 obitum
647 2524 731 2554 fama
759 2531 790 2555 et
817 2523 960 2554 doctrina
989 2522 1056 2554 eius
1087 2533 1178 2563 passa
1207 2521 1268 2554 sit?

198 2582 214 2598 «ι
235 2569 323 2600 Cum
344 2568 378 2598 in
399 2568 571 2599 Academia
586 2568 751 2599 Parisiensi
775 2568 904 2609 pessimi
925 2567 1045 2610 quique
1060 2578 1179 2598 errores
1195 2575 1268 2607 post

197 2625 212 2640 ι·
235 2614 383 2646 Thomae
406 2613 532 2644 obitum
548 2613 665 2645 sensim
684 2613 841 2655 pullulare
854 2613 1027 2653 inciperent
1051 2612 1172 2654 (inquit
1186 2613 1266 2642 Zor-

197 2669 212 2685 2
236 2657 341 2700 nius),
366 2658 546 2698 Stephanus
570 2658 609 2689 de
632 2658 784 2698 Tempier
807 2657 986 2698 Episcopus
1006 2656 1187 2688 Parisiensis
1211 2666 1266 2686 an-

192 2713 212 2732 .»
235 2714 280 2735 no
309 2714 391 2745 1277
417 2713 536 2735 errores
559 2713 660 2734 ccxxix
683 2702 818 2743 publicis
841 2702 950 2734 litteris
974 2701 1135 2732 damnavit
1153 2700 1220 2741 ipse
1237 2708 1268 2731 et

197 2758 212 2774 ²
235 2749 274 2780 ab
297 2749 366 2780 aliis
390 2749 588 2781 damnandos
612 2748 740 2779 curavit.
768 2746 893 2778 Rumor
915 2753 986 2777 tum
1009 2746 1115 2776 nescio
1139 2745 1210 2786 quis
1233 2745 1266 2775 in

196 2803 212 2819 ²
234 2794 350 2833 vulgus
367 2795 456 2833 exiit,
473 2794 506 2825 in
521 2794 574 2824 illa
590 2792 740 2833 Stephani
760 2791 894 2832 epistola
910 2791 1087 2821 doctrinam
1106 2790 1264 2827 Thomae,

197 2847 213 2863 ²
236 2838 302 2868 sive
325 2840 480 2871 maiorem
503 2845 625 2878 panem
649 2837 713 2868 sive
737 2836 891 2876 integram
917 2835 980 2866 fere
1003 2841 1138 2875 specteS,
1162 2834 1264 2874 tangi:

191 2891 214 2910 2
235 2882 372 2914 maxime
396 2894 471 2915 cum
493 2892 624 2920 errores,
648 2891 788 2922 quorum
812 2891 941 2911 sensum
962 2879 1266 2920 explicationemque

198 2935 214 2951 ²
235 2926 383 2958 reiecerat
405 2928 599 2968 StephanuS,
623 2927 664 2956 ad
686 2925 822 2956 litteram
845 2925 878 2955 in
901 2924 1048 2955 Thomae
1074 2923 1195 2964 scriptis
1219 2933 1266 2962 re-

198 2979 213 2994 »
236 2970 330 3011 periri
350 2973 582 3003 crederentur...
601 2971 668 3000 Iam
691 2969 786 3009 igitur
809 2969 848 2999 de
871 2969 1000 2999 Thoma
1023 2969 1154 3008 eiusque
1176 2967 1266 2998 aesti-

198 3024 214 3040 ³
237 3014 378 3045 matione
399 3017 565 3047 videbatur
587 3021 711 3045 actum:
733 3013 788 3044 sed
812 3023 886 3044 cum
910 3023 994 3043 anno
1017 3013 1096 3043 1323
1122 3012 1266 3042 Thomas

199 3069 213 3084 »
237 3069 255 3089 a
273 3059 391 3090 Ioanne
413 3060 500 3091 XXII
524 3059 558 3089 in
581 3059 770 3089 Sanctorum
794 3067 965 3088 numerum
988 3057 1214 3087 adscriberetur
1237 3063 1267 3087 et

199 3114 214 3129 »
236 3109 313 3134 tunc
326 3104 479 3145 temporis
493 3103 671 3143 Stephanus
685 3102 725 3132 de
739 3102 907 3132 Bourretto
921 3101 1100 3142 Episcopus
1115 3101 1266 3131 Parisien-

199 3159 214 3174 »
237 3147 278 3177 sis
295 3154 390 3185 esset,
414 3155 516 3188 patres
539 3145 771 3178 Pr'aedicatores
794 3156 850 3186 per
872 3156 948 3176 suos
970 3145 1120 3183 nuncios,
1136 3145 1265 3185 publico

199 3203 214 3218 »
237 3191 335 3222 totius
359 3191 488 3222 Ordinis
503 3191 552 3222 sui
569 3190 699 3221 nomine
722 3196 753 3220 et
776 3190 920 3228 consilio,
945 3200 1029 3220 anno
1052 3190 1135 3228 1324
1158 3200 1176 3219 a
1199 3189 1265 3220 Ste-

199 3248 214 3263 »
237 3236 345 3276 phano
369 3235 618 3276 conceptissimis
641 3233 743 3264 verbis
766 3234 943 3275 petierunt,
972 3241 1008 3264 ut
1030 3233 1188 3274 praedicta
1211 3243 1265 3263 an-

199 3292 214 3307 »
236 3280 399 3310 tecessoris
432 3280 650 3316 anathemata,
678 3287 760 3318 quae
790 3279 841 3309 vel
868 3278 1038 3318 tangebant
1065 3278 1116 3307 vel
1139 3284 1265 3317 tangere

198 3337 214 3352 »
236 3324 348 3355 saltem
360 3325 547 3355 videbantur
561 3322 738 3354 doctrinam
751 3323 899 3354 Thomae
914 3322 953 3352 de
967 3321 1109 3362 Aquino,
1125 3331 1142 3351 e
1158 3322 1264 3352 medio

197 3380 212 3395 ι»
235 3369 368 3399 tolleret.
391 3370 503 3409 Neque
517 3378 592 3399 vero
613 3365 724 3398 abnuit
746 3367 924 3408 Stephanus
944 3366 983 3395 de
1002 3365 1186 3395 Bourretto:
1211 3367 1265 3396 sed

199 3425 214 3440 »
236 3413 344 3444 relicto
372 3413 517 3454 precibus
545 3412 640 3450 loco,
670 3410 874 3442 antecessoris
902 3409 1265 3440 excommunicationem

198 3468 214 3484 ²
236 3468 293 3498 per
315 3457 431 3488 litteras
455 3456 632 3487 obliteravit
654 3464 793 3495 prorsus.
807 3467 822 3482 ι
855 3453 1027 3483 Imminuta
1050 3459 1124 3483 sunt
1146 3453 1263 3493 aliqua,

196 3501 257 3532 alia
272 3502 366 3533 falsa:
379 3512 415 3532 ac
425 3502 473 3532 his
485 3501 567 3531 mala
581 3500 658 3530 fides
673 3499 826 3532 immixta.
837 3498 994 3528 Dicuntur
1003 3497 1135 3536 pessimi
1147 3499 1264 3538 quique

197 3555 326 3577 errores
350 3552 426 3587 post
453 3547 591 3576 Thomae
616 3544 734 3577 obitum
762 3544 879 3574 sensim
904 3541 1072 3582 pullulare
1100 3542 1261 3581 incepisse.

195 3590 429 3621 Gratulandum
451 3590 613 3631 Aquinati,
637 3591 693 3630 qui
716 3597 783 3621 tam
804 3586 947 3617 validum
962 3586 1047 3616 hisce
1063 3586 1262 3624 commentis,

195 3635 275 3666 dum
298 3635 421 3666 scholas
444 3635 568 3666 Parisiis
597 3642 733 3674 regeret,
762 3641 855 3664 sanae
884 3630 1044 3661 doctrinae
1071 3630 1263 3670 praesidium

339 3696 409 3729 Opp.
429 3696 460 3720 D.
479 3696 593 3720 ΤΗΟΜΛΕ
613 3695 644 3720 Τ.
664 3696 682 3720 Ι.

2302 287 2394 312 CCCV

1325 351 1522 390 opposuerit,
1548 358 1583 382 ut
1606 351 1734 382 nonnisi
1752 357 1828 392 post
1851 352 1919 381 eius
1943 351 2060 381 obitum
2085 351 2240 391 pullulare
2256 352 2324 393 ipsa
2346 354 2395 384 in-

1327 394 1475 434 ceperint.
1499 396 1625 426 Rumor
1643 401 1749 426 tamen
1765 397 1870 426 nescio
1894 397 1966 436 quis
1989 397 2021 426 in
2046 396 2165 437 vulgus
2179 398 2266 434 exiit,
2284 399 2316 427 in
2332 400 2395 438 epi-

1325 439 1407 469 stola
1423 440 1587 480 Stephani,
1612 450 1694 481 quae
1711 440 1863 480 plurimas
1887 440 2078 470 anathemati
2095 440 2266 471 subiecerat
2281 442 2395 480 theses,

1325 483 1506 514 doctrinam
1537 485 1675 515 Thomae
1698 485 1808 525 tangi:
1836 491 1867 514 at
1894 485 2020 515 rumori
2043 486 2148 515 nescio
2177 486 2230 515 cui
2257 487 2397 524 prudens

1326 537 1422 558 nemo
1446 527 1542 558 fidem
1566 529 1721 559 adhibeat.
1746 529 1805 559 Par
1829 535 1903 566 erat,
1928 535 1964 559 ut
1985 538 2043 568 pro
2068 539 2199 559 munere
2218 529 2276 559 sibi
2292 529 2396 570 impo-

1326 571 1387 601 sito
1410 571 1527 602 litteras
1550 573 1706 603 Antistitis
1729 573 1911 603 Parisiensis
1935 573 2033 603 adiret
2054 573 2208 611 Zornius,
2232 573 2396 615 ipsiusque

1326 623 1466 646 mentem
1488 614 1723 658 vanitatemque
1746 618 1887 648 rumoris
1910 617 2090 648 addisceret.
2125 618 2213 648 Haec
2241 617 2326 648 enim
2350 619 2395 648 di-

1326 660 1493 691 sertissime
1517 661 1630 701 scripta
1653 662 1819 701 leguntur:
1844 662 2047 702 Magnarum
2068 667 2098 692 et
2112 663 2264 702 gravium
2282 672 2395 702 perso-

1327 714 1443 734 narum
1473 706 1606 743 crebra,
1637 707 1766 747 zeloque
1783 706 1868 747 fidei
1891 715 2026 736 accensa
2055 707 2231 736 insinuavit
2258 707 2394 745 relatio,

1326 749 1411 788 quod
1427 750 1576 779 nonnulli
1593 750 1728 780 Parisiis
1742 750 1905 780 studentes
1921 751 1953 780 in
1970 750 2104 787 artibus,
2117 751 2273 790 propriae
2280 751 2395 792 facul-

1327 794 1401 823 tatis
1424 793 1540 824 limites
1563 794 1811 831 trascendentes,
1836 794 1989 834 quosdam
2014 794 2202 836 manifestos
2218 800 2249 825 et
2264 805 2395 826 execra-

1326 837 1404 867 biles
1427 847 1574 875 errores,
1605 839 1668 868 imo
1685 839 1796 878 potius
1819 839 1976 869 vanitates
1999 844 2030 869 et
2053 840 2197 870 insanias
2211 839 2393 879 falsas....

1325 882 1419 921 quasi
1441 881 1630 912 dubitabiles
1657 883 1690 912 in
1718 883 1835 913 scholis
1858 887 2000 913 tractare
2023 888 2053 913 et
2075 883 2240 923 disputare
2258 894 2395 924 praesu-

1326 930 1427 955 munt.
1453 927 1506 955 An
1530 926 1674 956 Thomas
1698 926 1807 963 fuerit,
1838 926 1893 966 qui
1916 926 1996 956 inter
2018 927 2153 958 Parisiis
2174 928 2338 959 studentes
2361 930 2394 959 in

1326 969 1450 1000 artibus
1468 970 1627 1000 numerari
1651 968 1782 1000 debeat?
1805 972 1856 1000 An
1872 970 1935 1008 ille,
1960 971 2015 1010 qui
2032 981 2106 1001 cum
2121 982 2220 1002 sacras
2237 973 2394 1003 doctrinas

1326 1013 1486 1044 tradiderit
1509 1023 1525 1043 e
1545 1020 1693 1053 suggestu
1718 1024 1753 1044 ac
1777 1014 1921 1054 plurimis
1943 1015 2031 1045 editis
2048 1015 2206 1055 Operibus
2221 1016 2393 1048 illustrave-

1325 1057 1374 1094 rit,
1392 1059 1550 1097 propriae
1572 1058 1781 1088 nihilominus
1794 1058 1971 1099 facultatis
1994 1060 2108 1090 limites
2127 1059 2319 1091 excesserit?
2342 1064 2394 1092 An

1325 1101 1377 1131 ille
1401 1101 1533 1132 demum
1552 1102 1742 1143 manifestos
1765 1108 1796 1133 et
1818 1103 2014 1133 execrabiles
2036 1113 2174 1141 errores,
2193 1099 2350 1136 vanitates
2364 1112 2395 1137 et

1326 1146 1472 1176 insanias
1485 1145 1598 1186 falsas
1614 1145 1774 1184 invexerit,
1799 1157 1817 1176 a
1840 1157 1906 1187 quo
1931 1157 1963 1176 se
1979 1147 2144 1178 doctrinae
2158 1148 2347 1180 documenta
2364 1156 2395 1181 et

1326 1188 1503 1228 ineffabilia
1516 1189 1670 1230 fomenta
1692 1192 1887 1230 suscepisse,
1917 1190 2036 1230 integra
2065 1198 2095 1222 et
2117 1199 2202 1231 grata
2230 1193 2395 1233 profitetur

1326 1233 1519 1264 Universitas
1542 1232 1745 1264 Parisiensis?
1774 1235 1861 1265 Haec
1887 1235 2036 1275 Stephani
2065 1237 2159 1266 verba
2186 1237 2393 1268 luculentissi-

1326 1287 1417 1308 mum
1441 1278 1607 1318 perhibent
1628 1278 1776 1309 innoxiae
1799 1289 1816 1309 a
1839 1279 1967 1309 Thoma
1991 1280 2120 1310 traditae
2137 1281 2294 1312 doctrinae
2310 1283 2394 1313 testi-

1326 1322 1483 1353 monium.
1515 1325 1567 1353 An
1591 1322 1741 1354 obieceris
1772 1333 1847 1354 cum
1876 1324 1969 1354 Petro
2000 1324 2039 1354 de
2068 1325 2149 1354 Alva
2180 1332 2210 1355 et
2239 1328 2394 1366 Astorga,

1325 1366 1450 1397 theseos
1474 1367 1657 1405 damnatae,
1682 1367 1720 1398 de
1744 1368 1843 1398 modo
1868 1367 2056 1398 differentiae
2080 1368 2159 1398 inter
2182 1371 2322 1408 Angelos
2345 1371 2392 1401 in-

1325 1411 1520 1449 tercedentis,
1545 1418 1707 1442 auctorem
1723 1411 1838 1442 alicubi
1862 1412 2022 1442 enunciari
2044 1413 2194 1443 Fratrem
2217 1415 2396 1446 Yhomam?

1325 1457 1368 1486 At
1395 1465 1509 1486 manus
1541 1456 1781 1496 interpolatricis
1814 1456 1979 1487 audaciam
2011 1463 2042 1487 et
2070 1457 2214 1487 fraudem
2247 1458 2397 1490 evincunt

1325 1499 1407 1530 edita
1430 1500 1522 1540 plura
1549 1501 1687 1531 thesium
1715 1501 1936 1531 damnatarum
1960 1501 2102 1541 exempla
2130 1511 2165 1532 ac
2189 1503 2393 1543 manuscripti

1325 1544 1491 1574 Sorbonici
1515 1545 1639 1575 codices
1663 1555 1681 1575 a
1705 1545 1822 1576 Carolo
1846 1545 2011 1585 Duplessis
2041 1546 2225 1585 d'Argentre
2254 1547 2337 1577 allati
2361 1547 2394 1578 in

1325 1588 1522 1619 Collectione
1538 1589 1730 1620 iudiciorum
1753 1590 1791 1620 de
1810 1589 1902 1619 novis
1926 1590 2094 1628 erroribus,
2117 1590 2151 1620 in
2169 1590 2285 1631 quibus
2301 1592 2395 1622 verba

1324 1632 1378 1663 illa
1401 1633 1625 1664 desiderantur.

1392 1678 1518 1708 Rumor
1541 1685 1679 1709 attamen
1698 1678 1804 1708 nescio
1821 1678 1892 1718 quis
1908 1678 1942 1708 in
1957 1678 2072 1718 vulgus
2089 1678 2172 1716 exiit,
2197 1680 2229 1709 in
2254 1680 2310 1710 illa
2327 1680 2394 1710 Ste-

1319 1721 1579 1762 phaniepistola
1603 1723 1782 1753 doctrinam
1812 1723 1965 1760 Thomae,
1996 1724 2064 1753 sive
2086 1724 2239 1753 maiorem
2262 1729 2391 1763 partem

1324 1766 1391 1797 Sive
1414 1767 1575 1808 integram
1590 1766 1670 1807 sere
1692 1772 1830 1807 spectes,
1855 1768 1957 1807 tangi.
1982 1767 2095 1798 Aiebat
2117 1768 2227 1798 Petrus
2251 1768 2289 1798 de
2315 1769 2395 1799 Alva

1325 1809 1505 1841 doctrinam
1528 1811 1595 1842 divi
1616 1812 1754 1842 Thomae
1769 1811 1878 1852 fuisse
1902 1812 2102 1842 interdictam
2119 1812 2226 1852 quoad
2240 1812 2393 1844 ducentos

1326 1856 1443 1896 viginti
1457 1855 1538 1886 duos
1553 1856 1726 1886 articulos:
1749 1856 1863 1886 buccas
1886 1865 2033 1896 rumpere
2051 1856 2175 1886 videtur
2189 1856 2298 1887 Petrus
2318 1857 2394 1887 Zor-

1326 1899 1415 1938 nius,
1439 1901 1593 1930 maiorem
1618 1900 1778 1930 doctrinae
1801 1899 1948 1930 Thomae
1966 1905 2110 1940 partem,
2142 1901 2209 1931 sive
2232 1902 2393 1942 integram

1319 1944 1415 1985 fere,
1440 1944 1474 1974 in
1497 1945 1608 1975 eadem
1632 1944 1764 1985 epistola
1788 1949 1904 1975 tactam
1929 1944 2082 1975 effutiens.
2111 1945 2257 1974 Thomae
2281 1945 2394 1976 doctri-

1326 1998 1421 2027 nam,
1451 1999 1549 2029 quam
1573 1989 1755 2019 damnatam
1778 1988 1836 2026 ait,
1860 1988 1904 2019 ad
1925 1989 2080 2019 articulos
2102 1989 2255 2019 ducentos
2279 1991 2395 2030 viginti

1325 2033 1406 2064 duos
1421 2033 1533 2073 redigit
1547 2033 1614 2064 ille:
1633 2035 1793 2074 integram
1800 2033 1891 2074 fere,
1909 2033 2066 2063 aThoma
2079 2033 2225 2063 traditam
2239 2033 2271 2063 in
2283 2033 2394 2073 Operi-

1325 2078 1385 2108 bus
1400 2077 1465 2108 suis
1481 2078 1668 2116 doctrinam,
1683 2077 1874 2108 anathemati
1890 2077 2063 2108 subiectam
2078 2077 2170 2107 refert
2187 2077 2254 2108 iste.
2270 2078 2394 2118 Nempe

1325 2122 1403 2153 illud
1419 2122 1579 2161 insanum,
1594 2122 1734 2153 insanius
1749 2122 1852 2152 istud:
1877 2132 1913 2152 ac
1929 2123 2058 2159 mirum,
2075 2122 2230 2162 quomodo
2245 2122 2295 2152 vel
2310 2122 2393 2152 Petri

1326 2167 1365 2197 de
1387 2167 1469 2197 Alva
1495 2167 1546 2197 vel
1575 2167 1657 2197 Petri
1680 2166 1788 2197 Zornii
1811 2167 1946 2197 assertio
1970 2164 2024 2208 (ut
2046 2166 2147 2196 verbis
2168 2172 2236 2196 utar
2251 2165 2391 2208 Oudini)

1326 2212 1358 2241 in
1379 2216 1514 2241 mentem
1538 2212 1662 2242 honesti
1683 2211 1821 2241 hominis
1843 2210 1973 2251 ingredi
1995 2215 2091 2250 atque
2110 2220 2127 2240 e
2149 2210 2263 2250 lingua
2280 2211 2393 2251 egredi

1318 2255 1484 2296 potuerit!
1503 2256 1563 2286 Sed
1578 2255 1710 2295 vestigia
1724 2255 1812 2285 ducis
1832 2254 1881 2285 sui
1897 2264 2031 2295 sequens
2050 2254 2150 2284 homo
2165 2254 2391 2285 heterodoxus:

1325 2301 1482 2338 Maxime,
1507 2300 1621 2341 inquit,
1646 2310 1717 2330 cum
1742 2309 1880 2336 errores,
1905 2308 2041 2339 quorum
2065 2308 2192 2329 sensum
2210 2299 2393 2338 explicatio-

1326 2354 1459 2385 nemque
1474 2346 1629 2375 reiecerat
1643 2344 1834 2384 Stephanus,
1850 2343 1894 2373 ad
1908 2343 2046 2373 litteram
2062 2343 2094 2373 in
2115 2343 2254 2373 Thomae
2267 2344 2394 2383 scriptis

1325 2389 1464 2429 reperiri
1479 2389 1698 2419 crederentur.
1724 2388 1805 2418 Sunt
1820 2388 1944 2428 aliquae
1967 2387 2081 2425 theses,
2105 2386 2221 2427 quibus
2244 2387 2325 2417 inest
2340 2388 2393 2417 ad—

1324 2434 1431 2464 iuncta
1457 2433 1544 2474 pravi
1569 2443 1678 2464 sensus
1702 2432 1841 2463 damnati
1865 2442 1900 2462 ac
1923 2431 2000 2461 boni
2024 2438 2055 2461 et
2077 2431 2197 2461 innoxii
2217 2431 2392 2471 explicatio.

1325 2478 1392 2509 Cur
1422 2479 1503 2509 hanc
1536 2478 1778 2518 explicationem
1808 2486 1829 2507 a
1857 2476 2018 2516 Stephano
2048 2477 2198 2506 reiectam
2232 2474 2394 2515 imponis?

1324 2523 1393 2553 Imo
1418 2522 1557 2554 thesium
1581 2522 1801 2552 damnatarum
1825 2520 1974 2551 collector
2001 2519 2242 2560 explicationem
2258 2520 2392 2558 addidit,
2412 2546 2414 2548 ,

1323 2574 1359 2597 ut
1382 2567 1533 2608 Stephani
1557 2576 1647 2596 mens
1670 2566 1703 2596 in
1727 2575 1764 2596 ea
1787 2574 1918 2596 censura
1945 2564 2169 2602 innotesceret,
2194 2564 2302 2604 Sylvio
2326 2564 2392 2594 ani-

1323 2611 1535 2642 madvertente
1558 2611 1591 2641 in
1615 2610 1768 2641 Oratione
1791 2608 1987 2650 apologetica
2010 2618 2069 2649 pro
2093 2619 2117 2639 s.
2145 2608 2274 2638 Thoma
2291 2609 2391 2648 Aqui-

1322 2663 1404 2687 nate.
1436 2656 1535 2694 Quod
1557 2655 1583 2685 si
1607 2655 1783 2685 doctrinam
1812 2654 1960 2684 Thomae
1990 2652 2183 2682 damnaverit
2213 2652 2390 2692 Stephanus

1321 2706 1380 2731 aut
1411 2702 1572 2742 integram
1587 2699 1666 2741 sere
1696 2706 1751 2730 aut
1772 2708 1835 2739 quo
1858 2698 1901 2728 ad
1923 2698 2078 2728 articulos
2100 2697 2253 2727 ducentos
2276 2698 2391 2737 viginti

1321 2745 1424 2783 duos;
1446 2745 1487 2775 ad
1502 2745 1637 2775 litteram
1661 2754 1735 2784 ergo
1752 2742 1905 2783 prostabit
1927 2742 1960 2771 in
1984 2741 2051 2772 eius
2067 2741 2225 2781 Operibus
2242 2740 2390 2771 articulus

1321 2789 1459 2829 primus,
1479 2789 1574 2826 Quod
1595 2789 1686 2819 Deus
1709 2798 1772 2818 non
1797 2793 1844 2817 est
1866 2787 1972 2817 trinus
1994 2791 2025 2816 et
2047 2793 2150 2815 unus:
2166 2795 2200 2815 ac
2221 2785 2389 2823 secundus,

1325 2834 1420 2871 Quod
1441 2834 1532 2864 Deus
1556 2843 1618 2863 non
1642 2837 1748 2873 potest
1769 2840 1931 2872 generare
1958 2830 2018 2860 sibi
2039 2830 2193 2860 similem:
2217 2835 2247 2859 et
2269 2829 2389 2867 tertius,

1325 2878 1421 2915 Quod
1433 2879 1524 2909 Deus
1540 2888 1603 2908 non
1620 2878 1783 2918 cognoscit
1797 2876 1864 2906 alia
1880 2885 1900 2905 a
1919 2882 1972 2905 se:
1988 2881 2018 2904 et
2036 2880 2176 2914 quartuS,
2201 2873 2294 2910 Quod
2309 2874 2389 2903 nihil

1322 2928 1369 2953 est
1384 2928 1550 2953 aeternum
1575 2933 1595 2952 a
1614 2926 1711 2962 parte
1723 2921 1818 2962 finis,
1834 2919 1918 2960 quod
1934 2929 1996 2949 non
2013 2919 2054 2948 sit
2070 2923 2236 2948 aeternum
2252 2927 2272 2946 a
2290 2922 2389 2956 parte

1316 2968 1490 3008 principii:
1506 2974 1536 2997 et
1551 2967 1693 3007 quintus,
1713 2965 1808 3002 Quod
1823 2964 1929 2994 omnia
1944 2967 2106 3002 separata,
2127 2967 2296 3002 coaeterna
2312 2966 2388 2991 sunt

1316 3013 1426 3052 primo
1444 3012 1606 3051 principio
1636 3017 1666 3041 et
1690 3009 1807 3040 similes
1831 3008 1883 3038 alii
1906 3006 2120 3047 quamplures·
2151 3005 2254 3035 Insani
2278 3005 2387 3045 capitis

1321 3056 1398 3086 haec
1421 3063 1495 3086 sunt
1519 3055 1636 3086 deliria.

1387 3101 1583 3137 Rumorem,
1615 3099 1671 3139 qui
1699 3104 1806 3128 contra
1834 3096 1980 3126 Thomae
2009 3093 2184 3124 doctrinam
2211 3093 2245 3122 in
2272 3093 2387 3132 vulgus

1321 3144 1404 3181 exiit,
1428 3144 1521 3174 refert
1543 3143 1688 3174 Zornius.
1714 3142 1780 3173 Cur
1803 3140 1926 3171 silentio
1951 3138 2095 3178 praeterit
2118 3137 2254 3167 rumoris
2277 3144 2386 3167 aucto-

1321 3186 1393 3218 res?
1421 3189 1488 3219 Cur
1511 3187 1711 3227 gravissimos
1735 3186 1881 3215 Thomae
1905 3182 2096 3223 apologistas
2120 3192 2186 3211 non
2209 3178 2386 3211 memorat?

1321 3233 1407 3262 Haec
1427 3233 1536 3273 utique
1553 3232 1592 3261 ad
1607 3231 1727 3260 variam
1750 3229 1817 3260 eius
1841 3228 2012 3263 fortunam,
2037 3226 2063 3255 si
2086 3236 2150 3266 qua
2166 3225 2234 3262 fuit,
2252 3225 2385 3254 omnino

1320 3276 1485 3316 pertinent.
1518 3277 1643 3315 Ignorat
1673 3283 1788 3310 nemo,
1822 3271 1958 3302 rumoris
1988 3269 2195 3310 praecipuum
2225 3276 2386 3298 auctorem

1321 3320 1420 3350 fuisse·
1435 3320 1646 3350 Guillelmum
1669 3319 1702 3348 la
1719 3319 1825 3354 Mare,
1850 3316 1901 3346 vel
1916 3316 1955 3346 de
1970 3316 2076 3350 Mare,
2102 3323 2157 3343 seu
2173 3313 2213 3343 de
2229 3313 2261 3342 la
2277 3313 2384 3349 Mare,

1320 3374 1418 3405 quem
1440 3364 1630 3402 Wadingus,
1647 3361 1762 3392 nobilis
1785 3360 1959 3390 Annalium
1982 3357 2110 3389 Ordinis
2129 3357 2291 3387 Minorum
2315 3356 2386 3386 scri-

1319 3416 1402 3449 ptor,
1426 3408 1466 3438 ad
1489 3417 1610 3437 annum
1639 3416 1731 3446 1290,
1756 3414 1844 3435 num.
1871 3404 1908 3433 18
1931 3410 2023 3433 vocat
2045 3402 2164 3432 serium
2185 3401 2279 3430 nimis
2295 3400 2386 3429 inda-

1318 3458 1464 3494 gatorem
1483 3461 1604 3487 eorum,
1623 3459 1705 3490 quae
1727 3449 1862 3479 obiicere
1880 3452 1988 3488 posset
2004 3452 2115 3477 contra
2138 3450 2283 3475 sanctum
2306 3444 2386 3474 7710-

1319 3507 1414 3527 mam.
1441 3496 1573 3525 Librum
1597 3494 1692 3523 edidit
1715 3502 1799 3522 anno
1822 3492 1904 3530 1284
1922 3491 2119 3530 inscriptum,
2147 3489 2384 3519 Correctorium

1313 3541 1435 3581 fratris
1468 3540 1623 3569 Thomae:
1646 3537 1696 3568 cui
1727 3536 1793 3566 sine
1822 3546 1912 3566 mora
1935 3534 2134 3575 apologiam,
2158 3543 2256 3573 quam
2278 3531 2385 3562 inscri-

1318 3595 1406 3625 psere
1437 3582 1674 3614 Correctorium
1699 3581 1893 3621 corruptorii
1905 3579 2031 3620 fratris
2059 3579 2206 3614 Thomae,
2225 3586 2384 3616 opposue-

1318 3636 1392 3660 mnt
1414 3627 1561 3668 intrepidi
1584 3626 1733 3663 vindices,
1755 3624 1928 3655 Richardus
1952 3622 2085 3663 Clapoel
2104 3622 2227 3661 anglus,
2252 3622 2384 3651 Ioannes

2209 3683 2240 3716 39
