2788 4204
144 341 160 358 α

45 442 54 451 ·
64 440 139 463 Codd.
146 441 202 466 (exc.
209 440 259 465 mn:

45 468 82 489 ita
97 467 135 488 sit.

147 546 162 579 β

52 767 63 777 ¹'
72 766 134 788 Lect.
150 772 203 787 xxv.

151 823 167 848 t

47 1028 56 1036 ⁴
67 1028 135 1056 Quod
144 1035 171 1050 ex
182 1029 259 1055 codd.,

47 1061 95 1076 exc.
111 1061 132 1076 n.

44 1294 55 1303 ⁴¹
64 1299 149 1315 mun:
169 1293 257 1325 accipi-

44 1321 97 1344 tur,-
109 1326 135 1341 οι
146 1320 258 1347 accipit...

42 1352 63 1367 L:
71 1348 109 1367 est
116 1348 201 1373 tamen,
209 1353 257 1368 om.

43 1378 92 1394 cum
109 1376 130 1394 et
145 1379 194 1400 seq.
205 1373 243 1394 sit.

44 1400 52 1408 ·
59 1405 80 1420 1³:
89 1401 126 1420 est
132 1399 257 1421 scientia...

42 1431 57 1446 ι.
71 1432 118 1447 om.
138 1426 177 1447 sit.

141 1453 154 1462 ·.

141 1461 154 1478 0

47 1564 53 1571 ·
66 1562 195 1584 Codd.-r:
210 1564 239 1584 et.

44 1618 53 1628 ¹·
60 1622 116 1637 AlLs:
128 1617 260 1637 converten-

45 1643 86 1664 tia.
94 1654 109 1658 -
116 1643 151 1664 Cf.
166 1646 222 1664 text.

146 1679 157 1695 Ε

147 1718 161 1747 ζ

48 1773 57 1783 ’
67 1778 94 1793 u:
109 1771 181 1793 aliter
191 1771 259 1792 enim.

46 1884 55 1894 “
65 1888 198 1904 ABERlLons:
214 1888 259 1904 au-

50 1911 116 1930 tem.-
126 1909 163 1930 Cf.
171 1912 227 1930 text.

45 1936 56 1946 '³
66 1942 91 1956 s:
108 1935 260 1963 praedicabi-

45 1962 108 1984 lium.

288 244 363 280 230

282 323 420 373 primis
440 331 476 360 et
495 322 716 359 immediatis
731 328 759 359 α.
791 321 908 368 Quod
928 319 1211 367 intelligendum
1233 326 1289 355 est
1308 318 1355 355 de

291 376 614 414 demonstratione
636 381 794 423 propter
826 375 924 423 quid.
963 373 1039 410 Sed
1073 380 1202 408 tamen
1232 371 1358 408 differt

290 430 384 467 scire
413 430 500 478 quia
521 429 570 465 ita
590 434 652 474 est,
675 436 711 465 et
723 433 881 476 propter
900 427 990 475 quid
1007 426 1057 461 ita
1078 431 1131 461 est
1143 426 1175 462 *.
1198 426 1247 461 Et
1267 437 1355 461 cum

290 482 562 521 demonstratio
588 481 633 518 sit
661 481 902 529 syllogismus
930 478 1070 515 faciens
1099 477 1206 525 scire,
1231 486 1274 515 ut
1302 478 1356 516 di-

291 544 394 573 ctum
415 544 480 582 est,
505 542 654 583 oportet
675 534 787 570 etiarn
802 531 820 561 β
840 532 944 580 quod
961 531 1235 568 demonstratio
1257 544 1355 580 quae

289 590 376 626 facit
404 589 498 626 scire
527 588 635 636 quia,
671 586 818 623 differat
847 598 868 621 a
898 585 1223 622 demonstratione
1257 597 1355 634 quae

290 642 376 679 facit
403 642 496 678 scire
527 645 685 689 propter
721 638 819 687 quid.
842 639 891 674 Et
909 639 1049 674 horum
1070 637 1227 686 quidem
1248 638 1356 675 diffe-

290 695 408 733 rentia
434 694 559 743 primo
589 691 866 729 consideranda
885 699 941 728 est
959 691 998 727 in
1018 691 1156 728 eadem
1181 691 1354 738 scientia;

288 756 421 798 postea
452 748 471 768 ’¹‘
499 744 774 783 consideranda
803 752 858 781 est
885 744 923 781 in
953 744 1123 781 diversis.

345 802 378 838 3.
414 801 455 836 In
489 811 566 835 una
602 806 730 835 autem
765 798 919 835 scientia
958 797 1156 846 dupliciter
1194 797 1319 835 differt
1341 803 1356 825 ⁷

288 862 492 901 utrumque
515 851 811 901 praedictorum,
834 851 1047 888 secundum
1070 851 1147 888 duo
1181 864 1278 900 quae
1300 864 1356 888 re-

290 906 533 956 quirebantur
552 905 601 942 ad
621 905 988 942 demonstrationem
1009 905 1239 953 simpliciter,
1257 917 1356 954 quae

288 959 374 997 facit
392 959 486 995 scire
499 964 658 1007 propter
676 959 783 1007 quid;
803 958 943 995 scilicet
962 958 1068 1007 quod
1088 958 1134 995 sit
1153 970 1203 995 ex
1221 959 1355 1006 causis,

288 1021 324 1050 et
358 1012 462 1061 quod
485 1012 506 1032 *
534 1011 580 1048 sit
616 1024 666 1049 ex
699 1012 932 1050 immediatis.
971 1013 1058 1049 Uno
1092 1011 1203 1060 igitur
1235 1012 1354 1050 modo

288 1066 412 1103 differt
439 1064 534 1102 scire
562 1066 650 1113 quia
693 1066 746 1102 ab
769 1066 845 1102 hoc
873 1065 979 1114 quod
1003 1073 1059 1102 est
1082 1065 1177 1102 scire
1198 1072 1358 1114 propter

287 1119 392 1168 quid;
421 1118 509 1167 quia
537 1118 631 1155 scire
661 1119 749 1167 quia
779 1126 835 1155 est
867 1119 897 1155 si
917 1131 996 1156 non
1019 1119 1087 1155 fiat
1114 1119 1355 1167 syllogismus

287 1171 607 1209 demonstrativus
626 1185 694 1221 per
713 1184 792 1209 non
815 1172 1001 1219 medium,
1022 1171 1119 1209 idest
1136 1185 1207 1221 per
1226 1173 1355 1210 imme-

286 1226 440 1271 diatum,
461 1225 529 1262 sed
556 1225 623 1262 fiat
650 1238 719 1275 per
739 1225 913 1262 mediata.
945 1225 1008 1262 Sic
1033 1225 1136 1262 enim
1160 1238 1240 1263 non
1259 1226 1355 1263 acci-

285 1278 409 1328 pietur
426 1279 447 1300 *
472 1278 598 1327 prima
627 1291 751 1326 causa,
783 1291 872 1316 cum
901 1286 1031 1316 tamen
1059 1279 1226 1326 scientia,
1256 1292 1355 1328 quae

287 1339 342 1369 est
363 1333 383 1353 '¹‘
403 1338 562 1381 propter
580 1333 679 1381 quid,
700 1332 746 1369 sit
765 1332 979 1370 secundum
998 1332 1165 1381 primam
1186 1345 1353 1370 causam.

287 1386 336 1422 Et
363 1385 413 1422 ita
441 1398 520 1422 non
549 1386 617 1422 erit
645 1386 799 1423 scientia
820 1391 980 1434 propter
1007 1386 1107 1434 quid.

339 1450 376 1485 4.
407 1439 493 1475 Alio
528 1439 647 1476 modo
675 1439 873 1485 differunt,
908 1438 998 1488 quia
1026 1436 1040 1460 δ
1060 1439 1154 1476 scire
1183 1439 1271 1487 quia
1301 1446 1357 1476 est

287 1492 442 1540 quando
471 1493 514 1529 fit
541 1493 782 1541 syllogismus
810 1504 890 1530 non
923 1491 1079 1541 quidem
1107 1504 1178 1541 per
1209 1491 1354 1540 media,

286 1545 384 1582 idest
405 1558 475 1594 per
503 1546 679 1593 mediata,
706 1546 774 1583 sed
801 1558 871 1595 per
894 1545 1128 1593 immediata,
1149 1544 1250 1582 sed*
1278 1558 1357 1582 non

286 1599 330 1636 fit
356 1611 426 1647 per
454 1612 627 1636 causam:
658 1599 727 1637 sed
754 1600 797 1636 fit
820 1612 889 1648 per
915 1598 1216 1637 convertentiam
1239 1599 1275 1646 *‚
1301 1599 1356 1636 id-

288 1659 344 1689 est
366 1665 436 1700 per
464 1653 621 1690 effectus
646 1653 913 1690 convertibiles
936 1658 948 1673 ¹
972 1660 1009 1689 et
1031 1652 1286 1690 immediatos.
1309 1653 1358 1689 Et

287 1705 446 1742 tameng
470 1706 551 1743 talis
581 1706 855 1743 demonstratio
884 1706 928 1743 fit
948 1718 1023 1755 per
1050 1706 1189 1751 notius,
1219 1705 1359 1742 scilicet

288 1758 416 1795 nobis:
447 1759 538 1796 alias
552 1760 573 1781 *
592 1772 669 1797 non
690 1761 830 1797 faceret
849 1759 956 1797 scire.
987 1760 1079 1796 Non
1099 1759 1203 1796 enim
1221 1771 1357 1808 perve-

287 1811 414 1849 nimus
434 1812 483 1849 ad
503 1813 760 1861 cognitionem
789 1813 917 1861 ignoti,
939 1812 1009 1850 nisi
1028 1825 1098 1862 per
1117 1812 1259 1862 aliquid
1278 1825 1358 1849 ma-

288 1865 342 1913 gis
372 1874 519 1904 notum.
549 1866 654 1904 Nihil
675 1867 778 1904 enim
797 1868 818 1888 *
844 1866 1023 1916 prohibet
1043 1866 1210 1904 duorum
1235 1878 1358 1916 aeque

288 1919 589 1968 praedicantium
613 1921 648 1967 ³¹³,
686 1921 784 1958 idest
821 1919 1148 1967 convertibilium,
1192 1932 1359 1969 quorum

288 1985 410 2010 unum
440 1973 485 2010 sit
514 1986 640 2021 causa,
671 1981 708 2011 et
736 1974 839 2011 aliud
859 1973 1028 2021 effectus,
1045 1973 1171 2010 notius
1191 1985 1275 2010 esse
1295 1973 1359 2010 ali-

289 2026 444 2075 quando
474 2040 552 2064 non
582 2040 755 2076 causam,
786 2027 854 2064 sed
883 2027 1003 2075 magis
1032 2027 1225 2064 effectum.
1255 2027 1359 2063 Nam

342 2198 370 2231 α)
386 2199 421 2224 Et
429 2198 528 2230 primis
541 2201 568 2222 et
582 2196 824 2222 immediatis.—Est
833 2197 908 2221 lectio
928 2197 1003 2222 codd.
1017 2197 1358 2228 ABCDEHKLNOQRST;

288 2235 322 2260 P:
330 2234 454 2267 procedit
463 2241 501 2259 ex
509 2233 608 2265 primis
613 2239 622 2262 ;
636 2232 673 2257 G:
684 2232 818 2264 procedit,
829 2232 929 2264 primis
934 2239 943 2261 ,·
956 2231 992 2257 K:
999 2233 1133 2264 procedat
1137 2240 1147 2262 ,¹
1156 2233 1195 2257 M:
1210 2236 1236 2258 et
1250 2241 1288 2258 ex
1297 2233 1358 2265 pri-

288 2271 370 2296 mis.-
377 2271 412 2294 B:
427 2273 454 2295 et
463 2277 501 2295 ex
509 2269 607 2301 primis
621 2271 647 2293 et
657 2268 854 2301 quodammodo
869 2267 1060 2293 immediatis.—
1068 2268 1141 2293 Circa
1154 2273 1241 2293 autem
1251 2276 1281 2293 ea
1291 2276 1359 2301 quae

286 2306 434 2331 immediate
449 2310 596 2338 sequuntur
610 2304 668 2328 cod.
681 2303 702 2328 C
717 2304 861 2328 mendosus
876 2308 930 2328 est:
945 2303 1039 2328 omittit
1057 2304 1127 2328 enim
1140 2304 1228 2335 verba,
1242 2304 1305 2337 quia
1321 2305 1359 2330 ita

287 2345 326 2367 est
344 2348 430 2373 usque
448 2341 480 2365 ad
493 2340 598 2374 faciens
611 2339 679 2364 scire
693 2339 829 2364 inclusive:
849 2346 917 2372 quae
935 2339 1026 2372 procul
1039 2340 1112 2364 omni
1127 2339 1206 2365 dubio
1219 2345 1281 2364 sunt
1298 2340 1359 2365 reti-

289 2377 373 2402 nenda
392 2384 452 2401 cum
472 2376 513 2400 ed.
527 2376 613 2406 Plana,
638 2379 663 2399 et
682 2375 738 2399 aliis
757 2374 833 2399 codd.

343 2411 368 2445 β)
393 2412 504 2444 Oportet
518 2411 597 2436 etiam
612 2410 684 2443 quod
698 2415 746 2436 etc.
756 2409 996 2440 -A01LM0QST2
1012 2413 1118 2442 oportet
1130 2410 1203 2443 quod
1216 2410 1296 2436 etiam
1311 2411 1359 2436 de-

289 2447 447 2473 monstratio
466 2452 527 2477 etc.;
547 2447 582 2470 B:
601 2449 707 2478 oportet
725 2445 796 2478 quod
815 2445 1008 2470 demonstratio
1023 2451 1085 2476 etc.;
1105 2446 1141 2471 E:
1160 2450 1275 2479 apparet
1287 2447 1360 2479 quod

288 2483 368 2508 etiam
389 2482 582 2507 demonstratio
597 2486 658 2512 etc.;
678 2481 714 2506 G:
735 2481 904 2514 manifestum
923 2484 963 2506 est
980 2481 1052 2513 quod
1069 2481 1263 2507 demonstratio
1283 2487 1360 2507 etc.-

289 2519 364 2549 1nfra,
375 2518 409 2542 P:
422 2518 457 2542 Et
466 2518 531 2542 haec
540 2517 644 2549 quidem
656 2521 713 2546 etc.y
729 2517 830 2541 codices
840 2524 932 2541 omnes
947 2517 1049 2548 legunt:
1066 2517 1102 2542 Et
1120 2517 1215 2542 horum
1226 2523 1275 2543 etc.
1289 2518 1359 2542 Ado-

289 2559 392 2587 ptamus
402 2554 496 2578 horum
512 2557 537 2577 et
552 2552 669 2577 addimu's
680 2552 771 2583 primo
786 2559 817 2576 ex
831 2552 920 2583 codd.;
931 2552 965 2576 B:
982 2552 1018 2577 Et
1032 2552 1127 2577 horum
1137 2553 1229 2585 primo
1243 2553 1359 2585 quidem.

287 2590 434 2622 —Denique
452 2588 527 2613 codd.
541 2586 887 2617 ABCDEHLMNOQRST:
901 2590 998 2619 postea
1012 2587 1080 2612 enim
1096 2587 1181 2620 (enim
1201 2596 1254 2613 orn.
1268 2589 1304 2619 Β;
1320 2589 1359 2614 H:

285 2628 381 2657 postea
396 2631 473 2654 vero;
492 2624 526 2648 R:
536 2626 632 2655 postea
647 2622 762 2655 quidem)
777 2622 1005 2655 considerabitum
1024 2623 1098 2648 codd.
1114 2623 1178 2655 (exc.
1188 2623 1262 2656 AD):
1277 2623 1303 2649 in
1318 2623 1373 2649 di·-

288 2661 372 2686 νει-εἰς
390 2659 516 2685 scientiis.

343 2696 369 2729 γ)
391 2695 420 2720 In
441 2702 494 2719 una
512 2697 602 2719 autem
626 2693 737 2718 scientia
756 2693 898 2725 dupliciter
917 2692 1126 2726 differt—Hanc
1146 2693 1284 2719 lectionem
1305 2694 1359 2719 fere

289 2732 407 2756 omnium
426 2730 501 2755 codd.
521 2729 703 2762 anteponimus
723 2729 826 2753 lectioni
846 2729 952 2754 Pianae:
969 2728 998 2753 In
1019 2736 1073 2753 una
1086 2732 1176 2754 autem
1193 2729 1292 2754 dicitur
1309 2729 1360 2754 du-

285 2767 394 2799 pliciter
408 2765 528 2800 ἀξίαν-νη
544 2765 579 2790 R:
596 2765 625 2789 In
635 2764 695 2789 'una
709 2764 814 2797 quidem
829 2764 941 2790 scientia
955 2763 1055 2789 dicitur
1068 2764 1179 2798 differre
1192 2764 1342 2796 dupliciter.

343 2801 368 2834 ὃ)
381 2802 441 2826 Alio
452 2801 531 2826 modo
546 2800 676 2834 differunt
690 2799 753 2832 quia
766 2800 835 2825 scire
851 2799 984 2824 etc.·-Est
1002 2799 1077 2824 lectio
1097 2800 1172 2825 codd.
1184 2800 1358 2825 ACDEIKLN

291 2837 357 2868 QST
368 2842 394 2862 et
402 2838 479 2862 etiam
490 2837 543 2866 BH,
559 2837 603 2869 qui
616 2841 703 2860 tamen
717 2836 806 2868 legunt
820 2835 912 2869 differt
925 2835 984 2860 loco
998 2834 1193 2869 differunte-P:
1207 2835 1268 2860 Alio
1278 2835 1358 2860 modo

289 2873 380 2907 differt
397 2873 466 2898 scire
483 2872 547 2905 quia
565 2874 612 2896 est.
635 2871 704 2902 Quia
728 2871 797 2896 scire
824 2875 887 2899 etc.,·
911 2870 950 2895 G:
973 2870 1035 2895 Alio
1053 2873 1142 2896 autem
1166 2870 1244 2895 modo
1269 2870 1361 2904 differt

288 2908 356 2934 scire
371 2911 486 2940 propter
503 2907 569 2940 quid
588 2910 614 2932 et
627 2907 691 2939 quia
705 2906 813 2939 quando
832 2913 883 2931 non
896 2906 934 2939 fit
947 2906 1119 2939 syllogismus
1134 2913 1186 2938 per
1200 2906 1288 2931 media
1302 2911 1360 2936 etc„-

289 2944 328 2969 0:
343 2944 404 2969 Alio
424 2943 502 2968 modo
522 2941 644 2976 differret
661 2942 730 2967 scire
747 2941 811 2974 quia
830 2945 870 2967 est
887 2941 996 2974 quando
1007 2941 1046 2974 fit
1059 2946 1107 2966 etc.
1113 2949 1120 2973 ;
1140 2942 1177 2966 R:
1195 2941 1257 2966 Alio
1280 2941 1360 2967 modo

289 2979 380 3013 differt
398 2979 479 3008 scire,
499 2978 561 3011 quia
579 2978 647 3003 scire
666 2980 706 3002 est
723 2977 831 3010 quando
842 2977 881 3010 fit
899 2982 948 3002 etc.

343 3015 364 3047 ε)
380 3015 432 3040 Per
446 3014 552 3048 effectus
566 3013 757 3039 convertibiles.
766 3026 785 3033 κ
794 3013 943 3038 Notandum
959 3020 1018 3037 cum
1033 3012 1154 3038 Caietano
1169 3011 1211 3045 (in
1225 3013 1357 3042 IPoster„

290 3058 344 3083 cap.
354 3058 407 3081 xm,
419 3050 434 3083 ξ
448 3046 526 3075 Circ‘a
532 3049 651 3081 primam
662 3048 855 3073 conclusionem
869 3053 926 3079 etc„
937 3048 981 3073 fol.
993 3047 1035 3081 57,
1050 3048 1099 3072 col.
1111 3048 1136 3081 2)
1152 3048 1223 3080 quod
1237 3048 1359 3073 effectum

290 3093 348 3110 esse
363 3085 556 3110 convertibilem
576 3092 636 3109 cum
655 3091 733 3109 causa
751 3084 874 3116 contingit
886 3084 1032 3116 dupliciter;
1050 3084 1092 3108 vel
1107 3083 1203 3108 scilicet
1215 3084 1359 3108 secundum

285 3121 528 3153 praedicationem,
539 3120 581 3145 vel
591 3119 736 3145 secundum
755 3119 950 3144 causalitatem.
961 3119 1166 3144 convertibilitas
1176 3119 1358 3151 praedicatio-

290 3157 331 3181 nis
346 3162 392 3187 est‚
408 3157 448 3181 vel
459 3156 605 3181 necessaria
623 3155 788 3180 coexistentia
803 3154 910 3179 effectus
925 3162 984 3179 cum
999 3162 1047 3179 sua
1061 3162 1139 3179 causa
1153 3159 1180 3179 et
1193 3162 1287 3180 causae
1298 3162 1358 3180 cum

290 3200 339 3216 suo
359 3192 460 3222 effectu,
480 3192 513 3216 ita
532 3198 626 3223 nempe
644 3195 673 3215 ut
691 3190 839 3222 ubicunque
855 3195 895 3215 est
914 3198 991 3215 causa
1010 3190 1042 3214 sit
1056 3190 1174 3220 effectus,
1188 3195 1214 3214 et
1227 3190 1359 3215 viceversa

291 3227 373 3259 (sicut
392 3227 540 3259 ubicunque
559 3231 599 3251 est
618 3226 770 3255 risibilitas,
785 3225 818 3250 ibi
832 3231 871 3250 est
890 3225 1049 3255 humanitas,
1070 3233 1137 3258 quae
1151 3230 1191 3250 est
1205 3233 1284 3251 causa
1302 3226 1357 3250 risi-

290 3262 401 3293 bilitatis‚
416 3267 441 3287 et
455 3262 603 3295 ubicunque
622 3267 662 3286 est
681 3261 835 3292 humanitas,
851 3261 885 3286 ibi
900 3266 939 3286 est
957 3261 1095 3291 risibilitas,
1111 3268 1178 3294 quae
1195 3265 1236 3286 est
1250 3261 1357 3286 effectus

290 3296 481 3332 humanitatis);
500 3298 542 3322 vel
562 3302 602 3322 est
626 3301 716 3322 mutua
742 3297 908 3329 reciprocatio
927 3296 1112 3327 attributionis,
1138 3301 1266 3329 quatenus
1287 3297 1358 3322 vide-

292 3333 356 3364 licet,
377 3333 408 3358 de
428 3341 585 3366 quocunque
604 3333 739 3365 supposito
759 3332 919 3365 praedicetur
938 3340 1024 3363 causa,
1040 3332 1071 3357 de
1090 3332 1184 3357 eodem
1197 3332 1359 3364 praedicatur

291 3368 464 3393 denominatio
478 3369 587 3393 causalis
603 3368 634 3393 ab
649 3368 742 3393 effectu
757 3373 869 3400 sumpta,
884 3372 910 3393 et
923 3368 1055 3393 viceversa
1071 3367 1103 3392 de
1117 3375 1275 3400 quocunque
1284 3375 1358 3400 prae-

292 3403 388 3428 dicatur
407 3404 579 3428 denominatio
599 3404 709 3428 causalis
729 3408 833 3436 sumpta
851 3403 883 3428 ab
907 3403 1010 3433 effectu,
1031 3403 1063 3428 de
1082 3403 1175 3428 eodem
1198 3403 1358 3436 praedicatur

291 3446 376 3463 causa.
396 3439 441 3463 Ex.
456 3448 489 3472 g.:
504 3440 536 3464 de
550 3446 707 3472 quocunque
726 3439 886 3471 praedicatur
906 3438 1016 3463 liberum
1035 3438 1175 3469 arbitrium,
1195 3438 1358 3472 praedicatur

292 3474 421 3498 actionum
439 3474 635 3506 imputabilitas;
656 3479 681 3499 et
700 3474 732 3499 de
751 3482 909 3507 quocunque
927 3474 1088 3506 praedicatur
1103 3475 1233 3499 actionum
1248 3474 1358 3506 imputa-

292 3509 383 3539 bilitaeoe,
394 3510 554 3541 praedicatur
568 3510 678 3534 liberum
693 3509 1071 3534 arbitrium.-Convertibilitas
1084 3510 1239 3534 causalitatis
1250 3514 1290 3534 est
1300 3517 1358 3534 mu-

291 3549 335 3568 tua
354 3545 478 3576 exigentia
495 3545 560 3569 inter
579 3553 684 3569 causam
703 3550 727 3569 et
746 3545 876 3575 effectum,
891 3550 1019 3577 quatenus
1035 3552 1129 3577 nempe
1148 3545 1255 3570 effect-us
1270 3552 1359 3570 neces-

291 3579 360 3603 sario
376 3580 512 3612 praeexigit
525 3580 604 3604 talem
619 3587 738 3610 causam,
753 3585 778 3605 et
791 3581 871 3605 talem
886 3587 991 3605 causam
1010 3581 1127 3613 sequitur
1141 3580 1287 3605 necessario
1300 3580 1359 3605 talis

878 240 1263 279 POSTERIORUM
1290 239 1722 277 ANALYTICORUM
1750 241 1844 277 LIB.
1876 242 1890 277 I

1413 319 1571 357 effectus
1606 319 1812 369 aliquando
1848 327 1905 356 est
1938 319 2065 357 notior
2103 332 2217 357 causa
2252 321 2382 370 quoad
2414 334 2485 359 nos

1413 380 1450 409 et
1482 373 1696 410 secundum
1730 385 1908 421 sensum,
1943 373 2029 410 licet
2062 386 2176 410 causa
2209 373 2255 410 sit
2292 387 2446 424 semper
2466 377 2485 395 ⁴*
2515 385 2523 393 ·

1412 426 1539 463 notior
1566 426 1785 475 simpliciter
1798 427 1830 474 *,
1852 434 1888 463 et
1907 426 2121 463 secundum
2151 434 2338 465 naturam.
2369 429 2419 465 Et
2437 428 2487 465 ita

1410 491 1482 528 per
1509 479 1690 516 effectum
1711 479 1902 516 notiorem
1923 492 2037 517 causa
2069 487 2195 529 potest
2222 481 2306 517 fieri
2327 480 2487 518 demon-

1413 532 1540 569 stratio
1561 545 1640 570 non
1660 532 1801 569 faciens
1821 532 1916 570 scire
1938 539 2098 582 propter
2116 534 2229 582 quid,
2251 533 2320 571 sed
2339 541 2486 572 tantum

1413 597 1513 634 qma.

1471 640 1503 676 5.
1534 638 1685 676 Deinde
1714 651 1803 678 cum
1833 638 1939 676 dicit:
1965 640 2015 677 Ut
2031 640 2133 688 quod
2150 652 2273 689 prope
2293 648 2376 688 etc„
2406 653 2487 678 ma-

1412 691 1563 728 nifestat
1588 691 1825 740 praedictam
1856 692 2110 729 differentiam
2137 706 2208 742 per
2227 695 2416 743 exempla.
2438 696 2488 731 Et

1414 744 1594 781 dividitur
1621 744 1659 780 in
1689 744 1784 781 duas
1808 751 1952 793 partes:
1982 745 2021 782 in
2048 746 2185 795 prima,
2214 747 2324 795 ponit
2358 760 2485 784 exem-

1411 798 1476 846 pla
1493 803 1508 821 '¹
1528 798 1576 842 de
1606 797 1932 835 demonstratione
1961 799 2061 846 quia,
2092 811 2191 848 quae
2217 808 2273 837 est
2297 813 2368 849 per
2396 801 2486 838 effe-

1414 858 1534 898 ctum;
1564 851 1602 887 in
1631 851 1812 898 secunda,
1844 851 1892 887 de
1913 851 2239 889 demonstratione
2264 854 2366 901 quia,
2388 866 2487 902 quae

1413 911 1469 941 est
1486 916 1557 953 per
1576 916 1732 940 causam
1757 904 1982 950 mediatam;
2012 904 2081 941 ibi:
2101 906 2276 954 Amplius
2295 906 2332 943 in
2353 907 2488 955 quibus

1412 958 1695 994 medium*etc.
1735 957 1865 994 Prima
1902 957 1941 994 in
1979 957 2094 995 duas:
2124 958 2163 995 in
2195 959 2341 1007 prima,
2379 960 2489 1009 ponit

1413 1011 1589 1060 exempla
1611 1010 1658 1047 de
1686 1010 1907 1059 syllogismo
1939 1010 2004 1060 qui
2027 1011 2071 1048 fit
2097 1024 2168 1060 per
2196 1012 2376 1050 effectum
2398 1025 2487 1051 con-

1411 1064 1652 1110 vertibilem;
1688 1063 1727 1100 in
1764 1063 1954 1111 secunda,
1997 1064 2045 1102 de
2084 1065 2305 1114 syllogismo
2341 1066 2406 1125 qui
2444 1067 2488 1104 fit

1410 1130 1480 1167 per
1508 1118 1688 1154 effectum
1722 1129 1802 1154 non
1834 1117 2148 1165 convertibilem;
2177 1118 2248 1156 ibi:
2277 1120 2324 1156 In
2354 1120 2488 1168 quibus

1411 1177 1536 1208 autem
1557 1171 1680 1208 media
1693 1171 1712 1192 ’¹‘
1725 1178 1793 1208 etc.
1811 1171 1941 1208 Prima
1961 1171 2142 1209 dividitur
2159 1171 2198 1209 in
2215 1172 2310 1210 duas
2333 1180 2459 1222 partes
2473 1171 2487 1194 ⁰

1411 1224 1624 1262 secundum
1645 1224 1723 1261 duo
1749 1225 1925 1273 exempla
1949 1237 2049 1274 quae
2068 1225 2193 1274 ponit;
2210 1227 2379 1264 secunda
2397 1239 2486 1276 pars

1410 1277 1539 1327 incipit
1571 1277 1641 1314 ibi:
1670 1279 1766 1314 Item
1798 1278 1854 1314 sic
1889 1278 2020 1315 lunam
2038 1279 2142 1316 *etc.
2179 1279 2289 1316 Circa
2315 1279 2486 1328 primum

1411 1331 1489 1368 duo
1509 1330 1611 1368 facit:
1626 1330 1766 1380 primo,
1781 1330 1922 1380 ponit*
1941 1333 2162 1381 exemplum
2183 1331 2232 1369 de
2248 1332 2485 1370 demonstra-

1410 1384 1514 1421 tione
1543 1384 1643 1433 quia‚
1665 1396 1764 1433 quae
1784 1392 1841 1422 est
1858 1397 1928 1434 per
1947 1385 2146 1432 effectum3
2168 1386 2352 1434 secundo,
2374 1386 2488 1424 docet

1411 1438 1612 1486 quomodo
1649 1445 1781 1486 posset
1799 1438 1820 1459 *
1839 1438 2010 1476 converti
2043 1439 2083 1476 in
2117 1439 2485 1477 demonstrationem

1410 1498 1569 1539 propter
1596 1490 1706 1539 quid;
1735 1491 1806 1528 ibi:
1840 1492 2035 1542 Contingit
2059 1493 2220 1530 autem*
2235 1500 2305 1531 etc.

1467 1545 1502 1581 6.
1533 1543 1634 1581 Dicit
1667 1556 1758 1592 ergo
1786 1545 1913 1594 primo
1948 1545 2054 1594 quod
2087 1546 2361 1584 demonstratio
2395 1547 2484 1596 quia

1411 1610 1481 1646 per
1516 1597 1696 1634 effectum
1725 1605 1797 1646 est,
1827 1598 1858 1635 si
1885 1599 1906 1620 ‘⁸
1934 1598 2018 1648 quis
2047 1599 2250 1637 concludat
2278 1600 2383 1649 quod
2405 1601 2485 1649 pla-

1412 1658 1523 1688 netae
1552 1652 1675 1688 sunt*
1695 1663 1818 1700 prope
1846 1659 2005 1701 propter
2044 1653 2120 1689 hoc
2149 1653 2255 1702 quod
2283 1665 2362 1690 non
2389 1653 2485 1690 scin-

1413 1704 1540 1742 tillant.
1572 1705 1664 1742 Non
1693 1704 1797 1742 enim
1826 1717 1906 1742 non
1934 1705 2133 1743 scintillare
2153 1714 2209 1743 est
2237 1718 2353 1743 causa
2381 1706 2487 1756 quod

1412 1759 1587 1807 planetae
1617 1758 1690 1795 sint
1711 1770 1846 1807 prope,
1868 1758 1937 1796 sed
1957 1771 1978 1796 e
1999 1771 2200 1797 converso,
2231 1761 2393 1809 Propter
2412 1761 2487 1798 hoc

1414 1811 1517 1848 enim
1545 1823 1625 1849 non
1657 1811 1857 1849 scintillant
1890 1813 2086 1861 planetae,
2117 1813 2206 1862 quia
2234 1820 2322 1850 sunt
2348 1825 2484 1863 prope.

1415 1865 1553 1902 Stellae
1583 1865 1686 1902 enim
1714 1865 1813 1902 fixae
1842 1865 2058 1914 scintillant,
2088 1866 2178 1916 quia
2196 1866 2302 1904 visus
2321 1866 2360 1904 in
2381 1879 2486 1904 com-

1413 1918 1670 1967 prehensione
1689 1931 1824 1956 earum
1845 1919 2173 1969 caligat*propter
2192 1932 2326 1958 earum
2347 1919 2486 1958 distan-

1414 1971 1518 2009 tiam.
1540 1972 1570 2008 F
1573 1979 1745 2009 ormetur
1773 1984 1864 2020 ergo
1893 1973 2134 2021 syllogismus
2154 1973 2208 2011 sic
2219 1980 2235 2010 τ’
2250 1974 2379 2011 Omne
2408 1986 2488 2011 non

1416 2024 1619 2062 scintillans
1633 2031 1641 2046 ·
1661 2033 1718 2062 est
1735 2037 1876 2075 prope3
1896 2027 2071 2076 planetae
2086 2034 2174 2064 sunt
2193 2039 2272 2064 non
2287 2027 2487 2065 scintillan-

1414 2198 1530 2223 effectus.
1549 2198 1588 2223 De
1602 2197 1651 2223 hac
1670 2198 1883 2224 convertibilitate
1898 2198 2071 2230 principaliter
2086 2203 2127 2224 est
2141 2206 2229 2223 sermo
2247 2199 2273 2224 in
2293 2199 2423 2232 praesenti
2437 2204 2489 2225 tra-

1414 2238 1496 2264 ctatu,
1520 2241 1580 2258 cum
1605 2234 1688 2267 agitur
1712 2234 1745 2258 de
1770 2234 1990 2259 demonstratione
2008 2233 2072 2266 quia
2095 2241 2143 2267 per
2166 2234 2274 2260 effectus
2297 2234 2488 2262 convertibiles.

1413 2269 1444 2293 Vi
1459 2269 1528 2294 enim
1546 2268 1624 2294 huius
1644 2269 1862 2294 convertibilitatis
1881 2269 2049 2294 causalitatis
2067 2269 2100 2294 ab
2121 2269 2218 2295 effectu
2238 2275 2308 2295 recte
2328 2271 2490 2296 concluditur

1413 2304 1477 2337 quia
1501 2311 1549 2330 seu
1572 2305 1705 2330 existentia
1726 2312 1832 2336 causae,
1853 2309 1879 2330 et
1901 2305 2034 2330 viceversa
2055 2312 2070 2330 a
2090 2311 2168 2330 causa
2188 2305 2351 2331 concluditur
2373 2309 2493 2339 propter-

1412 2339 1485 2372 quid,
1500 2339 1550 2365 hoc
1569 2345 1609 2365 est
1623 2340 1720 2365 nedum
1735 2341 1868 2366 existentia
1882 2340 1929 2365 sed
1943 2341 2021 2366 etiam
2034 2345 2126 2366 natura
2139 2339 2257 2366 effectus.
2275 2341 2351 2367 Ratio
2371 2343 2412 2367 est
2426 2349 2489 2367 con-

1414 2376 1488 2400 nexio
1507 2376 1652 2401 necessaria
1674 2380 1701 2401 et
1723 2381 1814 2401 mutua
1836 2376 1902 2401 inter
1921 2375 2043 2402 effectum
2061 2381 2088 2401 et
2106 2383 2227 2407 causum,
2245 2381 2275 2401 ut
2293 2377 2390 2403 dictum
2409 2381 2488 2402 est.-

1413 2411 1536 2436 Ceterum
1546 2411 1657 2436 novitius
1671 2419 1733 2444 prae
1746 2416 1833 2436 mente
1843 2411 1936 2436 habeat
1945 2419 2013 2445 quae
2027 2419 2107 2445 supra
2116 2411 2219 2444 (lect.x,
2230 2417 2284 2437 not.
2294 2412 2324 2446 ρ)
2339 2420 2399 2438 cum
2413 2419 2487 2446 prae-

1412 2446 1516 2471 laudato
1525 2446 1647 2472 Caietano
1657 2451 1745 2472 notata
1755 2452 1824 2472 sunt.
1834 2447 1937 2472 Etenim
1952 2447 2049 2472 dictum
2059 2452 2099 2472 est
2109 2447 2180 2480 quod
2195 2447 2250 2473 dici
2254 2455 2306 2481 per
2317 2455 2346 2482 se
2355 2448 2381 2472 in
2391 2452 2487 2483 quarto

1412 2482 1493 2507 modo
1511 2482 1602 2513 differt,
1616 2482 1759 2507 formaliter
1778 2482 1919 2516 loquendo,
1934 2490 1949 2507 a
1962 2482 2017 2508 dici
2031 2490 2084 2515 per
2101 2489 2131 2508 se
2148 2483 2174 2508 in
2193 2483 2309 2508 secundo
2323 2481 2488 2517 modo‚'quin

1412 2518 1439 2542 in
1453 2522 1545 2550 quarto
1558 2523 1598 2542 est
1611 2518 1676 2543 ratio
1689 2518 1805 2542 formalis
1825 2518 1995 2548 causalitatis,
2014 2518 2040 2542 in
2059 2518 2174 2543 secundo
2189 2523 2278 2543 autem
2292 2519 2358 2544 ratio
2372 2518 2488 2544 formalis

1412 2553 1616 2585 praedicationis.
1635 2553 1687 2578 Sed
1705 2554 1812 2586 insuper
1825 2554 1970 2578 addidimus
1988 2553 2043 2578 dici
2056 2560 2109 2585 per
2127 2560 2155 2578 se
2168 2554 2193 2578 in
2207 2559 2301 2586 quarto
2315 2555 2395 2579 modo
2408 2561 2494 2587 posser

1413 2588 1557 2613 coincidere
1575 2596 1636 2613 cum
1650 2588 1705 2614 dici
1718 2595 1771 2621 per
1783 2595 1812 2614 se
1824 2589 1849 2613 in
1863 2589 1979 2614 secundo
1993 2589 2081 2614 modo.
2095 2589 2124 2613 In
2133 2589 2267 2626 praesenti
2280 2596 2369 2614 sermo
2383 2594 2424 2614 est
2436 2589 2488 2614 for-

1413 2624 1514 2648 maliter
1523 2624 1556 2648 de
1569 2623 1781 2651 convertibilitate
1795 2624 1959 2654 causalitatis‚
1973 2631 2025 2648 non
2035 2624 2148 2655 exclusa,
2163 2624 2210 2649 sed
2224 2631 2310 2657 neque
2324 2624 2486 2650 considerata

1413 2659 1468 2684 eius
1479 2659 1656 2684 convenientia
1669 2659 1711 2684 vel
1725 2667 1777 2684 non
1791 2659 1968 2684 convenientia
1982 2667 2042 2684 cum
2056 2659 2267 2684 convertibilitate
2281 2659 2486 2692 praedicationis-

1466 2691 1490 2728 ζ)
1514 2694 1550 2719 Et
1568 2697 1656 2719 tamen
1676 2694 1738 2719 talis
1763 2694 1956 2720 demonstratio
1975 2695 2097 2719 etc.·-1ta
2115 2695 2231 2726 codices,
2255 2702 2309 2720 exc.
2325 2695 2344 2720 1.
2361 2708 2381 2714 -
2393 2695 2488 2720 Utrum

1412 2733 1501 2754 tamen
1515 2730 1590 2754 codd.
1600 2729 1823 2760 ADGHKLMNQ
1835 2729 1954 2760 habeant,
1969 2737 2000 2755 cu
2019 2730 2115 2762 (cum),
2130 2737 2164 2754 an
2177 2733 2206 2755 tn
2221 2731 2343 2762 (tamen),
2358 2738 2411 2756 non
2425 2731 2489 2756 satie

1414 2764 1572 2797 liquet.-P:
1584 2764 1620 2789 Et
1636 2765 1688 2790 ista
1704 2765 1766 2790 talis
1782 2765 1989 2794 demonstr-atim
2009 2765 2033 2790 1:
2054 2765 2091 2791 Et
2103 2766 2167 2791 talis
2180 2765 2373 2791 demonstratio
2386 2766 2425 2799 fit
2438 2770 2488 2792 etc.

1413 2799 1522 2832 Insuper
1539 2799 1642 2825 codices
1655 2807 1749 2825 omnes
1758 2800 1888 2831 omittunt,
1899 2800 1999 2826 scilicet
2012 2801 2095 2831 nobis,
2103 2808 2171 2834 quae
2179 2806 2268 2826 tamen
2278 2802 2393 2827 secunda
2407 2809 2487 2827 manu

1414 2835 1542 2860 adduntur
1560 2835 1586 2860 in
1605 2836 1660 2861 S.—-
1674 2835 1775 2860 Revera
1797 2835 1861 2861 haec
1883 2836 1962 2861 verbs
1982 2844 2034 2861 non
2052 2835 2179 2862 habentur
2197 2836 2224 2861 in
2242 2841 2313 2862 textu
2331 2837 2490 2868 Aristotelis,

1413 2877 1461 2895 nec
1480 2871 1625 2896 necessaria
1638 2874 1712 2902 sunt,
1727 2871 1788 2904 quia
1812 2879 1864 2896 non
1884 2871 1967 2896 semel
1985 2871 2037 2897 iam
2051 2872 2149 2897 dicmm
2167 2877 2208 2897 est
2226 2872 2252 2897 in
2267 2873 2489 2898 demonstratione

1409 2909 1524 2938 propter
1543 2906 1609 2939 quid
1626 2907 1730 2939 procedi
1750 2914 1766 2932 a
1785 2907 1928 2932 notioribus
1951 2907 2038 2940 quoad
2056 2915 2086 2932 se
2105 2912 2131 2932 et
2148 2908 2314 2940 simpliciter,
2334 2909 2359 2933 in
2378 2908 2488 2934 demon-

1414 2942 1536 2966 stratione
1559 2946 1647 2966 autem
1665 2942 1728 2974 quia
1746 2949 1762 2967 s
1780 2942 1923 2967 notioribus
1946 2950 1999 2967 non
2023 2942 2172 2976 simpliciter
2195 2943 2242 2968 sed
2262 2944 2349 2976 quoad
2371 2951 2429 2969 nos.
2449 2943 2491 2970 En

1413 2982 1500 3002 tamen
1518 2976 1614 3002 habent
1633 2985 1693 3002 cum
1711 2977 1732 3002 P
1751 2978 1809 3003 edd.
1823 2978 1889 3003 ven.
1909 2982 1934 3002 et
1957 2977 2023 3003 forte
2042 2986 2064 3003 s.
2076 2977 2194 3003 Thomas
2217 2979 2288 3004 addit
2306 2979 2338 3004 ad
2361 2979 2488 3005 maiorem

1413 3013 1622 3045 perspicuitatem
1640 3013 1781 3038 verborum
1799 3017 1894 3044 textus,
1913 3010 1954 3038 διὰ
1974 3014 2023 3038 τοῦ
2039 3012 2245 3048 γνωριμωτέραν.
2488 3046 2490 3049 ι

1466 3048 1493 3080 η)
1514 3048 1544 3073 In
1559 3048 1651 3080 prima
1666 3048 1747 3080 ponit
1764 3048 1889 3081 exempla
1907 3049 2043 3074 etc.-Est
2065 3049 2142 3074 lectio
2165 3049 2240 3074 codd.
2258 3049 2488 3076 ADEHIKLMNR

1413 3083 1468 3115 ST;
1483 3083 1515 3108 P:
1536 3084 1690 3117 manifestat
1704 3084 1871 3116 exemplum,·
1885 3084 1922 3109 G:
1946 3085 2102 3118 manifestat
2119 3085 2247 3117 ponendo
2261 3085 2429 3118 exemplum5
2447 3085 2490 3111 0:

1413 3119 1530 3144 ostendit
1548 3119 1903 3152 exempla.-lnfra.(1²rima
1919 3120 1946 3145 in
1961 3120 2030 3145 duas
2048 3120 2117 3153 etc.)‚
2137 3120 2213 3146 codd.
2223 3120 2487 3152 CDEHIMNOQST:

1413 3154 1506 3180 Frt'ma
1519 3154 1651 3180 dividitur
1670 3155 1696 3180 in
1717 3155 1798 3185 duas;
1813 3155 1851 3180 H:
1871 3155 1898 3180 in
1918 3155 1987 3181 duas
1992 3158 2125 3188 partes...
2137 3155 2233 3181 Codd.:
2247 3156 2328 3188 ponit
2346 3155 2491 3189 arev-mm

1413 3190 1447 3215 P:
1467 3190 1748 3223 exemplum.—-Saepe
1767 3191 1878 3216 occurrit
1896 3196 1925 3216 ut
1943 3191 1968 3215 in
1987 3191 2119 3216 codicibus
2138 3191 2240 3224 partitio
2259 3192 2410 3217 enuncietur
2435 3191 2486 3217 hoc

1413 3226 1506 3251 modoz
1516 3225 1647 3251 dividitur
1662 3226 1688 3251 in
1704 3229 1800 3258 partes
1810 3226 1886 3256 duas,
1897 3227 1939 3252 vel
1953 3227 1979 3251 in
1989 3223 2090 3259 'partes
2105 3229 2168 3256 tres,
2184 3227 2250 3257 loco,
2262 3227 2289 3252 in
2300 3227 2369 3252 duas
2380 3229 2487 3259 partes,

1411 3266 1440 3286 ut
1459 3261 1621 3294 frequentius
1639 3260 1718 3286 habet
1736 3261 1765 3287 P.
1787 3262 1854 3292 Quia
1871 3267 1959 3287 tamen
1977 3269 2020 3287 res
2039 3269 2092 3287 non
2111 3267 2152 3287 est
2169 3262 2277 3288 alicuius
2295 3261 2485 3293 momoniali·

1413 3297 1517 3330 quando
1527 3297 1602 3322 codd.
1613 3297 1750 3322 lectionem
1760 3297 1924 3329 adoptamus,
1935 3298 1982 3322 sed
1991 3298 2164 3323 communiter
2174 3296 2280 3323 Pinnem
2290 3303 2485 3325 conservamus·

1466 3330 1490 3365 θ)
1506 3332 1598 3364 Prima
1612 3332 1744 3357 dividitur
1758 3333 1784 3358 in
1801 3332 1869 3358 duas
1875 3336 2004 3365 partes.-
2013 3333 2095 3358 Codd.
2107 3332 2202 3358 BGLO
2216 3333 2339 3359 omittunt
2354 3331 2491 3359 dividitur

1412 3372 1437 3392 et
1451 3370 1560 3400 parm,-
1578 3367 1639 3392 IMR
1661 3367 1784 3393 omittunt
1804 3371 1908 3400 partes.
1928 3368 1979 3393 Sed
1997 3368 2130 3394 retinenda
2149 3373 2190 3394 est
2207 3368 2284 3394 lectio
2302 3368 2392 3398 Plana,
2417 3373 2486 3400 quae

1412 3403 1487 3428 datur
1505 3403 1537 3428 ab
1557 3403 1613 3428 aliis
1641 3403 1780 3428 codicibus.
1797 3416 1815 3423 ·-
1830 3403 1897 3428 Infra
1928 3403 2062 3435 (secunda
2082 3411 2151 3436 pars
2174 3404 2254 3436 etc.)‚
2277 3401 2485 3432 Ancntqus

1412 3438 1534 3463 omittunt
1557 3438 1663 3470 incipit,·
1685 3439 1810 3464 GLMOT
1835 3439 1958 3464 omittunt
1976 3445 2053 3472 pars.
2077 3439 2144 3464 Hinc
2163 3439 2238 3464 lectio
2256 3439 2313 3464 eod.
2332 3437 2359 3464 Ο
2376 3442 2429 3463 est:
2444 3443 2485 3462 se-

1412 3474 1500 3499 cunda
1526 3474 1579 3499 ibi.-
1600 3474 1665 3499 Item
1690 3479 1753 3506 etc.;
1778 3475 1816 3499 H:
1835 3474 1953 3500 secunda
1973 3474 2010 3500 ibi
2029 3474 2138 3507 incipit,·
2157 3474 2180 3500 1:
2198 3473 2343 3500 secundum
2363 3473 2413 3499 tbi:
2433 3472 2485 3498 lte-

1413 3517 1472 3534 rum
1493 3514 1541 3534 etc.
1561 3509 1584 3534 R
1603 3510 1730 3535 mendose
1748 3510 1843 3535 omittit
1860 3509 1977 3535 secunda
1995 3515 2053 3541 etc„
2072 3517 2158 3543 usque
2176 3509 2209 3535 ad
2227 3504 2264 3535 ibi
2281 3508 2421 3535 inclusive

1467 3545 1485 3577 ι)
1509 3544 1592 3570 Omne
1611 3552 1663 3570 non
1683 3545 1833 3570 scintillans
1852 3550 1931 3570 etc.-
1946 3545 2022 3571 Hunc
2040 3545 2223 3578 syllogismum
2243 3551 2274 3570 a
2292 3544 2392 3576 integro
2407 3543 2483 3568 omit-

1412 3585 1469 3605 tunt
1487 3581 1574 3611 codd.,
1594 3588 1648 3605 exc.
1667 3580 1726 3606 GH.
1745 3581 1773 3606 In
1793 3581 1850 3605 cod.
1870 3580 1888 3605 S
1907 3580 2008 3606 additur
2029 3587 2125 3613 marga
2149 3586 2227 3605 omne
2249 3578 2322 3612 quod
2339 3586 2391 3604 non
2416 3578 2485 3604 scin-

2558 383 2657 411 Semper
2703 391 2732 406 ex

2515 409 2595 436 codd.,
2611 417 2663 432 exc.
2673 417 2700 437 υς
2714 418 2733 437 ο,

2515 442 2564 458 om.
2575 437 2608 458 sit
2614 443 2734 465 ternpmo-

2515 463 2572 484 tior.

2515 490 2525 500 ⁸
2535 496 2549 510 a
2564 496 2613 511 om.
2623 490 2731 518 stmplic„

2515 516 2555 537 sed
2571 517 2692 539 male...1.:
2709 519 2733 539 et

2511 548 2558 570 per
2571 545 2690 565 naturam.

2515 979 2527 990 ⁸
2536 979 2599 1001 Lcct.
2614 985 2665 1008 seq.

2514 1188 2525 1198 ⁸
2535 1187 2606 1214 Num.
2613 1193 2644 1240 ο9.

2514 1302 2525 1312 “
2535 1301 2608 1324 Num.
2622 1302 2646 1324 8.

2514 1351 2524 1360 ‘
2535 1356 2627 1377 nozqsr
2646 1354 2668 1373 et
2682 1357 2696 1374 c
2709 1358 2730 1374 ι.

2513 1383 2558 1399 m.:
2574 1378 2704 1406 proponit·
2717 1384 2736 1400 c.

2514 1410 2533 1426 S.
2545 1410 2590 1426 m.:
2605 1394 2717 1426 ostendit.

2514 1453 2597 1475 'non

2511 1481 2600 1507 potest.

2517 1508 2524 1516 ·
2536 1506 2608 1529 Num.
2622 1512 2645 1534 7.

2601 1453 2696 1482 ponit;
2702 1459 2718 1476 u
2724 1461 2733 1475 τ

2514 1615 2526 1627 ’
2542 1615 2618 1639 Codd.
2637 1627 2649 1632 -
2669 1622 2733 1639 rex.-

2514 1643 2604 1670 estper
2611 1642 2658 1671 effi,
2667 1643 2737 1665 utet..

2515 1674 2524 1682 ⁸
2535 1679 2562 1695 A:
2579 1673 2634 1696 tint.

2514 1937 2526 1948 '⁴
2535 1936 2625 1959 codd.-
2631 1941 2682 1959 Ιῦτι
2693 1939 2735 1958 σα-

2515 1963 2615 1991 ligatur.
