2548 4192
175 261 268 286 CLXX

174 328 346 368 Triumphi
369 338 435 358 non
459 328 614 366 meminit,
631 328 686 368 qui
711 328 750 358 ad
767 337 889 357 annum
909 326 990 356 1328
1008 331 1164 364 superstes
1179 323 1248 354 fuit.

173 373 327 404 Eiusdem
350 372 587 413 praeclarissimi
611 372 668 402 viri
694 382 790 412 opera
814 377 970 401 memorat
993 370 1025 399 in
1042 368 1146 399 Indice
1161 367 1249 398 theo-

173 418 277 458 logico
302 424 332 448 et
356 417 541 457 scripturali,
567 427 602 447 ac
626 416 692 446 eius
715 416 857 455 elogium
872 414 987 450 scribit,
1005 413 1091 443 nulla
1107 411 1248 442 muneris

174 462 316 493 eiusdem
339 462 452 492 iniecta
482 461 658 497 mentione:
690 461 840 499 idemque
865 458 1027 488 silentium
1058 457 1249 487 altissimum

173 507 260 547 apud
290 506 498 537 Dominicum
526 504 705 535 Antonium
735 502 933 534 Gandolfum
957 502 989 531 in
1020 501 1247 531 Dissertatione

171 551 319 582 historica
343 551 381 580 de
414 549 555 579 ducentis
580 548 788 579 celeberrimis
813 546 1053 586 Augustinianis
1082 545 1247 585 Scriptori-

171 597 249 633 bus,
273 595 413 635 itemque
437 593 668 631 Trithemium,
692 592 867 629 Miraeum,
891 591 1139 629 Bellarminum,
1164 590 1246 620 Lab-

172 641 278 671 beum.

238 685 298 714 Pro
323 680 527 713 Summontio
554 679 681 720 aggredi
705 679 934 710 Filamondum
963 679 1103 719 pretium
1131 689 1246 719 operae

172 728 259 759 duxit
282 726 387 766 Scipio
413 724 646 764 Christophori,
667 724 800 764 scriptor
822 724 1035 764 nuperrimus,
1052 724 1085 754 in
1102 723 1246 754 eiusdem

170 771 364 803 Summontii
388 770 469 800 Vita.
495 769 677 799 Consilium
702 769 769 799 eius
793 775 930 808 praestat
953 779 990 799 ex
1006 769 1076 808 ipso
1092 768 1242 808 excipere.

170 816 268 854 Quod
291 815 331 845 ad
353 813 503 844 vindicias
527 813 647 851 attinet,
672 823 751 854 quas
775 823 834 853 pro
850 813 977 844 Comite
995 813 1167 844 Casertano
1183 813 1246 852 egit

170 859 402 896 Summontius,
427 857 525 888 reiicit
548 867 611 895 επις,
636 864 748 898 utpote
772 858 859 888 nixas
883 858 963 888 truci
983 858 1146 898 opinione,
1162 867 1244 898 quae

169 905 335 936 anathema
365 902 461 933 subiit
484 902 517 932 in
541 902 688 933 Concilio
719 902 974 940 Constantiensi,
999 903 1244 943 adversaturque

168 950 228 980 iuri
252 955 397 986 naturae,
423 947 547 984 divino,
571 947 725 977 humano.
753 947 851 984 Quod
875 947 984 978 attinet
1013 948 1051 977 ad
1075 947 1244 988 Aquinatis

168 1001 289 1025 textum
312 993 350 1023 ab
375 992 490 1022 eodem
513 991 663 1022 historico
688 991 874 1029 indicatum,
890 992 987 1022 veluti
1003 991 1159 1032 praefatae
1174 991 1243 1032 opi-

168 1038 255 1069 nioni
280 1037 453 1075 faventem,
478 1036 557 1066 nihil
581 1036 703 1066 dubitat
731 1036 765 1066 in
788 1036 938 1077 operibus
957 1036 1104 1067 Thomae
1125 1043 1242 1067 extare:

168 1092 288 1123 suaque
320 1088 427 1112 tamen
458 1091 474 1111 e
502 1091 534 1111 re
564 1091 631 1111 non
660 1091 727 1111 esse
756 1081 798 1112 ait
833 1081 997 1121 pulverem
1026 1081 1243 1121 theologicum

167 1137 314 1165 movere,
342 1133 379 1157 ut
401 1125 561 1166 perquirat
584 1135 647 1166 quo
670 1135 766 1156 sensu
791 1126 931 1166 intelligi
954 1126 1065 1156 debeat
1088 1126 1242 1166 Aquinas.

167 1173 255 1203 Tum
279 1171 518 1208 Filamondum‚
543 1170 691 1200 Thomae
713 1170 883 1207 vindicem,
909 1170 956 1200 his
980 1170 1082 1200 verbis
1106 1170 1243 1211 insequi-

167 1224 231 1247 tur:
262 1229 276 1244 α
295 1216 389 1246 Surse
413 1215 477 1245 alto
500 1214 767 1254 rumoreggiando
791 1214 813 1244 il
832 1226 864 1255 p.
883 1214 1075 1245 Filamondo
1091 1225 1147 1255 per
1163 1215 1242 1245 l'os-

170 1275 184 1289 >⁷
208 1261 390 1291 servazione
414 1260 500 1297 satta,
525 1259 582 1289 che
606 1259 688 1289 nelle
713 1259 849 1289 edizioni
874 1260 928 1300 piu
946 1260 1061 1290 recenti
1077 1260 1116 1289 da
1131 1259 1176 1290 lui
1191 1269 1243 1290 ve-

170 1319 184 1334 »
209 1306 295 1343 dute,
319 1305 367 1335 de'
379 1304 449 1335 libri
474 1303 554 1334 delle
571 1304 724 1334 Sentenze
749 1304 1003 1343 dell'Angelico,
1028 1304 1050 1334 il
1073 1304 1173 1343 luogo
1196 1304 1243 1334 in-

170 1364 184 1378 »
204 1350 308 1381 dicato
332 1349 384 1379 dal
407 1349 599 1379 Summonte
622 1358 688 1378 non
713 1348 783 1378 solo
808 1348 914 1379 affatto
930 1358 996 1378 non
1019 1349 1043 1378 si
1066 1348 1242 1386 rinveniva;

170 1408 184 1422 2>
207 1405 260 1425 ma
283 1395 340 1424 che
364 1394 414 1424 all’
427 1392 578 1433 opposito
602 1393 684 1422 nella
708 1403 765 1422 sua
788 1392 920 1423 Somma
943 1393 965 1422 il
989 1400 1079 1423 santo
1109 1393 1243 1423 Dottore

169 1453 183 1467 »
206 1439 317 1470 istesso
349 1448 401 1469 era
434 1438 465 1467 di
489 1447 534 1467 un
568 1437 758 1467 sentimento
792 1437 950 1468 contrario
984 1437 1202 1467 direttamente
1226 1448 1243 1467 a

169 1497 183 1511 »
206 1483 314 1525 quello
339 1483 399 1513 che.
426 1482 469 1522 gli
493 1481 660 1512 attribuiva
682 1481 704 1511 il
734 1488 844 1511 nostro
875 1482 1002 1512 storico.
1027 1482 1086 1512 Per
1108 1482 1139 1512 la
1168 1482 1244 1522 qual

169 1541 184 1556 »
207 1538 281 1559 cosa
304 1538 371 1558 non
395 1529 502 1564 cesso,
533 1526 620 1566 dopo
651 1525 756 1556 averlo
781 1525 939 1556 chiamato
964 1527 1072 1556 notaio
1095 1527 1244 1557 laureato

168 1585 182 1600 »
206 1573 345 1613 teologo,
363 1571 469 1612 degno
488 1571 522 1601 di
543 1572 654 1607 satire,
671 1580 688 1600 e
697 1571 795 1610 pieno
814 1570 848 1600 di
861 1571 1027 1601 soverchia
1042 1571 1181 1601 audacia
1197 1581 1242 1601 ec.

169 1630 184 1645 »
207 1617 239 1647 di
263 1617 424 1647 assordare
447 1615 467 1645 l’
480 1625 549 1645 aere
573 1615 620 1644 co’
631 1614 701 1645 suoi
724 1614 866 1652 lamenti,
891 1625 908 1645 e
932 1615 963 1645 di
986 1615 1126 1646 trattarlo
1151 1625 1244 1646 come

169 1675 183 1689 >›
206 1672 251 1692 un
274 1670 500 1700 menzognero,
525 1669 541 1689 e
565 1658 645 1689 falso
669 1666 871 1699 apportatore
895 1660 926 1689 di
946 1660 1081 1690 autorita
1105 1670 1172 1690 non
1190 1670 1243 1690 ve-

169 1719 183 1734 »
206 1705 278 1736 raci.
302 1706 355 1736 Ma
379 1715 440 1735 con
464 1705 572 1734 buona
596 1713 672 1743 pace
696 1703 894 1734 nondimeno
919 1704 969 1734 del
988 1715 1019 1744 p.
1040 1704 1243 1742 Filamondo,

169 1764 183 1778 >›
206 1750 262 1781 noi
286 1749 496 1780 confessiamo
521 1748 553 1778 di
577 1758 643 1778 non
668 1758 776 1788 sapere
800 1758 856 1788 per
879 1749 955 1789 qual
970 1749 1101 1788 cagione
1117 1749 1177 1789 egli
1192 1749 1244 1779 del

169 1809 183 1823 »
207 1795 397 1826 Summonte
421 1803 476 1833 per
499 1792 661 1823 l’addotta
690 1792 826 1823 autorita
856 1793 886 1823 di
911 1803 966 1823 san
998 1794 1177 1824 Tommaso
1200 1794 1243 1824 la-

168 1853 183 1867 »
206 1839 329 1880 gnossi;
360 1844 481 1868 mentre
504 1843 714 1878 quantunque
738 1837 783 1867 sia
805 1847 880 1867 vero
912 1838 970 1868 che
1001 1838 1083 1868 nelle
1107 1838 1243 1868 edizioni

168 1897 182 1911 »
206 1884 260 1924 piu
285 1883 438 1913 moderne
467 1882 538 1912 dell‘
551 1891 647 1921 opere
671 1881 908 1921 dell'Angelico
938 1893 1003 1912 non
1028 1882 1053 1912 si
1077 1883 1167 1922 legga
1191 1883 1243 1913 nel

168 1942 183 1956 »
205 1929 304 1968 luogo
329 1927 467 1957 additato
492 1926 542 1956 del
566 1926 706 1965 secondo
729 1926 811 1956 libro
835 1927 915 1957 delle
932 1927 1085 1957 Sentenze
1108 1927 1129 1957 il
1149 1937 1243 1967 passo

168 1986 183 2001 »
206 1973 246 2003 da
269 1972 376 2013 quello
402 1977 516 2008 tecam,
537 1970 640 2000 altresi
665 1973 681 2000 e
705 1970 869 2001 verissimo
889 1981 1003 2001 ancora
1019 1971 1076 2002 che
1091 1972 1172 2002 nelle
1187 1972 1241 2012 piu

167 2030 182 2044 2·
206 2017 328 2047 antiche
353 2015 488 2046 edizioni
513 2015 683 2054 dell’opera
707 2015 758 2045 del
782 2015 929 2046 suddetto
953 2016 1052 2046 Padre
1067 2015 1092 2046 si
1107 2016 1241 2047 ritrova:

167 2074 182 2089 s
206 2072 222 2092 e
246 2061 276 2091 la
299 2061 374 2102 qual
399 2070 473 2091 cosa
502 2059 533 2089 fa
556 2066 793 2099 argomentare,
823 2070 923 2090 essere
952 2067 1033 2091 stato
1062 2070 1118 2100 per
1147 2061 1242 2100 giusti

167 2119 182 2134 >›
205 2105 317 2136 motivi
341 2105 389 2135 da'
406 2103 505 2134 nuovi
525 2103 636 2134 editori
656 2104 728 2134 dell’
737 2114 833 2144 opere
849 2105 879 2134 di
896 2105 1015 2145 quello,
1031 2115 1074 2135 un
1090 2105 1133 2135 tal
1148 2115 1242 2145 passo

166 2163 181 2178 »
204 2157 316 2181 tronco
341 2159 357 2179 e
382 2148 539 2179 mutilato.
564 2148 611 2178 Or
634 2147 682 2178 cio
716 2155 832 2188 posto,
866 2149 1003 2180 siccome
1036 2149 1133 2180 riluce
1162 2150 1242 2180 assai

166 2208 180 2222 »
205 2194 308 2225 chiara
331 2194 351 2223 l‘
367 2193 543 2223 innocenza
567 2192 618 2222 del
642 2199 751 2223 nostro
776 2193 911 2230 storico‚
937 2194 994 2224 che
1018 2204 1083 2224 non
1110 2194 1172 2224 cito
1197 2204 1241 2225 un

166 2252 181 2266 2»
204 2249 298 2279 passo
322 2238 402 2268 falso
426 2247 482 2277 per
504 2237 715 2276 imposturare
739 2237 768 2267 la
791 2245 902 2277 gente;
933 2242 998 2268 cosi
1023 2239 1078 2278 poi
1101 2246 1242 2278 patente-

167 2296 181 2310 »
206 2290 312 2314 mente
335 2282 361 2312 si
393 2282 533 2312 discovre
566 2281 596 2311 la
625 2282 857 2321 trascuraggine
891 2282 942 2312 del
974 2282 1187 2321 Filamondo,
1218 2283 1241 2313 il

168 2341 183 2355 ›>
206 2328 299 2368 quale
323 2337 379 2367 per
402 2336 468 2356 non
492 2325 591 2356 aversi
615 2326 727 2356 voluto
752 2327 904 2366 prendere
928 2327 1080 2368 alquanto
1104 2327 1135 2358 la
1155 2328 1241 2368 briga

167 2386 182 2400 »
206 2372 237 2402 di
261 2372 407 2402 ricercare
439 2370 459 2400 l'
478 2370 614 2400 edizioni
647 2370 770 2400 antiche
801 2371 832 2401 di
857 2381 912 2401 san
943 2372 1143 2409 Tommaso,
1175 2382 1241 2403 non

167 2429 181 2444 »
205 2426 297 2447 senza
321 2416 408 2446 lezzo
438 2425 454 2445 e
479 2424 595 2444 nausea
618 2414 702 2444 volle
734 2415 963 2446 caratterizzare
996 2416 1018 2446 il
1049 2416 1241 2448 Summonte

167 2474 181 2488 »
206 2470 297 2491 corne
330 2459 510 2490 frodolento
535 2469 551 2489 e
575 2458 760 2495 mentitore‚
790 2470 845 2499 per
874 2470 964 2491 avere
995 2467 1134 2491 arrecato
1158 2461 1240 2492 nella

167 2518 182 2532 »
205 2515 263 2536 sua
286 2504 381 2534 storia
405 2514 449 2534 un
473 2512 567 2543 passo
591 2502 671 2533 falso
696 2503 952 2543 dell'AngeIico,
977 2506 1107 2546 quando
1131 2506 1240 2546 quello

166 2563 181 2577 ψ
205 2549 311 2580 chiaro
336 2558 353 2578 e
378 2547 570 2587 sfolgorante
600 2547 681 2577 nelle
714 2547 838 2587 prische
869 2549 1005 2579 edizioni
1040 2550 1120 2580 delle
1144 2560 1240 2590 opere

166 2606 181 2621 »
205 2594 255 2624 del
279 2599 369 2627 santo
395 2592 529 2622 Dottore
553 2591 578 2622 si
609 2591 759 2622 rinviene.
783 2593 927 2622 Essendo
952 2593 1082 2634 dunque
1107 2594 1239 2625 manife-

166 2651 181 2666 ν,
205 2645 254 2669 sto
279 2637 336 2668 che
359 2636 451 2667 abbia
474 2646 499 2666 s.
524 2636 702 2666 Tommaso
727 2646 791 2666 una
815 2641 840 2666 si
856 2637 932 2667 fatta
952 2638 1104 2677 opinione
1119 2645 1238 2677 tenuta,

166 2695 180 2710 »
204 2683 321 2713 sebben
336 2682 468 2719 ,duretta
492 2680 656 2721 alquanto,
676 2690 742 2710 non
766 2680 887 2711 iscrisse
903 2681 985 2712 male
1000 2682 1021 2712 il
1037 2682 1238 2720 Summonte,

167 2740 181 2755 »
205 2727 341 2757 siccome
361 2725 439 2756 vuol
458 2735 536 2765 pure
560 2724 804 2764 ingiustamente
823 2725 846 2755 il
861 2725 1064 2763 Filamondo,
1081 2726 1138 2757 che
1152 2729 1239 2766 Ago-

165 2785 180 2799 »
203 2771 286 2802 stino
311 2770 340 2800 d‘
354 2772 499 2807 Ancona,
524 2779 545 2799 o
569 2769 614 2799 sia
638 2769 659 2799 il
683 2770 802 2800 celebre
825 2770 981 2809 Agostino
997 2770 1134 2801 Trionfo
1151 2774 1240 2811 Apo-

166 2829 180 2844 »
204 2815 316 2846 stolico
340 2814 476 2854 Sagrista
500 2814 551 2844 nel
575 2813 655 2844 libro
680 2814 762 2844 della
775 2815 901 2845 Potesta
925 2814 1142 2852 ecclesiastica,
1157 2815 1240 2846 fosse

166 2873 180 2887 »
204 2859 361 2891 contrario
393 2858 442 2889 all'
455 2858 608 2898 opinione
633 2858 664 2888 di
694 2858 769 2898 quel
800 2859 917 2896 Padre3
949 2859 1075 2898 giacche
1106 2860 1240 2891 essendo

166 2918 180 2933 »
204 2911 285 2935 stato
310 2914 334 2934 s.
359 2903 538 2934 Tommaso
562 2902 613 2932 del
637 2902 828 2933 sentimento
846 2903 876 2933 di
894 2913 988 2943 sopra
1002 2913 1156 2944 espresso,
1172 2904 1240 2944 giu-

166 2963 181 2977 »
204 2955 358 2980 stamente
381 2947 404 2978 il
427 2946 576 2983 Trionfo,
594 2947 651 2978 che
666 2946 895 2978 diversamente
912 2947 984 2978 dall'
996 2948 1150 2987 Angelico
1165 2959 1240 2979 avea

166 3006 180 3021 ι
205 2993 322 3030 scritto,
348 2993 448 3022 dovea
472 2991 617 3032 riputarsi
642 3001 659 3021 a
683 2991 758 3031 quel
782 2999 872 3022 santo
889 2992 1022 3023 Dottore
1038 2993 1070 3023 in
1087 2993 1239 3033 opinione

166 3050 180 3065 »
205 3037 372 3068 contrario.
398 3036 422 3066 11
446 3036 637 3066 Filamondo
661 3039 738 3076 pero
764 3046 829 3066 non
850 3037 1004 3067 trovando
1020 3037 1052 3067 in
1068 3047 1124 3067 san
1139 3038 1239 3068 Tom-

166 3094 180 3109 »
204 3092 293 3112 maso
318 3081 340 3111 il
363 3091 457 3121 passo
481 3080 631 3118 indicato,
656 3080 727 3111 anzi
751 3081 834 3111 nella
849 3081 981 3111 Somma
998 3081 1048 3111 del
1063 3082 1239 3113 medesimo

167 3139 181 3154 »
203 3126 359 3166 leggendo
383 3126 402 3155 l'
417 3125 579 3165 opposito,
604 3128 697 3156 tratto
722 3125 932 3165 giustamente
957 3126 996 3156 da
1020 3125 1194 3166 impostore
1218 3126 1240 3157 il

166 3183 180 3198 >
204 3171 394 3201 Summonte
417 3169 517 3200 anche
541 3170 668 3200 intorno
693 3170 754 3200 alla
777 3170 963 3200 contrarieta
980 3170 1030 3200 del
1045 3170 1182 3201 Trionfo
1197 3171 1239 3201 al-

167 3228 182 3243 »
205 3214 407 3254 l'Angelico;
437 3221 557 3244 mentre
588 3214 691 3253 giusta
722 3214 743 3244 il
768 3224 827 3245 suo
852 3214 1007 3255 principio
1043 3214 1065 3244 il
1092 3215 1240 3246 suddetto

167 3272 180 3286 »
204 3266 314 3290 autore
330 3268 381 3289 era
396 3268 528 3297 seguace
544 3258 625 3288 della
641 3258 779 3290 dottrina
794 3259 825 3289 di
843 3259 963 3300 quello,
980 3259 1112 3290 facendo
1128 3259 1240 3300 quindi

168 3317 181 3331 »
204 3303 345 3334 baldoria
368 3313 384 3333 e
407 3302 547 3343 tripudio
570 3303 651 3334 della
677 3314 734 3334 sua
757 3303 988 3344 trascuraggine
1010 3313 1027 3334 e
1043 3303 1125 3334 della
1139 3314 1240 3335 scarsa

168 3361 182 3375 »
205 3358 261 3379 sua
285 3347 398 3378 critica.
417 3359 431 3374 ν
549 3354 553 3359 '

232 3393 318 3423 Haec
342 3392 448 3432 Scipio
473 3391 712 3433 Christophori:
736 3392 831 3423 verba
854 3402 970 3432 nempe
985 3399 1015 3423 et
1029 3393 1122 3423 verba
1137 3393 1239 3433 plura,

166 3447 246 3477 quae
270 3436 409 3467 taedium
433 3436 580 3476 ingerunt
603 3444 824 3477 praetereaque
848 3437 936 3468 nihil.
962 3440 1029 3477 Age
1043 3445 1135 3468 vero:
1154 3437 1239 3468 Cau-

165 3490 234 3511 sam
263 3482 415 3521 ignoras,
446 3491 505 3512 cur
527 3481 567 3512 de
596 3481 795 3512 Summontio
819 3482 857 3512 ob
887 3482 1063 3523 allegatam
1101 3482 1241 3513 Thomae

167 3526 388 3555 auctoritatem
420 3526 568 3566 querelas
600 3527 704 3567 egerit
733 3526 975 3558 Filamondus?
1005 3526 1110 3557 Causa
1134 3533 1237 3567 patet:

168 3569 256 3609 quod
284 3569 427 3599 traditam
466 3570 504 3600 ab
536 3570 695 3610 Aquinate
728 3571 915 3601 sententiam
939 3570 1035 3602 fuisse
1066 3580 1124 3611 pro
1154 3577 1238 3602 certo

168 3612 320 3651 habuerit,
345 3623 426 3654 quae
449 3613 481 3643 in
506 3615 697 3653 praesidium
721 3614 794 3644 diris
819 3615 950 3646 devotae
965 3615 1126 3655 opinionis
1142 3615 1238 3646 advo-

907 245 1370 284 DISSERTATIONES
1400 245 1649 282 CRITICAE

1308 323 1368 353 cari
1393 323 1502 363 possit.
1528 324 1609 361 Quis
1633 335 1699 355 non
1724 325 1927 366 indignetur?
1951 328 2071 359 Textus
2095 328 2159 367 ille,
2179 339 2277 370 quern
2292 329 2387 360 Sum-

1306 368 1448 398 montius
1472 375 1579 398 mente
1602 370 1755 408 versabat,
1780 371 1934 413 novitque
1956 373 2058 403 verbis
2081 373 2159 411 illis,
2183 373 2230 404 ch'
2247 376 2265 404 e
2287 384 2386 415 opera

1305 412 1399 442 lecita
1424 422 1441 443 e
1465 414 1642 451 meritoria,
1669 424 1735 444 non
1760 415 1840 445 alius
1865 416 1976 457 utique
2000 417 2104 455 fuerit,
2121 417 2181 447 nisi
2201 418 2257 458 qui
2271 418 2387 458 legitur

1305 456 1331 486 11
1349 456 1451 495 Sent.,
1470 457 1541 488 dist.
1557 468 1640 496 xnrv,
1658 468 1712 499 qu.
1729 469 1763 497 11,
1781 466 1836 490 art.
1861 470 1884 490 11
1907 470 1963 491 seu
1981 462 2162 500 penultimo
2186 463 2284 493 totius
2303 463 2386 502 eius-

1303 501 1374 531 dem
1398 502 1532 532 secundi
1556 502 1640 540 libri,
1666 503 1706 532 ad
1733 504 1747 533 5
1774 503 1830 534 ubi
1853 503 1930 534 haec
1945 505 2102 536 habentur
2117 516 2259 537 consona
2273 507 2384 545 verba,

1304 545 1461 576 laudatur
1483 552 1515 577 et
1538 548 1724 587 praemium
1756 549 1881 588 accipit.
1907 548 1970 579 Sed
1993 549 2079 580 hunc
2108 550 2239 581 miscere
2262 557 2385 582 textum

1304 600 1379 620 cum
1417 591 1565 622 damnata
1599 591 1752 632 opinione
1788 602 1950 623 summam
1985 603 2051 624 esse
2091 594 2284 625 dementiam
2318 596 2384 626 iam

1302 634 1448 674 superius
1471 642 1638 666 ostensum
1662 643 1718 667 est.
1742 637 1863 668 Locum
1888 648 1909 668 a
1923 637 2124 669 Summontio
2140 639 2314 669 indicatum
2329 640 2382 670 Fi-

1302 679 1474 710 lamondus
1497 681 1727 711 animadvertit
1750 682 1782 712 in
1807 683 1987 713 recentibus
2021 683 2254 713 Commentarii
2276 684 2309 713 in
2333 693 2383 714 se-

1302 723 1442 754 cundum
1454 724 1693 756 Sententiarum
1710 726 1826 756 librum
1845 727 2035 758 editionibus
2050 737 2113 758 non
2129 728 2277 758 inveniri.
2294 728 2383 759 Haec

1302 778 1319 797 a
1342 767 1534 798 Filamondo
1559 769 1641 799 dicta
1660 770 1810 810 nuspiam
1833 771 1916 811 lego.
1942 771 2009 802 Cur
2031 769 2195 812 imponis?
2219 772 2254 802 Id
2278 782 2382 803 unum

1301 812 1353 849 ait,
1379 813 1567 843 sententiam
1591 814 1739 844 Thomae
1769 815 1863 845 tn'bui
1894 822 1949 846 aut
1972 816 2119 847 traditam
2142 827 2160 847 a
2183 816 2314 847 Thoma
2337 817 2381 848 ita

1299 856 1442 896 intelligi,
1467 863 1503 887 ut
1526 858 1693 888 damnatae
1717 858 1863 898 opinioni
1887 859 2000 898 faveat,
2024 860 2146 891 facinus
2170 871 2237 891 esse
2256 861 2380 892 temeri-

1300 901 1370 931 tatis
1394 901 1538 941 plenum.
1563 902 1676 932 Verius
1701 902 1780 932 nihil
1795 903 1855 933 dici
1873 910 2006 943 poterat.
2023 905 2094 935 Imo
2109 905 2295 936 Filamondi
2309 907 2380 936 ani-

1299 946 1481 976 madversio
1510 951 1557 977 est
1588 947 1620 977 in
1644 947 1778 978 Summa
1802 948 1982 989 theologica
2007 948 2189 979 doctrinam
2212 950 2253 980 ab
2280 950 2381 990 Aqui-

1300 996 1375 1021 nate
1398 991 1496 1028 tradi‚
1521 1001 1605 1031 quae
1627 991 1822 1022 adversatur
1843 994 2024 1023 sententiae
2046 1003 2066 1023 a
2081 993 2282 1024 Summontio
2298 994 2380 1024 indi-

1299 1041 1400 1066 catae.
1414 1036 1483 1065 Imo
1499 1035 1594 1066 etiam
1605 1046 1642 1066 ex
1651 1036 1832 1076 penultimo
1842 1037 1983 1068 articulo
1992 1037 2126 1068 secundi
2135 1037 2377 1068 Sententiarum

1299 1080 1374 1110 libri
1396 1090 1484 1110 arma
1507 1080 1624 1120 promi,
1648 1091 1730 1121 quae
1755 1081 1938 1112 damnatam
1953 1082 2142 1122 opinionem
2155 1082 2312 1122 iugulant,
2329 1092 2376 1113 re-

1300 1124 1437 1155 ctissime
1467 1125 1676 1156 Filamondus
1707 1125 1878 1156 admonet:
1908 1126 1989 1157 hanc
2018 1126 2104 1157 enim
2134 1127 2244 1157 evertit
2273 1133 2377 1158 textus

1298 1169 1464 1207 indicatus,
1490 1169 1553 1199 sive
1577 1179 1634 1209 per
1664 1170 1806 1210 seipsum
1830 1178 1977 1211 sumptus
2002 1171 2066 1201 sive
2091 1181 2166 1202 cum
2189 1178 2378 1211 argumento

1298 1214 1480 1254 prolusorio
1504 1221 1534 1244 et
1558 1224 1632 1244 cum
1655 1214 1776 1255 integra
1799 1215 1920 1246 articuli
1944 1215 2087 1246 doctrina
2115 1225 2287 1246 connexus.

1365 1258 1464 1299 Atqui
1489 1259 1689 1289 verissimum
1714 1265 1761 1290 est
1794 1260 1826 1290 in
1858 1260 2094 1301 antiquioribus
2126 1270 2258 1300 operum
2297 1260 2379 1290 7720-

1299 1313 1371 1333 mae
1386 1303 1576 1334 editionibus
1592 1308 1714 1334 textum
1731 1305 1880 1344 reperiri,
1896 1314 1988 1345 quem
2006 1305 2127 1335 indicat
2146 1305 2377 1335 Summontius.

1299 1347 1376 1386 Viro
1401 1347 1523 1388 egregie
1547 1347 1654 1378 critico
1686 1348 1759 1378 satis
1784 1348 1844 1379 fuit
1872 1349 2020 1390 antiquas
2051 1349 2225 1380 universim
2253 1359 2378 1379 memo-

1299 1402 1365 1422 rare
1390 1392 1559 1422 editiones:
1577 1399 1632 1423 tua
1651 1392 1755 1432 fuerit,
1778 1393 1887 1432 lector,
1904 1394 2037 1424 lustrare
2057 1394 2262 1424 bibliothecas
2283 1400 2379 1434 atque

1299 1437 1379 1466 inter
1402 1443 1540 1467 vetustas
1561 1436 1714 1467 editiones
1738 1437 1844 1477 plures
1868 1438 1957 1468 illam
1981 1438 2133 1477 invenire,
2158 1448 2240 1479 quae
2255 1445 2379 1469 textum

1299 1480 1467 1521 Aquinatis
1482 1480 1657 1511 indicatum
1681 1488 1825 1521 praestet.
1843 1484 1886 1513 At
1902 1483 2089 1513 huiusmodi
2113 1490 2227 1520 textus,
2248 1483 2287 1513 de
2310 1492 2377 1523 quo

1299 1524 1412 1564 agitur,
1436 1525 1486 1555 vel
1509 1525 1560 1555 ille
1584 1525 1762 1565 ipsissimus
1778 1533 1834 1564 est,
1851 1527 1907 1567 qui
1924 1528 1950 1557 11
1970 1527 2123 1565 Sentent.,
2140 1527 2276 1558 distinct.
2293 1537 2377 1565 nav,

1299 1576 1420 1610 quaest.
1438 1580 1477 1607 11,
1495 1569 1580 1600 artic.
1598 1580 1620 1599 11
1636 1570 1676 1599 ad
1695 1571 1710 1599 5
1732 1570 1864 1610 legitur;
1887 1571 1938 1601 vel
1962 1571 2042 1602 alius
2058 1571 2217 1612 quislibet.
2240 1571 2273 1602 Si
2288 1571 2376 1611 prior

1299 1614 1369 1652 ille,
1394 1613 1472 1654 quid
1496 1623 1590 1654 opus,
1615 1620 1753 1644 vetustas
1777 1615 1963 1654 perscrutari
1987 1615 2153 1654 editiones,
2174 1626 2250 1646 cum
2268 1615 2377 1656 ipsum
2404 1622 2407 1624 '

1299 1658 1380 1689 sicut
1403 1658 1563 1699 antiquae,
1579 1658 1622 1689 ita
1638 1665 1777 1689 recentes
1797 1659 1974 1699 praeferant
1989 1657 2121 1690 omnes?
2138 1660 2237 1697 Quod
2253 1659 2279 1690 si
2295 1659 2377 1690 alius

1299 1703 1464 1743 quislibet,
1489 1703 1575 1733 hunc
1599 1703 1732 1733 demum
1756 1703 1863 1734 afferas
1887 1714 1922 1735 ac
1945 1711 2104 1735 vetustam
2132 1704 2307 1735 editionem
2329 1703 2378 1735 in-

1299 1747 1378 1785 dica,
1407 1747 1461 1778 ubi
1478 1747 1639 1778 habeatur.
1662 1748 1754 1778 Hinc
1769 1750 1999 1789 argumentari
2022 1749 2095 1780 licet
2117 1758 2216 1779 novos
2238 1748 2378 1780 editores

1300 1801 1400 1822 novas
1418 1792 1586 1823 mutilasse
1601 1792 1765 1829 editiones,
1783 1803 1867 1833 quae
1885 1798 1974 1824 textu
1992 1794 2048 1824 illo
2064 1799 2186 1824 carent.
2205 1792 2377 1824 Calumnia

1299 1843 1356 1874 est,
1373 1846 1455 1877 quae
1470 1836 1699 1876 probatissimis
1715 1836 1876 1877 affingitur
1894 1837 2120 1868 recentioribus
2135 1847 2272 1878 operum
2286 1837 2376 1868 Tho-

1299 1891 1370 1911 mae
1387 1881 1570 1912 editoribus.
1589 1881 1766 1912 Indicatum
1790 1891 1808 1911 a
1827 1881 2033 1913 Summontio
2057 1888 2190 1921 textum,
2206 1892 2305 1923 quem
2323 1892 2376 1912 su-

1298 1936 1354 1966 pra
1378 1925 1620 1966 descripsimus,
1645 1932 1804 1965 praestant
1827 1926 1993 1964 editiones,
2017 1927 2165 1957 Romana
2188 1926 2263 1957 anni
2292 1927 2375 1968 1570

1299 1971 1358 2000 sub
1381 1970 1439 2000 Pio
1456 1970 1496 2008 V,
1513 1970 1635 2001 Veneta
1656 1971 1736 2010 1593
1757 1970 1840 2011 typis
1864 1970 2026 2001 Dominici
2051 1971 2219 2009 Niccolini,
2238 1973 2376 2002 Antuer-

1298 2014 1414 2055 piensis
1438 2012 1509 2056 (seu
1534 2013 1752 2057 Coloniensis)
1775 2015 1856 2045 1612
1878 2025 1952 2046 cura
1971 2025 2006 2046 ac
2026 2015 2132 2046 studio
2149 2015 2288 2047 Cosmae
2304 2015 2375 2046 Μο-

1298 2059 1408 2096 relles‚
1432 2058 1572 2089 Parisina
1601 2059 1683 2089 1660
1707 2066 1873 2090 accurante
1907 2060 2025 2090 Ioanne
2057 2059 2224 2099 Nicolaio,
2254 2060 2376 2091 Veneta

1298 2104 1430 2134 demum
1454 2113 1536 2144 quae
1560 2113 1646 2134 nunc
1679 2103 1786 2143 prodit
1816 2104 1950 2144 praeviis
1973 2104 2267 2142 admonitionibus,
2291 2113 2375 2145 quae

1297 2147 1429 2188 singulis
1453 2147 1549 2178 tomis
1573 2147 1692 2185 insunt,
1709 2148 1764 2178 abs
1789 2158 1841 2178 me
1864 2148 2055 2179 elucubratis
2070 2149 2204 2179 munita.
2221 2149 2375 2179 Recentes

1297 2193 1372 2222 alias
1396 2199 1427 2223 et
1450 2192 1595 2233 antiquas
1615 2202 1763 2223 recenseo
1780 2192 1946 2230 editiones,
1962 2203 2045 2234 quae
2061 2199 2183 2224 textum
2198 2193 2375 2224 indicatum

1296 2237 1433 2275 habent,
1458 2237 1614 2268 Venetam
1643 2237 1724 2267 1586
1758 2237 1845 2277 apud
1868 2237 2028 2268 Heredem
2052 2237 2243 2279 Hieronymi
2267 2237 2374 2276 Scoti,

1296 2282 1452 2312 Venetam
1475 2281 1571 2311 aliam
1600 2283 1682 2321 1529
1707 2282 1858 2312 mandato
1892 2289 1923 2312 et
1952 2282 2096 2322 expensis
2127 2282 2294 2313 Heredum
2316 2291 2376 2312 no-

1296 2326 1367 2356 bilis
1390 2326 1448 2356 viri
1467 2326 1507 2357 D.
1525 2325 1691 2357 Octaviani
1717 2326 1814 2364 Scoti,
1839 2327 2090 2366 Lugdunensem
2119 2327 2201 2357 1520
2220 2326 2305 2368 typis
2329 2326 2375 2357 Ia·

1296 2370 1367 2401 cobi
1400 2371 1489 2411 Myt,
1520 2371 1676 2401 Venetam
1706 2372 1786 2402 1503
1817 2380 1873 2411 per
1905 2371 2072 2402 Simonem
2105 2371 2145 2402 de
2178 2371 2282 2402 Luere
2313 2380 2373 2411 pro

1295 2415 1334 2445 D.
1353 2415 1480 2445 Andrea
1503 2415 1684 2446 Torresano
1709 2415 1748 2445 de
1772 2415 1881 2446 Asula.
1900 2415 1967 2446 Cur
1982 2415 2176 2457 antiquiores
2193 2415 2374 2456 diligentius

1295 2459 1557 2500 perquisiverim,
1582 2469 1657 2490 cum
1680 2466 1729 2490 tot
1751 2459 1832 2491 inter
1856 2470 1888 2490 se
1917 2460 2053 2491 omnino
2087 2470 2248 2491 consonae
2271 2459 2374 2501 suspi-

1295 2504 1422 2534 cionem
1445 2503 1573 2545 iniquae
1597 2514 1723 2541 manus,
1738 2514 1820 2545 quae
1844 2504 2012 2545 quidpiam
2035 2505 2275 2543 detruncaverit,
2294 2504 2373 2535 abii-

1295 2548 1378 2579 ciant
1401 2546 1555 2579 omnem?
1571 2548 1686 2590 Itaque
1709 2549 1902 2580 Summontii
1917 2550 2048 2590 integra
2053 2549 2143 2591 fides
2166 2554 2301 2587 constat,
2317 2549 2374 2590 qui

1295 2598 1417 2623 textum
1431 2592 1562 2633 falsum
1587 2603 1651 2623 non
1676 2593 1840 2630 indicavit,
1867 2599 1902 2624 ut
1924 2595 2033 2624 aurito
2060 2595 2160 2635 gregi
2173 2593 2295 2634 fucum
2308 2593 2370 2634 fa-

1295 2642 1389 2668 ceret.
1414 2637 1556 2668 Huiusce
1580 2637 1688 2677 probri
1712 2637 1956 2668 Summontium
1979 2647 2046 2668 non
2070 2637 2266 2668 insimulavit
2289 2637 2370 2668 Fila—

1295 2681 1435 2711 mondus
1468 2681 1501 2711 in
1532 2691 1569 2712 ea
1591 2691 1655 2722 qua
1685 2681 1724 2712 de
1748 2682 1872 2721 agimus
1895 2681 2094 2722 quaestione.
2123 2681 2301 2712 Audaciam
2323 2691 2371 2712 ar-

1294 2725 1382 2765 guit,
1412 2735 1477 2766 qua
1506 2725 1669 2756 innoxiam
1701 2725 1848 2756 Thomae
1879 2725 2056 2756 doctrinam
2089 2726 2240 2764 adduxit,
2271 2725 2371 2757 veluti

1295 2770 1462 2800 damnatae
1485 2768 1631 2809 opinioni
1655 2769 1830 2800 faventem:
1849 2769 1999 2811 additque
2022 2776 2186 2810 postremo
2210 2770 2284 2801 loco
2303 2770 2370 2801 ani-

1295 2813 1570 2852 madversionem,
1594 2813 1627 2843 in
1651 2813 1795 2844 eiusdem
1817 2813 1958 2845 historici
1983 2814 2132 2845 universo
2164 2824 2260 2855 opere
2288 2814 2369 2846 indi-

1295 2865 1363 2889 cata
1393 2858 1551 2899 quaedam
1583 2857 1723 2888 aliorum
1755 2858 1947 2899 scriptorum
1979 2858 2050 2889 loca
2080 2865 2135 2890 aut
2157 2866 2280 2899 reperta
2303 2869 2370 2890 nou

1296 2912 1362 2933 esse
1386 2909 1441 2933 aut
1470 2912 1636 2943 perperam
1666 2902 1832 2934 intellecta.
1859 2903 2035 2934 Innotescit
2062 2904 2157 2934 etiam
2185 2903 2371 2935 Filamondi

1297 2947 1508 2988 negligentia,
1525 2948 1580 2987 qui
1594 2952 1716 2978 textum
1741 2957 1761 2977 a
1785 2947 1985 2979 Summontio
2002 2947 2178 2979 indicatum
2198 2949 2372 2989 exquirere

1296 2993 1328 3022 in
1346 2992 1478 3022 vetustis
1498 2992 1637 3022 Thomae
1653 2991 1843 3023 editionibus
1860 2993 2092 3032 praetermisit.
2108 2993 2230 3023 Eadem
2245 3002 2371 3034 semper

1295 3036 1422 3066 oberras
1445 3036 1572 3066 chorda.
1594 3036 1751 3066 Indicatus
1775 3036 1943 3077 Aquinatis
1967 3043 2069 3068 textus
2093 3047 2149 3068 cur
2178 3037 2211 3067 in
2238 3036 2370 3068 vetustis

1296 3080 1488 3111 editionibus
1502 3091 1520 3110 a
1535 3080 1726 3111 Filamondo
1743 3080 1940 3121 diligentiore
1958 3091 2031 3112 cura
2042 3081 2279 3122 >perquirendus
2294 3087 2370 3121 erat,

1295 3134 1394 3166 quem
1416 3125 1578 3155 invenerat
1608 3125 1795 3166 legebatque
1818 3125 1850 3155 in
1875 3135 1926 3163 ea,
1956 3125 2021 3156 sive
2052 3126 2167 3157 recenti
2190 3125 2262 3157 usive
2290 3125 2369 3158 anti-

1295 3179 1370 3210 qua,
1394 3179 1458 3210 qua
1482 3170 1628 3200 utebatur
1651 3167 1812 3200 editione?
1836 3170 1962 3200 Locum
1977 3170 2073 3201 etiam
2098 3170 2240 3201 Caietani
2263 3169 2368 3209 refert,

1296 3213 1350 3244 ubi
1375 3220 1476 3244 textus
1500 3213 1644 3244 eiusdem
1663 3214 1834 3244 rectissima
1858 3221 1889 3245 et
1911 3214 2040 3245 innoxia
2063 3215 2217 3246 sententia
2236 3213 2367 3255 exponi-

1295 3265 1356 3289 tur.
1376 3259 1419 3289 At
1442 3258 1524 3289 idem
1549 3263 1656 3289 textus
1679 3259 1712 3288 in
1737 3259 1927 3290 editionibus
1943 3260 2064 3300 priscis
2076 3264 2207 3301 prostat
2228 3258 2367 3299 splendi-

1295 3303 1455 3334 dissimus.
1474 3303 1598 3334 Prostat
1614 3303 1709 3334 etiam
1732 3303 1764 3333 in
1789 3303 1961 3334 recentiore
1985 3303 2124 3334 editione
2148 3302 2305 3344 qualibet:
2330 3311 2367 3333 ae

1295 3347 1389 3387 plena
1412 3347 1589 3378 calumniae
1613 3347 1752 3388 suscipio
1777 3354 1833 3386 est,
1850 3357 1932 3389 quae
1956 3348 1995 3378 de
2014 3347 2167 3379 mutilatis
2190 3346 2366 3378 recentibus

1295 3391 1443 3422 Thomae
1467 3401 1602 3432 operum
1626 3391 1818 3423 editionibus
1842 3392 2003 3432 ingeritur.
2022 3392 2062 3423 In
2086 3393 2171 3423 hanc
2197 3400 2277 3432 ergo
2299 3391 2366 3431 opi-

1295 3437 1433 3473 nionem,
1452 3437 1579 3467 tametsi
1593 3436 1828 3474 duriusculum,
1847 3437 1972 3468 abierat
1989 3437 2144 3478 Aquinas.
2161 3434 2366 3467 Verissimum

1294 3491 1312 3510 a
1335 3480 1466 3511 Thoma
1493 3481 1639 3512 traditam
1663 3481 1852 3522 opinionem
1881 3481 2086 3522 gratulamur.
2120 3480 2173 3511 Tu
2195 3478 2365 3510 duriuscu-

1295 3525 1359 3555 lam
1384 3535 1489 3563 vocas,
1514 3535 1612 3566 quam
1636 3525 1853 3556 moderatione
1870 3526 1998 3566 plenam
2013 3531 2043 3556 et
2057 3522 2228 3564 tranquillo
2251 3522 2364 3554 Domi-

1294 3579 1412 3600 norum
1436 3569 1580 3609 regimini
1598 3576 1629 3600 et
1647 3570 1716 3610 paci
1736 3570 1880 3610 publicae
1901 3569 2058 3600 faventem
2073 3566 2285 3608 pronunciant
2308 3567 2364 3597 do-

1294 3614 1423 3645 ctissimi
1447 3614 1588 3654 theologi
1612 3614 1742 3655 quique.
1773 3613 1864 3644 lllam
1886 3613 2003 3644 scilicet
2025 3610 2242 3652 intelligimus,
2265 3621 2365 3653 quam
