2548 4192
202 266 332 291 CCCXIV

203 344 218 359 »
241 333 394 372 pellatur,
419 331 562 362 Thomas
593 330 839 369 elucubraverit3
872 330 949 360 nihil
977 330 1100 359 obstare
1129 328 1275 366 videtur,

203 389 218 403 »
241 376 414 417 quominus
438 382 540 415 partes
564 375 641 405 aliae
669 385 727 414 pro
756 384 906 415 germano
935 373 1076 404 eiusdem
1105 372 1193 402 foetu
1217 372 1272 402 ha-

204 432 219 448 »
242 420 307 450 beri
330 420 472 450 debeant.
486 432 500 447 >>
527 419 614 449 Haec
637 419 697 449 ille.
1019 454 1022 457 ι

269 464 399 495 Criticas
419 463 574 494 eiusmodi
599 472 743 492 censuras
761 472 797 492 ex
812 461 914 491 aurito
938 471 1030 500 grege
1056 459 1153 502 (absit
1176 460 1273 490 verbo

201 508 333 547 invidia,
359 508 447 548 quod
470 507 538 546 ipsa
560 506 670 536 veritas
695 503 876 547 extorquet)
901 504 1033 545 quilibet
1056 504 1135 534 ferre
1157 510 1272 544 potest.

202 553 343 590 Quinam
359 562 432 582 vero
450 550 562 581 eruditi
586 560 729 580 censores
753 549 797 579 illi
817 549 942 587 fuerint,
967 549 1023 589 qui
1047 550 1103 580 vix
1117 548 1272 579 decimam

195 602 325 638 partem
353 595 505 635 Operum,
531 604 612 634 quae
636 593 781 623 Thomae
806 592 935 622 nomine
958 592 1181 631 inscribuntur,
1205 603 1272 633 ger-

201 651 313 671 manos
337 640 478 673 eiusdem
502 637 605 668 foetus
630 634 828 667 censuerint?
852 636 919 667 Cur
942 643 990 667 tot
1013 636 1271 675 accuratissimas,

201 694 282 726 quae
305 683 369 713 iam
392 682 590 722 prodierant,
620 682 658 711 de
687 681 807 720 scriptis
831 680 999 721 Aquinatis
1027 691 1093 711 non
1122 681 1273 712 evolverit

201 727 440 764 dissertationes,
453 733 488 756 ut
502 725 615 756 melius
629 725 799 756 instructus
810 735 989 765 anonymus
1006 735 1117 755 censor
1131 735 1272 765 aequum

200 772 352 812 proferret
367 770 521 800 iudicium
537 770 576 800 de
592 769 737 809 Operum
754 779 899 807 numero,
924 779 1006 809 quae
1022 769 1166 799 Thomas
1183 779 1271 799 com-

200 813 330 857 posuit?
353 814 440 852 Quid
456 821 502 844 est
516 814 605 852 illud,
623 814 713 854 quod
729 814 787 844 ait:
809 814 956 844 lectiones
972 813 1062 843 edere
1078 813 1272 853 Aquinatem

200 861 336 900 coepisse
351 859 383 889 in
400 858 587 898 Magistrum
603 855 856 889 Sententiarum?
879 857 1038 898 Equidem
1058 857 1271 889 sanctissimus

200 905 320 935 Doctor
351 902 515 933 consuevit
543 912 644 933 sacras
674 902 849 942 Scripturas
882 909 912 932 et
942 901 1118 932 Aristotelis
1148 901 1245 932 libros
1261 925 1269 941 ,

199 948 341 988 aliosque
363 954 481 977 veteres
504 954 648 978 auctores
673 946 901 977 commentario
920 945 1134 986 interpretari,
1162 946 1196 976 in
1218 957 1270 977 ca-

194 993 264 1033 pita
289 998 319 1022 et
341 991 374 1021 in
398 992 545 1022 lectiones
568 991 703 1022 tributo:
736 997 768 1021 at
790 990 976 1020 huiusmodi
1005 991 1152 1021 lectiones
1175 1001 1271 1030 appa-

199 1043 267 1067 rent
283 1035 387 1066 nullae
401 1035 434 1065 in
450 1044 496 1074 ea,
508 1045 607 1076 quam
623 1035 767 1073 confecit,
779 1034 1011 1065 Sententiarum
1026 1035 1166 1075 magistri
1182 1045 1270 1066 corn-

198 1079 402 1110 mentatione.
427 1080 547 1110 Textus
563 1079 667 1119 primo
683 1080 756 1109 loco
773 1078 958 1119 exponitur,
978 1086 1048 1109 tum
1071 1080 1271 1119 quaestiones

199 1124 386 1155 excitantur:
407 1133 489 1164 quae
508 1124 541 1153 in
563 1124 717 1154 articulos
738 1130 792 1154 aut
813 1123 954 1153 membra
970 1123 1162 1154 dividuntur.
1184 1124 1271 1161 Quid

199 1175 246 1199 est
268 1168 357 1207 illud,
382 1169 472 1208 quod
494 1168 561 1208 ipse
577 1168 721 1198 Thomas
745 1167 912 1208 coeperit?
936 1168 1004 1197 Imo
1020 1167 1179 1208 vigentem
1194 1175 1271 1199 tunc

198 1212 350 1252 temporis
373 1222 498 1243 morem
521 1219 675 1252 sequutus
700 1219 761 1243 est:
795 1221 861 1252 quo
886 1211 999 1242 eruditi
1021 1211 1098 1250 viri,
1131 1212 1188 1253 qui
1211 1220 1270 1243 tra-

198 1257 319 1287 dendae
343 1256 503 1287 doctrinae
527 1256 723 1296 theologicae
743 1266 874 1295 operam
898 1255 1007 1286 darent
1026 1263 1056 1286 et
1071 1257 1186 1296 gradus
1202 1267 1270 1297 per-

199 1307 358 1331 currerent
379 1300 412 1330 in
435 1300 600 1331 Parisiensi
624 1300 830 1331 Universitate
855 1300 1115 1340 consequendos,
1140 1301 1270 1332 adstrin-

197 1345 351 1386 gebantur
381 1352 502 1376 textum
531 1344 669 1385 Magistri
693 1343 924 1375 Sententiarum
954 1344 1050 1374 motis
1081 1345 1270 1384 opportunis

198 1389 437 1430 quaestionibus
453 1389 616 1420 illustrare.
635 1389 754 1419 Parum
769 1398 844 1428 ergo
860 1387 1050 1418 instructum
1066 1398 1103 1419 ac
1116 1389 1271 1420 idoneum

198 1444 231 1464 se
254 1434 382 1473 praebet
414 1443 614 1474 anonymus,
643 1433 699 1473 qui
725 1432 863 1472 prudens
894 1441 930 1462 ac
954 1432 1095 1462 solidum
1123 1433 1162 1463 de
1185 1433 1271 1474 ope-

197 1478 284 1508 ribus
307 1477 454 1508 Thomae
478 1477 556 1508 ferre
579 1477 734 1507 iudicium
757 1476 866 1506 valeat.

265 1522 317 1553 111.
340 1521 521 1552 Novissima
539 1521 686 1552 Historia
705 1522 816 1551 critica
834 1520 1066 1560 philosophiae,
1090 1531 1189 1561 quam
1212 1521 1270 1551 im-

197 1567 300 1607 probo
325 1566 449 1606 collegit
471 1566 577 1596 labore
602 1565 734 1595 Iacobus
757 1565 950 1603 Bruckerus,
974 1574 1037 1604 reg.
1054 1565 1126 1596 Soc.
1151 1565 1271 1596 Beroli—

197 1610 301 1641 nensis
318 1611 509 1648 membrum,
533 1610 639 1640 lucem
654 1609 732 1639 vidit
749 1619 834 1639 anno
856 1609 936 1650 1743
954 1608 1037 1649 typis
1054 1609 1270 1649 Lipsiensibus

197 1654 280 1685 edita
307 1654 393 1694 apud
420 1654 616 1684 Bernardum
644 1653 914 1693 Christophorum
943 1653 1125 1693 Breitkoph.
1159 1654 1270 1695 Longe

195 1699 322 1739 lateque
345 1698 384 1728 ad
408 1708 539 1728 examen
561 1704 715 1728 vocantur
738 1697 905 1738 Aquinatis
922 1697 1039 1737 Opera,
1060 1697 1270 1740 Operumque

196 1742 344 1782 pretium,
370 1742 522 1780 doctrina,
546 1741 729 1780 methodus,
753 1741 850 1772 dictio
873 1748 964 1772 tomo
986 1742 1043 1780 111,
1067 1742 1200 1782 periodo
1226 1744 1268 1782 ΙΙ,

195 1793 283 1826 parte
307 1786 349 1824 11,
373 1786 427 1817 lib.
453 1787 495 1824 ΙΙ,
521 1796 589 1826 cap.
613 1796 661 1824 111,
686 1792 760 1817 sect.
784 1796 822 1824 11,
845 1785 948 1826 519.
973 1782 1165 1817 Censorium
1187 1787 1268 1818 iudi-

196 1830 282 1861 cium
298 1830 364 1861 eius
380 1830 497 1870 accipe,
521 1830 554 1860 in
570 1840 637 1871 quo
654 1830 739 1861 bona
755 1836 830 1860 sunt
847 1829 945 1861 mixta
964 1830 1055 1860 malis
1071 1841 1089 1861 a
1103 1841 1174 1872 pag.
1191 1831 1266 1863 803:

198 1888 213 1904 ‹
235 1875 334 1905 Nobis
351 1875 376 1905 si
395 1875 427 1905 in
444 1882 531 1906 tanto
555 1875 781 1907 sententiarum
809 1874 987 1905 discrimine
1010 1874 1165 1906 iudicium
1186 1886 1268 1916 quo-

198 1931 214 1947 »
236 1929 310 1960 que,
335 1920 425 1960 quod
447 1919 628 1950 institutum
651 1919 802 1958 postulat,
827 1918 1022 1950 afferendum
1045 1926 1108 1959 est;
1128 1920 1268 1952 ,fatemur

198 1976 213 1992 »
236 1963 369 1994 omnino
400 1963 496 1994 fuisse
518 1963 552 1993 in
580 1963 709 1994 Thoma
731 1963 891 1994 iudicandi
914 1963 1014 1994 aciem
1036 1963 1123 1994 haud
1146 1965 1267 1995 medio-

198 2020 213 2035 »
236 2018 331 2046 crem,
347 2008 511 2048 ingenium
526 2008 688 2047 excellens,
705 2007 848 2038 lectionis
864 2007 990 2048 copiam
1004 2014 1035 2039 et
1049 2008 1267 2040 inexhaustam

198 2064 213 2080 >›
235 2062 365 2092 prorsus
387 2052 586 2090 industriam,
611 2062 675 2092 qua
698 2052 987 2093 quinquagenarius
1011 2052 1143 2084 denatus
1167 2059 1215 2084 tot
1238 2060 1268 2084 et

196 2108 213 2132 3>
235 2103 321 2127 tanta
336 2096 468 2128 scribere
484 2096 598 2136 potuit.
623 2097 788 2127 Habemus
803 2096 836 2126 in
851 2106 889 2126 eo
905 2097 1134 2128 consentientes
1149 2098 1266 2128 duum-

198 2152 214 2168 »
234 2140 318 2171 viros
342 2140 570 2172 eruditissimos
601 2147 631 2172 et
659 2141 862 2172 scholasticae
885 2141 1106 2181 philosophiae
1136 2142 1268 2172 minime

198 2197 213 2212 ιι
235 2192 398 2224 patronos,
419 2185 622 2216 Ludovicum
638 2185 751 2216 Vivem
770 2193 800 2216 et
815 2185 987 2216 Erasmum
1002 2186 1266 2217 Roterodamum.

198 2241 214 2257 ›
237 2230 387 2267 Quorum
409 2229 461 2260 ille
486 2227 552 2271 (De
574 2229 675 2260 causis
699 2235 872 2269 corruptas.
889 2237 946 2261 art.
970 2230 1008 2261 L.
1023 2227 1082 2271 V.)
1106 2230 1178 2262 licet
1201 2231 1267 2261 cul-

196 2285 211 2300 »
234 2280 288 2313 pet
310 2274 343 2304 in
375 2273 553 2314 Aquinate,
579 2271 644 2315 (a)
671 2274 762 2314 quod
784 2278 914 2305 secutus
940 2275 981 2305 sit
1012 2275 1153 2305 alienum
1187 2275 1267 2306 iudi-

197 2330 212 2345 »
234 2319 331 2356 cium,
354 2328 449 2349 suum
474 2327 536 2348 non
561 2317 739 2349 adhibuerit
763 2319 795 2349 in
819 2318 967 2349 Secunda
986 2318 1169 2350 Secundae:
1192 2329 1268 2350 eum

197 2373 212 2388 »
235 2369 341 2393 tamen
364 2370 456 2393 vocat
472 2362 666 2402 Scriptorem
691 2362 730 2393 de
752 2363 862 2393 schola
885 2364 1028 2393 omnium
1048 2364 1267 2402 sanissimum,

197 2418 212 2434 »
235 2416 274 2437 ac
289 2408 418 2437 minime
433 2408 583 2446 ineptum.
599 2406 660 2437 Hic
674 2413 782 2437 autem
797 2405 847 2449 (in
863 2414 958 2446 caput
971 2407 982 2437 Ι
993 2406 1094 2447 Epist.
1105 2408 1145 2438 ad
1156 2406 1266 2450 Rom.)

197 2462 212 2478 ι
235 2451 340 2482 virum
364 2451 522 2490 praedicat
545 2460 607 2481 non
632 2460 691 2481 suo
717 2456 842 2482 tantum
865 2452 994 2482 saeculo
1019 2460 1193 2492 magnum:
1215 2453 1268 2483 cui

197 2506 212 2521 2·
235 2495 345 2526 nullus
368 2496 581 2526 recentiorum
606 2495 827 2535 theologorum
847 2505 914 2535 par
935 2497 976 2526 sit
999 2495 1187 2536 diligentia,
1215 2497 1268 2527 cui

197 2550 212 2565 ι·
235 2540 347 2570 sanius
369 2540 556 2580 ingenium,
585 2540 638 2570 cui
663 2539 796 2570 solidior
820 2539 978 2570 eruditio:
1004 2539 1124 2580 dignus
1146 2541 1266 2580 plane,

197 2594 212 2609 ³·
235 2584 288 2614 cui
311 2584 499 2624 linguarum
523 2593 647 2623 quoque
664 2584 802 2623 peritia,
828 2584 1013 2624 reliquaque
1035 2584 1191 2615 bonarum
1217 2586 1267 2615 lit-

198 2639 213 2654 »
235 2632 381 2658 terarum
397 2628 544 2667 supellex
558 2628 768 2668 contingeret,
791 2628 846 2667 qui
867 2629 905 2658 iis
923 2637 1006 2667 quae
1023 2637 1087 2667 per
1101 2638 1172 2659 eam
1189 2634 1267 2659 tem-

198 2683 214 2699 »
230 2677 387 2712 pestatem
411 2672 592 2709 dabantur,
620 2676 687 2702 tam
711 2671 824 2702 dextre
851 2672 891 2702 sit
920 2681 1041 2702 usus...
1058 2672 1151 2702 Unde
1174 2672 1267 2703 nimis

198 2729 213 2744 a·
236 2716 355 2746 durum
370 2723 401 2747 et
416 2715 564 2756 iniquum
586 2722 737 2756 putamus
760 2715 915 2746 iudicium
938 2715 1059 2746 Oudini
1088 2715 1192 2758 (quod
1213 2726 1267 2747 su-

199 2773 214 2789 »
231 2761 345 2801 perias
367 2761 503 2791 allatum
527 2758 611 2801 est),
635 2760 781 2790 Thomae
805 2759 974 2790 eruditioni
997 2760 1090 2799 plane
1114 2761 1267 2801 derogan-

199 2817 213 2832 »
236 2804 307 2836 tis...
323 2805 414 2842 Quae
439 2802 596 2846 (namque
612 2803 716 2834 scribit
731 2802 813 2846 ine),
830 2803 946 2843 partim
961 2803 1038 2834 falsa
1053 2811 1137 2842 sunt,
1152 2804 1267 2844 partim

198 2861 213 2877 »
235 2848 350 2879 aliena:
376 2858 451 2880 cum
474 2858 570 2879 nemo
593 2847 626 2878 id
650 2848 741 2887 forte,
765 2848 825 2878 nisi
847 2847 1017 2887 impudens
1037 2854 1067 2878 et
1081 2847 1266 2888 imprudens

198 2906 213 2922 »
235 2893 382 2924 Thomae
405 2893 561 2931 laudator,
586 2891 719 2923 affirmet
742 2891 810 2923 eius
833 2891 1045 2922 eruditionem
1070 2902 1146 2923 cum
1168 2892 1267 2923 nostri

198 2950 213 2966 2
236 2937 351 2968 saeculi
374 2937 545 2968 litteratura
568 2946 635 2967 esse
659 2936 916 2976 comparandam.
948 2936 1014 2966 Nec
1037 2943 1143 2967 tamen
1167 2936 1267 2967 defuit

198 2994 213 3009 2
237 2981 264 3012 ei
288 2981 440 3022 elegantia
462 2980 599 3021 ingenii,
630 2981 716 3011 unde
739 2980 894 3011 scribendi
921 2979 1021 3018 ratio,
1051 2987 1146 3021 atque
1170 2980 1266 3011 dictio

198 3038 213 3053 »
235 3025 341 3056 minus
371 3025 546 3063 lutulenta,
578 3034 677 3065 quam
704 3024 754 3055 sui
782 3024 898 3055 saeculi
926 3024 1072 3055 homines
1103 3025 1265 3066 plerique,

198 3082 213 3098 ι
236 3069 367 3110 ipseque
390 3076 575 3109 praeceptor
595 3069 742 3100 Albertus
758 3069 905 3109 Magnus,
930 3068 1020 3109 sequi
1043 3069 1196 3100 solebant.
1219 3069 1267 3099 Ex

199 3126 214 3142 »
237 3123 301 3154 qua
328 3113 472 3144 dictionis
502 3113 569 3144 eius
597 3113 742 3144 facilitate
771 3119 853 3144 recte
882 3112 1040 3143 criterium
1070 3113 1266 3152 desumitur,

199 3170 214 3185 2
237 3157 420 3197 suppositos
435 3157 581 3188 Thomae
603 3157 701 3188 libros
717 3167 736 3187 a
753 3156 898 3198 genuinis
914 3156 1119 3188 discernendi.
1145 3157 1266 3194 Quam-

200 3214 214 3229 »
237 3201 282 3232 vis
307 3202 488 3242 negandum
511 3212 577 3232 non
601 3211 667 3232 esse
690 3208 860 3241 putemus,
892 3211 958 3231 esse
984 3201 1016 3231 in
1040 3201 1107 3231 eius
1131 3201 1267 3232 dictione

200 3258 215 3274 »
238 3246 357 3283 multa,
389 3256 470 3286 quae
499 3256 588 3276 aures
620 3245 764 3276 delicatas
794 3245 922 3276 radant:
954 3245 986 3275 in
1015 3245 1130 3285 quibus
1160 3252 1267 3276 tamen

201 3302 215 3318 υ
237 3290 332 3331 longe
356 3289 481 3321 caeteris
505 3297 552 3321 est
573 3289 796 3321 tolerabilior...
811 3290 913 3320 Multa
936 3289 964 3319 ei
987 3289 1166 3328 defuerunt,
1185 3300 1267 3331 quae

271 3436 311 3469 (a)
326 3436 421 3462 Indicat
434 3437 512 3462 Vives
532 3442 632 3470 partem
652 3437 723 3462 illam
739 3437 863 3462 Summae
878 3436 1044 3470 theologicae,
1060 3445 1127 3471 quae
1142 3438 1266 3464 Secunda

200 3471 338 3496 Secundae
362 3473 517 3505 appellatur,
537 3479 567 3497 ex
586 3472 670 3497 alieno
687 3472 813 3497 Vincentii
836 3473 1028 3498 Bellovacensis
1056 3473 1126 3498 fonte
1148 3473 1267 3499 hausisse

199 3505 338 3532 Thomam.
358 3507 414 3538 Qua
434 3507 459 3532 in
478 3515 506 3532 re
523 3513 577 3532 toto
595 3508 682 3540 ipsum
702 3508 820 3533 aberrare
838 3508 906 3533 ostio
924 3509 1059 3542 perspicua
1083 3509 1134 3534 iarn
1159 3509 1267 3534 demon-

200 3541 319 3566 stratione
338 3543 504 3567 confecimus.

271 3576 308 3609 (ὸ)
328 3577 416 3602 Latina
434 3578 578 3602 Aristotelis
597 3578 682 3602 versio
696 3578 759 3603 haec
773 3584 820 3609 est,
839 3586 905 3611 quae
924 3578 996 3603 iussu
1012 3578 1131 3604 Friderici
1147 3579 1167 3605 11
1182 3580 1266 3613 impe-

201 3611 299 3642 ratoris,
319 3613 410 3645 partim
428 3620 443 3637 e
461 3621 560 3645 graeco,
580 3613 672 3646 partim
691 3621 721 3638 ex
742 3614 842 3638 arabico
861 3621 990 3646 sermone,
1005 3614 1071 3639 circa
1085 3622 1181 3640 annum
1200 3622 1266 3640 1220

930 248 1390 288 DISSERTATIONES
1421 249 1670 288 CRITICAE

1331 340 1346 355 »
1368 329 1466 367 illam,
1491 340 1572 370 quae
1595 330 1790 371 philosopho
1815 340 1934 364 caetera
1957 334 2052 365 docto
2077 341 2107 365 et
2130 341 2223 365 acuto
2242 334 2400 372 tribuitur,

1331 384 1345 399 »
1368 374 1496 404 laudem
1519 374 1725 406 imminuunt.
1743 376 1824 407 Inter
1840 387 1876 407 ea
1899 378 2103 417 potissimum
2119 379 2229 408 locum
2245 388 2400 417 occupare

1331 430 1344 444 2
1367 417 1509 456 videtur,
1534 419 1623 459 quod
1638 430 1766 459 graecae
1789 421 1914 461 linguae
1938 422 2065 462 ignarus
2084 423 2192 461 fuerit;
2217 429 2247 452 et
2273 423 2311 452 ab
2328 421 2400 452 artis

1330 472 1344 487 »
1368 462 1488 493 criticae
1513 470 1543 493 et
1566 463 1769 495 humanitatis
1793 465 1919 503 studiis,
1947 466 2077 497 historia
2103 476 2234 507 quoque
2259 466 2400 506 philoso-

1329 518 1344 533 »
1366 506 1459 545 phica
1477 507 1670 547 imparatum
1684 508 1828 539 habuerit
1844 509 1997 540 animum.
2023 511 2094 541 Hoc
2110 511 2195 541 enim
2211 510 2316 540 studio
2332 509 2400 540 eius

1329 562 1344 577 x>
1366 550 1590 591 philosophico
1615 552 1733 592 duplici
1757 560 1850 592 pacto
1866 554 2002 584 maxime
2026 554 2126 585 sraudi
2151 555 2225 585 fuit:
2251 554 2293 585 ita
2315 554 2400 584 enim

1328 606 1342 620 »
1366 604 1440 625 curn
1463 595 1667 626 Aristotelem
1694 596 1752 627 sibi
1781 598 1896 628 ducem
1923 598 1956 628 in
1983 599 2186 639 philosophia
2214 598 2398 638 delegisset,

1329 651 1342 665 ν
1365 638 1536 679 intelligere
1560 641 1734 671 obscurum
1758 648 1788 672 et
1811 641 1972 672 difficilem
1995 643 2228 682 philosophum
2251 652 2316 672 non
2340 652 2398 682 po-

1327 694 1342 708 »
1365 683 1434 721 tuit,
1459 694 1557 724 quem
1576 685 1702 715 nonnisi
1719 695 1846 725 graecae
1862 686 1988 726 linguae
2007 694 2038 717 et
2051 686 2273 727 philosophiae
2286 685 2398 716 veteris

1327 738 1342 753 »
1365 727 1507 767 apprime
1530 729 1649 767 peritus
1673 730 1798 770 assequi
1821 737 1935 769 potest.
1965 731 2205 762 Recurrendum
2227 730 2334 771 itaque
2358 730 2398 759 ad

1327 782 1341 797 »
1364 770 1522 802 versiones
1539 779 1613 810 erat,
1638 783 1720 813 quae
1738 783 1812 803 cum
1834 781 1910 804 tunc
1929 774 2081 814 temporis
2097 786 2115 805 a
2130 774 2289 805 Saracenis
2313 781 2398 813 pete-

1327 827 1342 842 »
1364 822 1489 854 rentur3
1519 815 1638 847 factum
1660 816 1754 854 inde,
1782 825 1819 848 ut
1845 817 1919 848 vitia
1946 819 2167 858 philosophiae
2195 818 2398 849 scholasticae

1327 871 1341 885 »
1365 859 1594 890 Saracenorum
1617 860 1713 890 simul
1736 861 1899 892 disceret...
1915 862 2129 902 Theologiam
2153 869 2270 899 autem,
2294 861 2399 902 philo-

1327 914 1341 929 »
1364 903 1495 943 sophiae
1515 904 1565 934 isti
1585 904 1994 936 scholastico-aristotelicae
2014 906 2301 943 accommodando,
2320 905 2398 935 mire

1326 958 1341 973 ι·
1364 948 1533 979 turbavit...
1544 949 1718 979 Laudanda
1734 949 1865 990 quidem
1881 949 2028 980 Thomae
2043 949 2206 988 industria,
2218 949 2308 990 quod
2324 959 2399 979 cum

1326 1003 1341 1017 ³>
1363 1002 1474 1032 graeca
1497 992 1563 1032 ipse
1591 992 1762 1033 intelligere
1790 1003 1856 1023 non
1884 1001 2011 1033 posset,
2040 993 2206 1024 meliorem
2229 991 2276 1035 (b)
2300 1002 2399 1033 quam

1326 1047 1341 1062 »
1364 1046 1446 1076 quae
1469 1043 1546 1067 tunc
1569 1038 1702 1074 extabat,
1718 1037 1897 1068 versionem
1913 1037 2088 1068 Aristotelis
2106 1036 2219 1068 confici
2236 1036 2397 1067 curaverit.

1326 1091 1340 1106 >v
1364 1081 1440 1118 Quo
1464 1081 1496 1111 in
1520 1081 1648 1122 negotio
1673 1091 1769 1111 usum
1793 1092 1868 1112 eum
1891 1092 1958 1112 esse
1982 1082 2129 1112 Thomae
2148 1080 2399 1120 Cantimpratani

1326 1135 1341 1151 »
1365 1135 1476 1165 opera,
1501 1133 1574 1165 post
1597 1125 1811 1156 Trithemium
1838 1125 1908 1168 (De
1930 1127 2077 1166 scriptor.
2099 1127 2174 1157 eccl.
2197 1136 2284 1156 num.
2305 1123 2397 1166 469)

1327 1180 1341 1194 »
1365 1169 1561 1200 contendunt
1579 1169 1635 1199 viri
1656 1170 1740 1200 docti
1757 1170 1884 1210 passim.
1903 1171 2042 1201 Incertus
2059 1178 2169 1201 auctor
2184 1177 2292 1200 autem
2307 1170 2398 1199 chro-

1327 1224 1341 1238 »
1365 1215 1509 1244 nieorum
1534 1214 1752 1244 Sclavicorum
1778 1215 1863 1254 apud
1887 1214 2175 1255 Lindenbrogium,
2199 1214 2239 1243 ad
2263 1212 2397 1243 Wilhel-

1326 1267 1341 1282 »
1364 1268 1456 1288 mum
1472 1258 1511 1288 de
1526 1258 1692 1288 Brabantia
1707 1257 1750 1301 (c)
1767 1268 1843 1288 eum
1857 1259 1999 1288 laborem
2016 1258 2108 1288 refert
2123 1258 2185 1299 (ad
2200 1268 2253 1288 an.
2266 1255 2398 1298 1273)...

1327 1313 1342 1328 >
1365 1302 1434 1332 Hac
1449 1311 1524 1332 vero
1539 1302 1683 1332 versione
1707 1302 1877 1333 instructus
1900 1302 2054 1343 Aquinas,
2080 1303 2159 1332 dum
2174 1301 2219 1331 illi
2235 1300 2303 1331 fidit
2318 1308 2397 1331 tam-

1327 1356 1341 1371 »
1366 1356 1464 1386 quam
1479 1356 1591 1386 graeco
1608 1347 1777 1386 exemplari
1793 1354 1822 1377 et
1837 1357 1873 1377 ex
1888 1357 1924 1377 ea
1940 1346 2161 1386 Peripateticae
2176 1344 2397 1385 philosophiae

1326 1401 1340 1415 2·
1364 1397 1530 1430 praecepta
1552 1390 1666 1429 haurit,
1691 1401 1757 1421 non
1782 1391 1887 1431 potuit
1909 1401 1975 1421 non
1999 1390 2123 1431 saepius
2141 1399 2239 1421 errare
2256 1389 2397 1429 fallique,

1327 1445 1342 1460 »
1365 1434 1510 1474 quamvis
1541 1434 1655 1465 mentis
1685 1432 1824 1479 ἐυσοχίᾳ
1854 1435 1955 1465 multa
1983 1445 2114 1475 quoque
2138 1440 2398 1474 assequeretur...

1327 1490 1342 1505 ι
1364 1478 1486 1508 Verum
1510 1478 1589 1508 dum
1611 1478 1815 1510 Aristotelem
1831 1479 1923 1510 unice
1939 1479 2029 1519 sequi
2053 1478 2226 1516 constituit,
2250 1476 2400 1517 mancipii

1327 1533 1342 1548 »
1364 1521 1461 1552 instar
1484 1522 1597 1552 servire
1621 1522 1782 1563 Stagiritae
1807 1530 1934 1554 coactus
1959 1530 2005 1554 est
2028 1530 2059 1553 et
2081 1522 2244 1553 veritatem
2267 1530 2400 1562 quoque

1326 1577 1341 1592 »
1363 1565 1409 1595 illi
1432 1572 1567 1607 tyranno
1592 1566 1705 1596 servire
1729 1567 1841 1607 coegit.
1865 1567 1906 1597 Et
1929 1577 1969 1597 ne
1993 1567 2116 1597 malurn
2139 1567 2202 1596 hoc
2221 1566 2330 1596 solum
2353 1575 2400 1595 es-

1326 1622 1341 1637 »
1364 1617 1429 1648 set,
1461 1610 1653 1640 immodicus
1680 1610 1899 1650 peripateticae
1927 1610 2149 1650 philosophiae
2177 1619 2268 1640 amor
2295 1609 2401 1639 virum

1326 1666 1340 1681 ιο
1363 1654 1448 1684 hunc
1465 1654 1684 1694 superstitioso
1701 1655 1856 1695 obsequio
1873 1655 2068 1694 philosopho
2085 1654 2248 1684 addictum
2265 1652 2399 1691 seduxit,

1325 1710 1340 1726 ι
1363 1705 1399 1729 ut
1422 1698 1601 1738 theologiae
1624 1699 1808 1729 vulneribus
1837 1709 1918 1740 quae
1946 1705 2149 1739 praepostera
2176 1696 2399 1738 philosophiae

1324 1755 1339 1770 x
1363 1742 1547 1773 commixtio
1563 1742 1726 1781 inflixerat,
1741 1753 1825 1773 nova
1841 1743 1968 1774 adderet
1982 1743 2129 1774 vulnera:
2153 1741 2261 1783 sicque
2277 1750 2397 1772 sacram

1325 1799 1339 1814 »
1362 1787 1539 1818 doctrinam
1568 1797 1640 1818 vere
1664 1787 1778 1818 faceret
1801 1787 2077 1827 philosophicam,
2107 1786 2175 1816 imo
2203 1785 2396 1826 gentilem...

1324 1844 1339 1858 ι·
1362 1831 1458 1862 Recte
1481 1830 1526 1861 illi
1548 1831 1699 1871 imputari
1722 1842 1898 1869 censemus,
1923 1831 2013 1871 quod
2036 1841 2107 1862 eam
2130 1830 2322 1861 methodum
2349 1839 2396 1860 sa-

1323 1887 1338 1902 »
1361 1875 1753 1915 racenico-peripateticam
1776 1875 1987 1916 promoverit3
2015 1882 2046 1906 et
2073 1874 2228 1915 imprimis
2251 1873 2285 1904 in
2316 1875 2396 1904 Aca-

1324 1932 1339 1948 »
1362 1919 1466 1950 demia
1475 1919 1649 1958 Parisiensi,
1660 1919 1715 1950 ubi
1730 1930 1854 1960 semper
1862 1920 2014 1950 hactenus
2025 1919 2158 1956 fuerant,
2169 1918 2226 1960 qui
2240 1917 2396 1958 Peripate-

1324 1976 1338 1992 »
1361 1963 1522 1994 ticismum
1537 1963 1613 1994 odio
1630 1965 1914 2005 prosequebantur,
1923 1963 2097 2004 vulgaverit
2111 1970 2141 1994 et
2155 1961 2395 2015 introdrfferit...

1324 2021 1339 2036 ι
1362 2008 1403 2038 Et
1425 2018 1537 2038 verum
1565 2007 1697 2048 quidem
1727 2015 1774 2039 est
1813 2008 1903 2049 quod
1931 2007 2054 2048 opponi
2077 2014 2200 2048 potest:
2233 2006 2397 2038 'rhomam

1323 2066 1338 2082 ιι
1361 2051 1565 2083 Averroismo
1587 2052 1705 2092 passim
1720 2051 1921 2083 invalescenti
1937 2062 1970 2082 se
1987 2051 2187 2092 opposuisse,
2211 2057 2248 2082 ut
2263 2061 2301 2081 ex
2315 2050 2397 2082 libro

1324 2109 1339 2124 »
1361 2097 1412 2127 De
1428 2097 1550 2127 unitate
1566 2097 1743 2127 intellectus
1757 2096 1912 2127 adversus
1921 2097 2126 2127 Averroistas
2141 2102 2260 2135 patet...
2275 2094 2398 2126 Verum

1325 2153 1339 2169 »
1362 2150 1477 2180 parum
1499 2140 1577 2171 haec
1601 2140 1690 2171 dictis
1705 2140 1858 2171 officiunt.
1883 2140 2039 2177 Quamvis
2053 2139 2139 2170 enim
2153 2139 2235 2170 hanc
2249 2138 2399 2170 Averrois

1324 2197 1339 2213 »
1362 2184 1550 2225 opinionem
1573 2191 1654 2215 recte
1677 2184 1903 2224 improbaverit
1925 2184 2086 2221 Thomas,
2110 2183 2166 2224 qui
2190 2193 2249 2223 pro
2273 2193 2310 2214 ea
2332 2192 2398 2223 que

1324 2242 1339 2257 »
1362 2229 1502 2269 pollebat
1517 2229 1593 2267 acie,
1611 2229 1767 2269 perspexit
1790 2229 1915 2270 quantis
1932 2228 2075 2259 absurdis
2091 2234 2253 2268 prematur
2275 2236 2313 2258 ea
2328 2226 2397 2267 opi-

1324 2285 1338 2301 »
1361 2273 1435 2304 nio:
1470 2283 1536 2303 non
1567 2280 1674 2304 tamen
1707 2273 1780 2304 inde
1813 2273 1974 2313 sequitur,
2005 2272 2228 2313 philosophiae
2257 2270 2397 2302 arabicae

1323 2330 1338 2345 ›
1361 2317 1551 2348 methodum
1575 2327 1650 2348 eum
1674 2317 1835 2348 evitasse...
1851 2318 1893 2348 Et
1916 2327 1991 2348 cum
2014 2327 2051 2347 ea
2073 2316 2106 2347 in
2129 2315 2333 2356 philosophia
2355 2315 2398 2347 ed

1324 2375 1338 2390 »
1361 2361 1557 2402 theologiam
1581 2361 1786 2402 applicanda,
1816 2361 1970 2392 methodo
1994 2367 2152 2399 uteretur,
2180 2366 2216 2391 ut
2239 2369 2397 2390 consensu

1323 2406 1492 2437 5ssatmm
1510 2412 1541 2437 et
1559 2406 1737 2446 Scripturae
1760 2405 1891 2447 quidem
1914 2405 2072 2446 quaesito,
2095 2414 2134 2435 eo
2158 2414 2233 2435 vero
2250 2414 2287 2434 ex
2302 2403 2396 2435 ratio-

1323 2463 1338 2478 »
1361 2450 1454 2481 nibus
1477 2449 1700 2491 metaphysicis
1730 2456 1761 2481 et
1784 2449 1971 2481 testimoniis
1995 2448 2264 2490 philosophorum
2289 2447 2397 2479 Genti-

1323 2507 1338 2522 »
1361 2494 1442 2525 lium
1459 2494 1658 2532 confirmato,
1682 2504 1837 2534 magnum
1859 2493 2020 2525 doctrinae
2036 2503 2141 2524 sacrae
2156 2491 2349 2533 praesidium
2363 2491 2398 2523 in

1324 2552 1339 2568 iv
1362 2539 1566 2579 philosophia
1590 2538 1779 2570 aristotelica
1801 2545 1944 2578 poneret,
1969 2547 2123 2578 moreque
2139 2537 2283 2568 Arabum
2299 2535 2397 2567 subti-

1324 2596 1338 2611 ι
1362 2583 1495 2614 lissimas
1511 2583 1712 2623 quaestiones
1733 2589 1763 2613 et
1781 2582 1945 2622 ambiguas
1965 2582 2003 2612 de
2027 2581 2148 2612 Divinis
2170 2580 2398 2620 disputationes

1324 2639 1339 2655 ι
1361 2634 1554 2666 annecteret;
1570 2626 1777 2666 perspicuum
1791 2626 1864 2657 inde
1881 2633 1938 2663 est,
1955 2625 2158 2656 scholasticae
2175 2623 2397 2664 philosophiae

1325 2683 1339 2698 ³
1361 2671 1435 2701 vitia
1458 2680 1534 2701 eum
1557 2681 1623 2700 non
1647 2670 1821 2708 sustulisse,
1846 2670 1901 2701 sed
1925 2669 2081 2700 auxisse...
2097 2669 2180 2699 Inter
2198 2667 2397 2708 theologicos

1324 2727 1339 2743 ι
1361 2715 1458 2745 libros
1483 2715 1617 2745 Summa
1633 2714 1812 2755 theologiae
1835 2713 1963 2751 eminet,
1988 2712 2122 2743 summis
2146 2711 2293 2742 laudibus
2317 2711 2396 2742 cele-

1324 2771 1338 2786 »
1361 2759 1463 2790 brata:
1489 2768 1571 2799 quae
1590 2757 1658 2788 heic
1683 2758 1756 2788 ideo
1780 2757 1920 2788 notanda
1942 2763 2000 2794 est,
2015 2756 2106 2797 quod
2128 2756 2161 2786 in
2177 2755 2324 2787 Secunda
2341 2755 2396 2786 Se-

1324 2815 1339 2830 »
1361 2802 1484 2834 eundae
1502 2803 1609 2842 partis
1624 2801 1762 2832 sectione
1778 2801 1974 2841 theologiam
1989 2800 2156 2838 moralem,
2180 2799 2313 2840 ipsaque
2335 2799 2395 2830 vir-

1323 2859 1338 2874 »
1361 2846 1436 2878 tutis
1459 2855 1653 2886 morumque
1681 2852 1866 2885 praecepta,
1899 2845 1966 2875 imo
1995 2844 2173 2875 doctrinam
2199 2853 2332 2886 quoque
2354 2843 2394 2875 de

1323 2903 1338 2918 »
1361 2890 1471 2922 officiis
1494 2889 1688 2920 naturalibus
1713 2896 1743 2920 et
1767 2889 1939 2920 christianis
1967 2888 2124 2929 explicuit.
2157 2888 2231 2925 Qua
2252 2888 2286 2919 in
2305 2895 2393 2928 parte

1323 2947 1336 2962 2
1360 2944 1495 2966 acumen
1513 2933 1620 2965 iudicii
1643 2940 1674 2965 et
1697 2933 1888 2964 soliditatem
1911 2932 2095 2964 eruditionis
2118 2932 2219 2973 magis
2243 2933 2392 2973 probasse

1323 2991 1338 3008 s
1359 2979 1564 3020 Aquinatem,
1588 2988 1687 3018 quam
1709 2977 1743 3008 in
1765 2977 1892 3018 reliquis
1910 2977 2079 3017 Operibus,
2103 2977 2176 3007 viris
2199 2976 2392 3018 quibusdam

1323 3035 1338 3051 »
1361 3022 1489 3054 eruditis
1522 3022 1627 3053 visum
1655 3029 1702 3053 est
1741 3021 1881 3064 (Renato
1905 3021 2030 3061 Rapino
2058 3021 2244 3061 Reflexions
2269 3029 2330 3052 sur
2359 3022 2391 3053 la

1323 3079 1339 3096 »
1362 3068 1484 3098 morale
1498 3066 1526 3108 §-
1546 3077 1581 3106 9,
1598 3074 1676 3097 tom.
1694 3066 1720 3096 11
1745 3065 1830 3106 Opp.
1849 3073 1879 3097 et
1895 3066 1936 3096 H.
1955 3066 2012 3096 lul.
2035 3065 2198 3096 Scheurlio
2222 3065 2255 3096 in
2274 3065 2391 3097 Biblio-

1323 3124 1338 3139 ι
1359 3111 1498 3152 graphia
1522 3109 1672 3152 morali):
1697 3110 1729 3140 id
1745 3110 1835 3151 quod
1859 3109 1947 3141 facile
1971 3109 2103 3150 quidem
2126 3109 2341 3148 concedimus,
2366 3108 2392 3140 si

1324 3168 1339 3183 »
1360 3155 1543 3195 respiciatur
1558 3155 1609 3186 vel
1631 3154 1671 3185 ad
1693 3154 1828 3195 reliquas
1845 3154 2020 3195 systematis
2037 3153 2208 3194 theologici
2223 3160 2326 3193 partes
2341 3152 2392 3184 vel

1324 3212 1338 3227 »
1361 3199 1401 3230 ad
1420 3199 1498 3229 alios
1517 3198 1731 3237 scholasticos,
1757 3197 1812 3239 qui
1828 3198 1860 3228 in
1875 3205 2062 3239 argumento
2078 3197 2190 3228 morali
2209 3197 2310 3228 aridas
2325 3195 2390 3237 ple-

1324 3256 1338 3271 »
1361 3253 1498 3283 rumque
1522 3250 1552 3274 et
1575 3252 1746 3283 exsangues
1772 3242 1937 3273 ediderunt
1959 3241 2174 3273 tractationes:
2203 3241 2236 3271 in
2260 3251 2292 3271 se
2315 3250 2390 3271 vero

1323 3299 1339 3315 ι
1361 3287 1576 3319 consideratus
1594 3287 1651 3318 iste
1666 3287 1767 3326 labor,
1790 3286 1841 3317 vix
1859 3293 1960 3317 tantas
1983 3286 2092 3317 laudes
2116 3285 2227 3316 mereri
2250 3284 2390 3323 videtur;

1321 3439 1436 3464 confecta
1455 3438 1501 3463 fuit
1514 3445 1567 3471 per
1581 3438 1652 3463 viros
1665 3438 1745 3463 lectos
1763 3440 1790 3462 et
1803 3437 1830 3462 in
1846 3436 1982 3469 uti-iusque
2000 3437 2108 3470 linguae
2116 3434 2270 3468 prolatione
2277 3434 2389 3467 peritos,

1321 3479 1349 3499 ut
1367 3479 1408 3499 est
1425 3474 1493 3507 apud
1513 3474 1617 3498 Petrum
1637 3473 1669 3498 de
1687 3472 1775 3497 vineis
1795 3471 1860 3497 libro
1879 3472 1923 3500 111,
1942 3472 2017 3505 epist.
2031 3478 2108 3496 mu.
2126 3470 2192 3495 Vide
2210 3470 2245 3496 Io.
2254 3469 2390 3494 arbertum

1321 3509 1466 3534 Fabricium
1486 3508 1606 3534 Biblioth.
1620 3508 1666 3533 Gr.
1682 3508 1734 3538 lib„
1750 3507 1789 3537 ΙΙΙ,
1804 3515 1859 3540 cap.
1873 3514 1909 3532 vr.

1392 3544 1429 3578 (c)
1447 3544 1605 3569 wilhelmus
1624 3551 1671 3568 seu
1689 3543 1845 3568 Guillelmus
1869 3542 1901 3567 de
1919 3541 2055 3573 Morbeke,
2075 3541 2145 3574 quod
2163 3539 2287 3573 oppidum
2307 3544 2346 3565 est
2364 3539 2390 3564 in

1321 3579 1432 3604 confinio
1445 3579 1597 3604 brabantiae
1610 3579 1697 3610 situm,
1711 3586 1742 3604 ex
1756 3577 1855 3603 Ordine
1869 3577 2075 3603 Praedicator-um
2089 3576 2122 3601 ad
2135 3574 2391 3608 Archiepiscopetum

1321 3614 1435 3640 Corinthi
1455 3615 1616 3647 adsumptus.
