2788 4204
0 1298 6 1337 ξ
60 1302 70 1312 ·
90 1301 156 1324 lact.
172 1306 266 1329 pnee„

60 1333 196 1356 naneae·

55 1201 162 1224 praesim
167 1201 190 1217 n:
201 1201 275 1217 anne-

1056 279 1168 315 CAP.
1198 280 1341 327 XXIV,
1372 280 1522 317 LECT.
1553 281 1750 318 XXXVIII

364 355 514 382 SYNOPSIS.
533 371 567 375 —
589 364 611 383 1.
633 355 752 383 Thesis:
775 356 991 384 Demonstratio
1019 356 1189 385 universalis
1216 357 1313 394 potior
1333 364 1375 386 est

305 394 553 423 demonstratione
574 395 747 431 particulari.
759 412 778 416 -
794 403 819 423 2.
836 395 919 424 Ratio
940 396 1049 432 prima:
1072 397 1289 425 Demonstratio
1310 397 1374 425 uni-

302 434 420 462 versalis
441 434 533 472 magis
556 434 682 463 ostendit
703 444 820 463 causam
843 445 893 463 seu
909 442 1027 472 propter
1042 435 1111 472 quid
1126 436 1183 471 rei;
1199 445 1267 474 ergo
1283 437 1374 474 magis

303 474 370 502 facit
390 474 477 509 scire,
493 474 562 511 quia
583 474 654 502 scire
676 481 719 502 est
739 484 857 503 causam
878 475 919 503 rei
941 475 1027 503 scitae
1049 485 1261 513 cognoscere.—
1277 477 1302 504 3.
1319 478 1374 505 Ra-

303 513 344 542 tio
373 514 477 542 altera:
503 513 571 550 quia
594 513 659 542 finis
690 514 946 543 demonstrationis
977 522 1020 543 est
1044 515 1115 543 scire
1145 516 1281 544 ultimum
1305 526 1373 553 pro-

302 560 367 590 pter
381 554 461 591 quid,
483 563 543 590 quo
565 553 664 582 habito
685 554 811 582 maxime
833 556 869 582 de
890 564 920 583 re
942 555 1073 592 quaesita
1094 555 1216 591 scimus;
1238 556 1374 584 ultimum

303 599 400 622 autem
421 600 540 630 propter
561 593 631 630 quid
653 593 741 622 scitur
761 595 880 631 quando
907 594 995 623 scitur
1021 595 1197 630 universale,
1219 605 1288 632 ergo
1309 596 1373 623 uni—

302 633 421 662 versalis
443 633 652 661 demonstratio
674 634 772 670 potior
785 640 833 662 est
845 634 1018 671 particulari.
1030 644 1086 670 -4.
1101 635 1200 663 Tertia
1220 635 1293 663 ratio
1315 642 1372 664 est:

302 673 481 701 Universalia
501 679 569 701 sunt
589 673 681 711 magis
702 674 954 710 demonstrabilia,
976 674 1045 711 quia
1066 684 1168 703 eorum
1189 675 1263 703 ratio
1284 675 1372 703 sumi-

302 719 349 740 tur
370 722 403 741 ex
424 719 505 749 parte
526 713 653 748 formae3
675 723 744 750 ergo
773 720 825 742 etc.
838 714 894 742 -5.
911 715 1022 749 Quarta
1043 715 1132 742 ratio:
1156 715 1372 743 Demonstratio

302 752 472 781 universalis
499 753 583 789 plura
603 753 669 781 facit
697 753 769 782 scire
791 763 879 790 quam
907 754 1101 790 particularis,
1124 754 1192 791 quia
1212 754 1373 783 universale

304 793 525 830 comprehendit
546 793 744 830 particularia,
761 799 788 822 et
803 793 869 822 ideo
885 803 1064 831 cognoscens
1078 794 1247 830 universale,
1264 804 1372 831 cogno-

438 901 748 948 ..mostquam
777 896 1033 945 Philosophus
1061 896 1172 933 solvit
1200 898 1375 945 rationes,

572 960 670 996 quae
699 956 786 985 sunt
814 950 835 970 ἒξ
865 949 913 986 ad
941 957 1089 998 partem
1126 950 1279 996 salsam,
1314 950 1376 986 hic

544 1025 553 1049 ἑ
573 1001 717 1038 inducit
739 1003 758 1023 '³
787 1002 952 1039 rationes
977 1002 1024 1039 ad
1052 1009 1202 1050 partem
1222 1015 1374 1049 veram,

573 1054 712 1091 scilicet
730 1054 779 1091 ad
794 1055 1075 1092 ostendendum
1092 1055 1197 1103 quod
1217 1055 1376 1091 demon-

307 1106 433 1143 stratio
462 1106 688 1143 universalis
717 1107 763 1144 sit
790 1107 927 1156 potior.
964 1109 1014 1144 Et
1042 1107 1140 1144 circa
1167 1108 1242 1144 hoc
1269 1108 1377 1156 ponit

306 1166 453 1207 septem
482 1159 658 1206 rationes,
688 1167 894 1197 annectens
915 1172 978 1197 eas
999 1162 1017 1180 ⁴‘
1037 1160 1255 1208 praemissis
1275 1161 1375 1196 solu-

305 1211 493 1258 tionibus,
529 1224 574 1248 ex
609 1212 746 1260 quibus
779 1213 893 1250 etiarn
930 1213 1171 1262 propositum
1201 1213 1375 1250 concludi

305 1271 441 1314 potest,
461 1272 504 1301 ut
523 1277 637 1313 supra
658 1265 677 1286 *
697 1266 829 1314 patuit.

360 1329 396 1354 2.
425 1317 555 1354 Prima
575 1330 664 1365 ergo
691 1318 786 1355 ratio
815 1318 897 1355 talis
918 1326 983 1355 est.
1014 1318 1299 1355 Demonstratio
1322 1326 1376 1355 est

305 1371 545 1419 syllogismus
565 1370 769 1408 ostendens
789 1383 944 1408 causam
965 1378 1002 1408 et
1019 1379 1175 1420 propter
1194 1371 1306 1420 quid:
1324 1372 1377 1409 sic

59 965 71 977 ⁴
89 968 252 989 comunes-r.
267 975 277 980 -

59 990 191 1012 Aliicodd.:
200 992 279 1016 erant,-

61 1022 82 1038 με
89 1018 159 1039 erant
164 1017 201 1038 vel
205 1019 278 1038 stant.

61 1169 73 1181 ⁸
85 1175 101 1191 Α
108 1177 115 1191 :
129 1169 277 1197 affingentes

59 1222 148 1245 euntes
155 1227 199 1244 eas
209 1227 280 1249 prae*

59 1247 140 1270 uem·
148 1254 167 1274 ο,
176 1254 224 1270 om.
233 1254 277 1269 an-

59 1275 138 1297 nm...
143 1278 245 1302 propos.

0 1431 5 1480 ss
58 1435 276 1487 huffen-pra
305 1424 408 1461 enim
442 1423 622 1471 contingit
655 1424 761 1471 scire,
792 1424 887 1461 sicut
915 1437 1029 1473 supra
1056 1425 1075 1445 '¹‘
1107 1425 1278 1461 habitum
1309 1433 1374 1462 est.

0 1514 9 1544 ξ
61 1521 82 1543 ο,
89 1521 176 1539 «που

59 1478 275 1516 ·.ςεαει“ωαα.;
305 1476 383 1514 Sed
398 1477 419 1498 ⁸
437 1477 652 1514 universale
677 1485 732 1513 est
760 1477 880 1525 magis
900 1479 972 1514 tale
993 1484 1010 1499 α
1039 1490 1155 1526 quam
1174 1478 1374 1527 particula-

159 1514 275 1569 aN‘W'
304 1542 356 1567 re.
378 1531 460 1567 Iam
482 1530 584 1567 enim
602 1531 622 1552 *
641 1538 839 1567 ostensum
855 1538 911 1568 est
930 1531 968 1567 in
986 1531 1111 1580 prima
1131 1531 1318 1568 solutione
1334 1532 1376 1553 ²¹⁸*

59 1573 276 1634 fflfflffl‘
304 1583 410 1633 quod
428 1584 633 1621 universali
653 1584 773 1632 magis
793 1584 889 1621 inest
902 1597 972 1633 per
991 1597 1030 1621 se
1052 1586 1072 1606 ²³²
1101 1584 1241 1633 aliquid
1257 1597 1374 1634 quam

0 1666 8 1691 ,-
58 1630 164 1707 {a
167 1630 530 1706 ¹1:⁰2⁶·‘particulari
561 1637 655 1674 Illud
684 1645 813 1674 autem
843 1637 902 1674 cui
931 1638 1028 1674 inest
1056 1638 1196 1686 aliquid
1224 1651 1293 1687 per
1321 1651 1373 1685 se,

159 1710 174 1746 β

304 1698 360 1727 θεῖ
388 1703 503 1727 causa
532 1691 611 1727 eius
630 1689 668 1727 ¹³:
694 1690 908 1728 subiectum
938 1691 1040 1728 enim
1070 1699 1125 1728 est
1154 1704 1268 1728 causa
1285 1704 1374 1741 pro-

0 1761 3 1764 >
58 1755 72 1768 ⁴
85 1754 274 1790 miscenam
301 1743 407 1793 priae
426 1743 626 1793 passionis,
647 1756 746 1793 quae
768 1744 801 1780 ei
819 1757 888 1794 per
908 1757 947 1781 se
973 1744 1070 1781 inest
1089 1745 1121 1781 *.
1151 1744 1373 1782 Universale

0 1878 6 1896 ²
59 1892 113 1916 ειη.

59 1787 81 1810 ⁷’
97 1782 120 1804 δ’
304 1804 433 1834 autem
454 1805 510 1834 est
536 1797 706 1847 primum
727 1797 786 1834 cui
805 1797 960 1846 propria
987 1797 1115 1846 passio
1145 1797 1252 1844 inest,
1268 1806 1310 1834 ut
1331 1811 1376 1835 ex

303 1862 419 1900 supra
433 1850 540 1887 dictis
554 1857 657 1900 patet
671 1850 711 1887 *τ
738 1850 840 1887 unde
854 1858 958 1899 patet
972 1851 1077 1899 quod
1090 1851 1244 1899 proprie
1261 1864 1375 1888 causa

304 1910 359 1940 est
377 1903 416 1940 id
444 1903 549 1952 quod
578 1911 634 1940 est
650 1903 877 1940 universale.
907 1904 966 1940 Ex
985 1916 1062 1952 quo
1079 1905 1270 1942 concludit
1286 1917 1374 1953 pro-

301 1956 482 2006 positum,
500 1956 639 1994 scilicet
659 1957 764 2005 quod
789 1957 1062 1994 demonstratio
1086 1957 1310 1995 universalis
1330 1958 1376 1995 sit

303 2009 462 2058 dignior,
477 2017 610 2060 utpote
630 2010 751 2058 magis
772 2010 967 2047 declarans
988 2023 1144 2048 causam
1165 2018 1201 2048 et
1218 2018 1376 2061 propter

303 2062 406 2112 quid.

359 2117 393 2154 3.
425 2116 645 2154 Secundam
674 2116 861 2153 rationem
889 2116 997 2166 ponit
1025 2117 1092 2154 ibi:
1113 2117 1287 2166 Amplius
1316 2130 1374 2154 us-

57 1861 71 1873 ·
83 1859 149 1883 Leet.
163 1860 263 1889 praeced
269 1877 275 1883 .

58 2183 72 2195 ⁴
90 2189 120 2205 Α,
143 2183 276 2211 accepim,-
303 2181 376 2218 que
394 2170 447 2206 ad
463 2171 536 2207 hoc
564 2177 646 2217 etc.,
669 2177 704 2206 et
724 2170 886 2207 sumitur
905 2172 924 2189 ’ᾖ
953 2171 1049 2207 11366
1077 2170 1171 2207 13110
1201 2184 1224 2207 3
1253 2171 1374 2208 causis

57 2213 218 2264 gnamfflpte:
239 2210 274 2232 ‘²⁷‘
302 2223 492 2261 finalibus.
527 2223 603 2261 Ubi
637 2223 959 2261 considerandum
995 2231 1050 2260 est
1093 2224 1198 2273 quod
1233 2224 1373 2273 aliquid

303 2284 359 2313 est
376 2277 464 2314 finis
493 2277 643 2314 alterius
672 2285 708 2314 et
733 2285 919 2326 quantum
939 2277 988 2314 ad
1006 2277 1101 2323 fieri,
1133 2285 1168 2314 et
1187 2285 1372 2326 quantum

60 2369 70 2378 ,
303 2329 351 2367 ad
381 2342 481 2367 esse:
502 2337 689 2380 quantum
709 2331 758 2368 ad
776 2331 859 2368 fieri
879 2330 1048 2379 quidem,
1066 2331 1161 2368 sicut
1180 2331 1371 2378 generatio

58 2369 274 2423 ιῆωἷῧαῗηῗῗάἕέ
303 2390 359 2420 est
386 2391 542 2433 propter
568 2384 755 2430 formam;
785 2391 972 2433 quantum
1001 2384 1050 2421 ad
1080 2397 1161 2421 esse
1191 2391 1319 2420 autem
1339 2384 1370 2431 ³¹⁸,

57 2421 276 2504 Ξξῖἕῗνέοὲἒὲὶ
302 2436 399 2473 sicut
418 2437 558 2474 domus
581 2445 636 2474 est
653 2445 810 2486 propter
837 2437 1122 2475 habitationem.
1153 2437 1253 2474 Dicit
1282 2449 1370 2485 ergo

302 2489 408 2539 quod
422 2490 443 2512 ³¹²
461 2503 584 2540 usque
606 2490 654 2528 ad
680 2491 786 2527 illum
814 2490 1020 2527 terminum
1045 2491 1264 2539 quaerimus
1283 2503 1370 2539 pro-

299 2551 384 2593 pter
412 2543 504 2593 quid
524 2544 591 2581 fiat
619 2544 780 2593 aliquid,
811 2551 876 2581 aut
902 2551 1058 2593 propter
1089 2544 1180 2593 quid
1199 2545 1220 2565 *
1234 2544 1280 2581 sit
1307 2543 1370 2580 ali-

58 2507 97 2523 mo
111 2501 215 2530 qiman:
225 2508 274 2524 orn.

58 2533 184 2577 ΞΥΕἱοἸθσῐ.
194 2562 259 2578 xxm.

355 2674 383 2707 α)
398 2674 448 2700 Est
467 2674 555 2708 magis
575 2674 758 2699 tale.-Codd.
771 2675 1037 2706 ABCDEHIKLNQS
1056 2680 1082 2700 et
1099 2684 1125 2708 p.
1144 2684 1180 2700 rn.
1199 2675 1237 2700 T:
1258 2678 1298 2700 est
1316 2683 1372 2700 ma-

299 2710 343 2744 gis
361 2710 468 2735 causale
474 2717 483 2739 ;
501 2710 542 2734 M:
562 2713 602 2734 est
621 2710 707 2743 magis
725 2717 816 2735 causa.
836 2710 910 2740 Quae
929 2711 1004 2736 lectio
1023 2712 1116 2744 placet,
1135 2711 1196 2743 quia
1215 2711 1240 2735 in
1259 2710 1307 2735 hac
1324 2711 1372 2735 mi-

301 2745 363 2771 nori
374 2745 480 2778 ponitur
494 2745 611 2779 explicite
626 2746 750 2775 medium,
767 2753 863 2779 nempe
877 2747 949 2778 quod
961 2747 1106 2771 universale
1121 2752 1161 2771 est
1173 2746 1276 2779 proprie
1286 2754 1372 2777 causa,

300 2786 330 2806 ut
347 2781 414 2805 infra
431 2781 531 2806 dicitur.

355 2814 381 2849 β)
402 2816 451 2841 Est
468 2816 706 2849 mustacius-Ita
725 2817 765 2841 ed.
781 2816 859 2841 Piana
878 2821 903 2841 et
922 2817 1005 2847 codd.‚
1022 2822 1128 2850 excepto
1141 2818 1176 2848 B,
1197 2817 1269 2842 cuius
1289 2817 1372 2849 magis

301 2851 439 2884 perspicua
451 2852 553 2876 videtur
571 2851 662 2876 lectio:
681 2855 721 2877 est
734 2859 817 2877 causa
835 2852 891 2877 eius
910 2853 981 2885 quod
1000 2853 1075 2878 inest.
1095 2853 1193 2877 Verum
1212 2852 1275 2877 haec
1293 2853 1372 2877 verba

301 2886 375 2911 facile
393 2892 433 2911 est
451 2887 645 2919 subintelligere
663 2895 695 2912 ex
712 2888 743 2912 iis
758 2888 835 2912 etiam
855 2895 923 2920 quae
941 2888 1088 2913 immediate
1107 2893 1264 2921 sequuntur:
1280 2888 1372 2913 Subie-

300 2925 372 2946 ctum
391 2922 461 2947 enim
481 2927 529 2947 etc.
548 2922 624 2947 Unde
642 2930 702 2947 cum
721 2923 771 2947 illis
790 2923 876 2947 verbis
896 2923 937 2947 alii
956 2931 1049 2948 omnes
1069 2924 1171 2949 codices
1191 2929 1305 2954 careant,
1320 2931 1372 2948 non

302 2957 430 2982 audemus
449 2965 480 2982 ea
497 2957 577 2982 textui
595 2957 719 2983 inserere.

354 2992 382 3026 γ)
401 2993 457 3017 Aut
469 2996 584 3024 propter
597 2993 662 3025 quid
674 2993 710 3018 sit
723 2992 860 3025 aliquid.-
869 2994 940 3018 Haec
953 2994 1040 3024 verba,
1054 3002 1121 3026 quae
1140 2995 1233 3019 desunt
1247 2994 1273 3018 in
1286 2994 1372 3026 Piana,

302 3027 421 3052 addimus
440 3035 471 3052 ex
489 3028 634 3057 codicibus,
660 3028 705 3060 qui
724 3036 817 3053 omnes
842 3029 998 3053 unanimiter
1017 3029 1125 3054 habent:
1146 3030 1278 3062 complent
1303 3030 1371 3054 enim

303 3063 455 3087 sententiam
474 3071 495 3087 ε.
510 3063 636 3093 Thomae,
650 3071 717 3096 quae
731 3069 771 3088 est
785 3064 817 3088 de
831 3062 883 3088 fine
902 3069 1027 3096 quantum
1047 3065 1079 3089 ad
1097 3064 1151 3089 fieri
1164 3065 1291 3097 (propter
1307 3065 1373 3097 quid

294 3097 351 3130 fiat
368 3098 499 3130 aliquid),
520 3103 545 3123 et
563 3103 688 3130 quantum
707 3099 739 3123 ad
758 3106 817 3123 esse
836 3099 963 3131 (propter
981 3100 1047 3132 quid
1065 3100 1100 3125 sit
1118 3100 1247 3133 aliquid).
1260 3115 1281 3119 —
1299 3101 1372 3124 Hanc

302 3133 444 3158 secundam
469 3138 568 3166 partem
587 3134 705 3158 nonnulli
724 3134 826 3158 codices
845 3142 899 3158 non
921 3139 991 3160 recte
1016 3135 1149 3168 proferunt
1155 3143 1163 3165 ;
1182 3136 1217 3159 B:
1237 3139 1285 3160 aut
1305 3143 1372 3167 pro-

296 3172 362 3200 pter
386 3168 452 3201 quid
469 3169 505 3202 fit
528 3169 646 3201 aliquid;
664 3169 704 3193 M:
730 3172 779 3194 aut
798 3172 913 3201 propter
937 3170 1002 3202 quid
1019 3171 1075 3203 fiat
1097 3171 1215 3203 aliquid,·
1239 3171 1307 3203 quae
1333 3175 1373 3194 est

301 3204 420 3236 repetitio
439 3204 550 3228 membri
569 3205 830 3236 praecedentis-A:
849 3205 886 3229 sit
903 3205 1006 3237 aliquid
1024 3213 1091 3238 quae
1109 3213 1243 3238 quousque
1255 3210 1312 3236 etc.,
1325 3205 1371 3229 sed

301 3246 370 3272 quae
388 3244 459 3264 extra
476 3240 642 3272 propositum
661 3239 765 3272 ponitur
769 3247 777 3270 ς
791 3240 829 3264 N:
841 3240 878 3264 sit
890 3240 974 3265 aliud.
983 3241 1034 3265 —Iz
1048 3248 1182 3274 quousque
1195 3248 1246 3265 non
1254 3241 1309 3273 fiat
1322 3240 1371 3266 ali-

301 3274 375 3307 quid.
390 3274 506 3305 -Infra,
525 3274 569 3299 ubi
595 3274 614 3298 P
633 3280 693 3307 post
711 3278 871 3306 perventum
890 3279 931 3300 est
959 3275 1036 3300 habet
1056 3279 1171 3308 propter
1195 3276 1273 3308 quid,
1296 3275 1371 3300 codd.

302 3310 368 3341 (exc.
384 3309 457 3343 effi:
471 3313 587 3342 propter
605 3310 690 3342 quod;
708 3311 730 3334 D
750 3318 773 3335 ε.
786 3318 834 3335 m.:
850 3314 965 3342 propter
983 3311 1055 3343 quod
1073 3311 1176 3344 aliquid
1187 3311 1243 3343 fiat
1262 3311 1302 3335 vel
1315 3315 1370 3341 etc.;

302 3346 326 3370 1:
336 3349 452 3377 propter
465 3345 536 3378 quod
541 3345 597 3378 fiat
612 3345 715 3377 aliquid
728 3346 769 3370 vel
782 3346 818 3370 sit
830 3346 896 3370 illud
900 3354 909 3375 ,·
922 3346 946 3370 O
955 3355 961 3370 :
971 3349 1054 3378 ppter
1068 3346 1140 3378 quod
1146 3346 1202 3378 fiat
1216 3346 1256 3370 vel
1263 3347 1370 3378 factum

302 3381 338 3406 sit
352 3381 433 3409 illud;
451 3386 476 3405 et
491 3381 549 3405 loco
568 3382 616 3405 τοῦ
629 3381 666 3405 sit
684 3381 713 3405 id
731 3381 759 3411 P,
774 3380 870 3405 habent
883 3381 919 3406 sit
935 3381 1001 3406 illud
1015 3381 1091 3406 etiam
1106 3380 1372 3411 BCDELMNQST.-

302 3417 330 3441 In
345 3417 401 3440 cod.
415 3416 435 3441 C
448 3416 549 3441 additur
567 3424 582 3441 a
600 3416 679 3441 veteri
693 3416 811 3440 studioso
830 3417 926 3441 lectore
945 3421 1005 3441 nota
1023 3417 1179 3448 marginalis,
1195 3423 1274 3448 quam
1288 3421 1371 3440 trans-

303 3451 438 3482 cribimus,
453 3452 513 3484 quia
534 3452 676 3476 doctrinam
695 3451 744 3476 hoc
764 3452 822 3476 loco
837 3452 954 3476 traditam
973 3451 1089 3476 nonnihil
1110 3451 1237 3476 illustrare
1255 3451 1369 3476 videtur:

303 3497 316 3510 «
332 3487 365 3511 Et
387 3487 433 3518 ita,
458 3487 544 3519 inquit
562 3487 717 3512 Postillator
741 3486 802 3519 (fol.
820 3486 847 3511 31
873 3487 981 3519 verso),
1000 3486 1084 3511 forma
1107 3492 1146 3511 est
1168 3485 1226 3510 finis
1245 3491 1371 3518 quantum

304 3532 317 3545 ι
338 3523 370 3546 ad
389 3521 443 3547 fieri
463 3524 557 3553 solum,
571 3522 631 3555 quia
645 3529 675 3546 ea
693 3521 779 3546 habita
798 3527 881 3546 cessat
894 3521 948 3546 fieri
967 3521 1022 3546 sive
1041 3522 1226 3546 transmutatio.
1246 3522 1298 3546 Sed
1311 3520 1370 3546 finis

303 3566 318 3582 »
337 3558 444 3582 ultimus
458 3562 498 3582 est
512 3563 637 3590 quantum
650 3558 682 3582 ad
696 3562 845 3590 utrumque,
860 3562 886 3582 et
899 3557 931 3581 ad
945 3556 999 3582 fieri
1019 3562 1045 3582 et
1063 3565 1130 3589 esse,
1150 3561 1176 3582 et
1193 3557 1234 3581 hic
1254 3561 1294 3582 est
1311 3555 1370 3581 finis

303 3602 318 3616 ιι
338 3601 400 3618 vere
418 3598 444 3618 et
462 3593 588 3618 absolute.
604 3604 616 3616 ›

356 3627 381 3661 δ)
405 3629 443 3654 Et
462 3629 568 3662 quando
587 3629 636 3655 hoc
658 3628 823 3658 invenimus,
843 3632 915 3653 tunc.
930 3642 949 3647 -
961 3628 984 3653 A
1002 3635 1056 3653 om.
1075 3628 1137 3657 hoc,·
1155 3629 1192 3654 K:
1212 3631 1238 3653 et
1261 3627 1369 3660 quando

2423 285 2497 332 295

1430 358 1482 386 scit
1496 358 1582 387 etiam
1595 358 1785 395 particularia,
1796 358 1820 386 si
1831 359 1901 387 sciat
1915 359 2082 387 huiusmodi
2092 360 2275 396 particularia
2289 361 2429 390 contineri
2443 364 2497 391 sub

1429 398 1598 434 universali;
1613 408 1791 436 cognoscens
1805 405 1901 427 autem
1919 399 2090 436 particulare
2105 400 2240 436 aliquod,
2262 410 2322 429 non
2345 408 2497 438 propterea

1429 438 1577 474 cognoscit
1591 438 1750 467 universale
1759 449 1766 474 ;
1777 448 1846 476 ergo
1858 445 1931 467 etc.-
1939 440 1966 467 6.
1976 439 2085 474 Quinta
2094 439 2177 467 ratio:
2189 441 2405 469 Demonstratio
2415 448 2496 470 tanto

1428 477 1526 513 potior
1539 484 1582 506 est
1596 485 1705 515 quanto
1719 479 1849 515 procedit
1863 488 1896 507 ex
1910 479 2008 507 medio
2023 479 2224 516 propinquiori
2238 480 2380 517 principio
2395 481 2496 510 imme-

1427 516 1516 552 diato‚
1532 527 1549 545 a
1570 527 1629 554 quo
1651 518 1860 546 demonstratio
1876 519 1962 547 habet
1982 519 2141 547 firmiorem
2155 519 2371 556 certitudinem;
2392 527 2420 548 et
2433 521 2496 550 talis

1428 563 1470 584 est
1491 557 1700 586 demonstratio
1728 558 1972 595 universalis-7.
1995 559 2080 587 Sexta
2100 559 2173 588 ratio
2200 566 2257 587 est:
2279 560 2495 589 Demonstratio

1427 597 1594 625 universalis
1615 597 1745 634 procedit
1766 607 1799 625 ex
1824 598 2079 627 universalioribus
2105 599 2368 635 propositionibus,
2392 600 2496 637 quibus

1428 636 1559 674 cognitis,
1571 643 1787 674 cognoscuntur
1801 637 1831 665 in
1845 638 1974 674 potentia
1988 639 2203 675 propositiones
2213 639 2411 675 particulares;
2428 649 2495 677 ergo

1427 683 1470 704 est
1490 676 1596 712 potior.
1608 678 1715 705 -Haec
1738 677 1811 705 ratio
1832 687 1893 706 non
1915 678 2041 706 totaliter
2062 678 2155 707 differt
2176 688 2194 707 a
2214 685 2317 716 quarta
2337 679 2457 707 ratione.
2477 697 2497 702 -

1427 716 1454 743 8.
1470 716 1599 752 Septima
1620 716 1708 744 ratio:
1731 717 1947 746 Demonstratio
1962 718 2129 746 universalis
2143 719 2241 755 potior
2259 725 2302 747 est
2315 719 2494 755 particulari,

1427 755 1496 792 quia
1517 757 1587 784 haec
1607 756 1644 784 ad
1666 766 1792 791 sensum,
1808 757 1856 785 illa
1876 758 1912 785 ad
1934 757 2107 786 intellectum
2129 758 2314 794 terminatur;
2336 758 2496 792 intellectus

1427 801 1524 823 autern
1545 802 1588 823 est
1608 796 1705 832 potior
1725 805 1820 824 sensu.

1432 897 1523 946 quid
1542 902 1568 945 ⁷,
1599 910 1799 946 quousque
1828 910 1907 934 non
1935 898 1981 934 sit
2008 898 2148 947 aliquid
2176 899 2276 936 aliud
2305 900 2494 948 assignare
2621 918 2637 942 γ

1432 962 1549 998 quam
1568 951 1643 986 hoc
1672 950 1720 987 ad
1740 951 1844 999 quod
1873 959 2099 999 perventum
2121 959 2186 999 est,
2206 960 2362 1001 propter
2390 954 2494 1002 quod

1430 1003 1498 1039 fiat
1520 1004 1581 1039 vel
1608 1003 1653 1039 sit
1680 1003 1788 1050 illud,
1819 1004 1866 1040 de
1896 1016 1972 1052 quo
2002 1005 2193 1052 quaeritur
2217 1013 2371 1054 propter
2390 1007 2492 1055 quid.

1431 1056 1480 1091 Et
1508 1056 1662 1104 quando
1692 1056 1767 1092 hoc
1785 1056 2002 1092 invenimus
2022 1054 2050 1103 δ,
2080 1065 2169 1094 111116
2194 1058 2396 1107 opinamur
2423 1072 2494 1096 nos
2620 1064 2634 1089 δ

1431 1107 1526 1144 scire
1545 1115 1702 1156 propter
1721 1109 1829 1157 quid;
1852 1116 1887 1145 et
1912 1109 1986 1145 1106
2005 1109 2091 1146 ideo
2121 1110 2209 1159 quia
2238 1111 2327 1148 illud
2345 1112 2365 1133 '¹'
2390 1113 2493 1160 quod

1431 1159 1508 1196 iam
1537 1160 1590 1196 sic
1619 1168 1675 1197 est
1701 1161 1878 1198 ultimum
1906 1170 1948 1198 ut
1972 1174 2049 1198 non
2074 1162 2119 1198 sit
2147 1163 2286 1211 aliquid
2315 1165 2415 1202 aliud
2438 1166 2494 1202 ul-

1431 1212 1546 1249 terius
1576 1214 1856 1261 quaerendum,
1879 1222 1934 1251 est
1957 1215 1994 1252 id
2020 1215 2124 1263 quod
2154 1223 2209 1252 est
2234 1229 2324 1253 vere
2353 1218 2439 1254 finis
2460 1225 2495 1255 et

1431 1265 1633 1313 terminus,
1664 1266 1728 1315 qui
1757 1267 1950 1315 quaeritur
1979 1280 2067 1304 cum
2096 1269 2314 1316 quaerimus
2338 1278 2494 1319 propter

1431 1318 1534 1367 quid.
1571 1320 1620 1356 Et
1651 1320 1759 1368 ponit
1801 1321 2035 1369 exemplum,
2069 1329 2161 1369 puta
2199 1322 2229 1358 si
2268 1335 2495 1371 quaeramus

1432 1372 1538 1408 cuius
1568 1385 1683 1409 causa
1711 1373 1844 1422 aliquis
1871 1373 1986 1420 venit,
2009 1381 2044 1410 et
2069 1375 2354 1423 respondeatur,
2374 1384 2416 1413 ut
2436 1389 2495 1413 ac-

1432 1425 1543 1473 cipiat
1571 1433 1787 1473 argentum:
1808 1427 1883 1463 hoc
1907 1434 2035 1463 autem
2054 1435 2210 1476 propter
2229 1428 2348 1476 quid?
2367 1436 2408 1465 ut
2427 1429 2494 1465 sci-

1430 1478 1517 1514 licet
1545 1479 1679 1516 reddat
1698 1479 1869 1516 debitum
1889 1485 1916 1516 ⁸:
1939 1487 1974 1516 et
1997 1481 2072 1516 hoc
2095 1488 2250 1529 propter
2273 1482 2348 1517 hoc
2376 1481 2494 1529 aliud,

1429 1539 1471 1568 ut
1490 1532 1629 1569 scilicet
1654 1545 1732 1569 non
1758 1532 1892 1569 iniuste
1917 1540 2012 1580 agat.
2043 1534 2092 1570 Et
2111 1534 2164 1570 sic
2187 1546 2339 1583 semper
2361 1547 2497 1583 proce-

1431 1584 1573 1631 dentes,
1597 1585 1751 1634 quando
1781 1586 1858 1622 iam
1878 1598 1956 1622 non
1977 1586 2044 1622 erit
2073 1587 2235 1636 amplius
2258 1595 2414 1636 propter
2432 1588 2495 1624 ali-

1430 1638 1521 1686 quid
1542 1638 1642 1675 aliud
1669 1638 1764 1675 sieut
1790 1646 1945 1687 propter
1972 1639 2111 1686 finem,
2133 1647 2224 1689 puta
2254 1653 2341 1677 curn
2361 1653 2495 1689 perve-

1429 1691 1599 1727 nerimus
1619 1691 1640 1712 ’¹‘
1661 1691 1708 1728 ad
1727 1692 1904 1728 ultimum
1924 1692 2059 1739 finem,
2082 1693 2145 1741 qui
2167 1700 2221 1730 est
2249 1693 2441 1731 beatitudo
2466 1694 2491 1741 ζ,
2521 1706 2531 1717 “
2545 1712 2640 1737 εκικετ.
2657 1718 2667 1722 -
2682 1713 2706 1728 121

1430 1743 1602 1780 dicemus
1621 1745 1640 1765 ’¹‘
1669 1744 1773 1792 quod
1800 1752 1957 1793 propter
1984 1746 2059 1781 hoc
2085 1746 2190 1782 venit
2217 1746 2312 1783 sicut
2338 1755 2495 1796 propter
2517 1738 2674 1790 ''erm'fus'

1429 1797 1560 1834 finem.
1578 1798 1627 1834 Et
1646 1797 1814 1834 similiter
1834 1798 1918 1834 est*
1931 1798 1968 1834 in
1988 1798 2167 1835 omnibus
2187 1799 2277 1845 aliis,
2295 1812 2392 1848 quae
2408 1808 2495 1837 sunt
2521 1794 2714 1842 ἷὲειάζζαΐέἒό,

1428 1851 1491 1887 vel
1519 1851 1616 1887 fiunt
1643 1858 1799 1899 propter
1817 1851 1948 1897 finem,
1971 1859 2006 1888 et
2026 1852 2178 1900 quando
2200 1852 2248 1889 ad
2267 1853 2342 1889 hoc
2360 1865 2493 1902 perve-

1429 1903 1599 1940 nerimus
1613 1903 1644 1950 ³¹²,
1661 1903 1825 1940 sciemus
1839 1904 1880 1925 ³¹³*
1899 1912 2055 1953 propter
2074 1905 2164 1954 quid
2187 1905 2301 1943 venit.
2324 1906 2362 1942 Si
2386 1906 2495 1954 igitur

1428 1957 1479 1993 ita
1499 1969 1539 1993 se
1558 1957 1674 1993 habet
1692 1957 1730 1993 in
1750 1957 1829 1994 aliis
1850 1957 1971 1994 causis
1993 1958 2088 1994 sicut
2106 1958 2143 1995 in
2164 1958 2285 1995 causis
2304 1959 2492 2008 finalibus,
2552 1974 2634 2001 codd„
2647 1981 2698 1996 exc.
2710 1981 2732 1996 ω

1429 2011 1535 2059 quod
1554 2017 1644 2047 tunc
1671 2010 1838 2046 maxime
1860 2010 2000 2047 scimus
2023 2016 2038 2034 ⁷¹
2067 2011 2219 2060 quando
2250 2012 2298 2048 ad
2316 2012 2493 2049 ultimum
2521 2004 2732 2076 Ξιὲῑέιῄηἷέίῖἐῗζ

2520 1121 2567 1141 “ι;;
2583 1120 2622 1146 id,·
2636 1127 2654 1146 q
2680 1121 2728 1147 hoc,

2520 1152 2540 1168 1:
2557 1149 2598 1168 est.

2521 1924 2528 1931 '
2539 1927 2668 1953 οεκυψετ.
2680 1934 2690 1938 -
2701 1929 2725 1944 r.-

2517 1954 2677 1986 gervemmus.

1428 2063 1539 2100 fuerit
1566 2071 1813 2112 perventum3
1845 2076 1933 2111 ergo
1953 2063 1991 2100 in
2011 2064 2089 2100 aliis
2109 2072 2198 2101 tunc
2217 2064 2380 2102 maxime
2402 2065 2493 2102 scie·
2619 2091 2634 2113 η

1429 2129 1516 2153 mus
1532 2117 1564 2163 ²¹⁸,
1586 2116 1741 2165 quando
1769 2117 2040 2165 perveniemus
2059 2117 2100 2138 ³³*
2121 2117 2169 2154 ad
2188 2118 2274 2164 hoc,
2295 2118 2399 2166 quod
2419 2119 2493 2155 hoc
2522 2139 2530 2147 ·
2546 2143 2729 2168 fflfflfflffl„

1428 2170 1525 2206 inest
1547 2170 1636 2206 huic
1664 2182 1742 2206 non
1768 2170 1930 2218 amplius
1958 2178 2114 2219 propter
2141 2170 2280 2219 aliquid
2309 2171 2427 2208 aliud:
2458 2179 2494 2208 et
2519 2170 2546 2201 2²
2561 2170 2655 2217 ’έὲῗὲῗζ
2680 2197 2730 2222 exc„

1427 2224 1503 2260 hoc
1542 2223 1722 2271 contingit
1755 2235 1844 2259 cum
1873 2223 1893 2243 ’¹‘
1930 2223 2218 2271 pervenerimus
2256 2224 2304 2260 ad
2341 2224 2491 2261 univer·
2519 2223 2590 2274 iniis}
2603 2223 2635 2268 ‘ci
2645 2223 2732 2265 :²⁷⁹3ss

1429 2277 1516 2313 sale.
1543 2277 1592 2313 Et
1609 2277 1684 2313 hoc
1703 2276 1917 2312 manifestat
1935 2276 1973 2312 in
1990 2277 2010 2298 ³²
2029 2276 2091 2313 tali
2112 2278 2297 2325 exemplo.
2329 2277 2369 2314 Si
2390 2277 2491 2314 enim
2515 2275 2728 2322 Ψέέέῖἷῗέζὲ.ε.-

1428 2342 1657 2379 quaeramus
1684 2329 1730 2366 de
1750 2329 1821 2366 isto
1842 2329 2025 2377 triangulo
2044 2329 2269 2378 particulari,
2291 2342 2407 2379 quare
2427 2343 2491 2368 an·
2515 2323 2730 2381 maziam&

1426 2383 1502 2431 guli
1527 2382 1607 2419 eius
1634 2382 1828 2419 extrinseci
1861 2390 1948 2419 sunt
1976 2383 2152 2431 aequales
2176 2390 2338 2431 quatuor
2362 2383 2490 2430 rectis;
2515 2381 2688 2424 ffiiffiffmffi'

1427 2436 1717 2488 respondebitur
1745 2435 1849 2484 quod
1877 2436 1952 2472 1106
1982 2436 2161 2484 contingit
2191 2436 2280 2473 huic
2307 2436 2491 2484 triangulo

1427 2490 1515 2539 quia
1544 2497 1599 2526 est
1622 2489 1818 2535 isosceles;
1847 2488 2023 2526 isosceles
2052 2497 2179 2526 autem
2210 2497 2265 2526 est
2291 2489 2372 2526 talis
2405 2490 2494 2538 quia
2521 2534 2529 2541 ¹

1426 2551 1482 2580 est
1500 2543 1722 2590 triangulus;
1743 2542 1948 2589 triangulus
1967 2549 2095 2579 autem
2116 2549 2172 2579 est
2184 2543 2204 2563 '¹‘
2222 2542 2303 2579 talis
2323 2542 2411 2591 quia
2439 2551 2494 2580 est
2520 2534 2588 2582 ⁵5⁸⁶
2600 2540 2731 2556 ⁰“¹‘*¹³⁰⁰⁰

1425 2675 1463 2699 sic
1482 2674 1631 2699 invenimus
1650 2674 1712 2703 hoc‚·
1731 2673 1953 2698 BCDEHLMST:
1973 2673 2158 2698 invenerimus.
2178 2673 2301 2705 Legimus
2326 2681 2385 2698 curn
2404 2674 2493 2698 codd.:

1426 2713 1489 2735 tunc
1501 2710 1654 2742 opinamur.
1669 2710 1688 2734 P
1703 2717 1756 2733 orn.
1773 2712 1843 2734 tunc.
1853 2708 1947 2733 -Infra
1960 2709 2035 2733 codd.
2050 2708 2263 2738 CDEKLMNQT
2282 2714 2307 2733 et
2321 2717 2345 2741 p.
2357 2717 2392 2734 m.
2407 2710 2424 2733 S
2438 2717 2492 2734 om.

1426 2745 1492 2774 iam,
1513 2745 1584 2778 quod
1603 2745 1659 2769 sine
1677 2745 1732 2769 ullo
1747 2744 1937 2769 inconvenienti
1956 2749 2042 2777 potest
2061 2744 2209 2776 expungi.-
2222 2744 2259 2768 H:
2279 2745 2390 2769 ulterius
2407 2744 2492 2777 inqui-

1426 2781 1547 2810 rendum,
1562 2784 1602 2810 est
1617 2781 1646 2805 id
1659 2787 1720 2805 vere
1727 2780 1795 2812 finis
1809 2785 1869 2811 etc.;
1884 2781 1905 2804 Β
1915 2788 1940 2812 p.
1951 2788 1987 2804 m.
2001 2787 2054 2803 om.
2067 2783 2106 2804 est
2121 2779 2156 2808 id,
2173 2787 2194 2803 s.
2209 2787 2271 2803 vero
2286 2787 2365 2804 manu
2379 2780 2492 2804 additur:

1427 2816 1548 2840 ultimum
1563 2819 1603 2840 est
1617 2815 1696 2846 illud‚·
1715 2816 1752 2840 A:
1770 2815 1948 2848 quaerendum
1967 2822 2046 2846 quam
2067 2814 2095 2839 id
2113 2814 2184 2846 quod
2196 2819 2257 2844 etc.;
2271 2815 2491 2840 CDEKLMNST:

1425 2855 1466 2876 est
1485 2851 1551 2876 illud
1569 2851 1640 2883 quod
1658 2854 1698 2876 est
1716 2856 1764 2875 etc.
1784 2851 1977 2875 Conservamus
1996 2850 2121 2881 integram
2141 2849 2277 2874 lectionem
2296 2850 2324 2874 P.

1479 2886 1502 2919 ε)
1526 2887 1560 2911 Ut
1577 2886 1676 2912 scilicet
1701 2886 1798 2911 reddat
1823 2886 2031 2911 debitum-Est
2054 2885 2129 2909 lectio
2148 2885 2222 2909 codd.
2242 2885 2447 2910 ABCDELMOS
2466 2890 2492 2910 ct

1425 2930 1448 2947 s.
1467 2922 1541 2953 m.1;
1566 2922 1673 2954 insuper
1697 2922 1772 2947 codd.
1791 2921 1851 2945 KN:
1870 2921 1968 2946 scilicet
1994 2924 2035 2950 ut,
2056 2925 2081 2944 et
2104 2920 2140 2944 T:
2161 2923 2190 2944 ut
2208 2920 2244 2949 si‚·
2262 2920 2285 2944 si
2306 2925 2425 2952 corrupte
2443 2928 2491 2952 pro

1425 2958 1532 2983 scilicet.
1553 2958 1572 2981 P
1592 2965 1645 2982 om.
1661 2957 1798 2982 scilicet.-
1810 2966 1823 2980 α
1835 2957 1868 2981 Et
1886 2956 1935 2980 hoc
1954 2961 2059 2988 propter
2077 2955 2126 2979 hoc
2145 2955 2315 2987 (ACDEQST
2334 2961 2359 2980 et
2378 2964 2403 2988 p.
2416 2963 2451 2980 m.
2466 2956 2491 2986 1,

1427 3002 1441 3016 »
1456 2996 1571 3025 propter·
1589 2993 1638 3018 hoc
1655 2993 1731 3017 aliud
1734 3001 1743 3022 ‚·
1757 2992 1868 3022 BLMO,
1883 2995 1997 3023 propter
2010 2990 2106 3024 aliud),
2120 2995 2149 3015 ut
2162 2990 2258 3015 scilicet
2273 2989 2305 3023 (K
2320 2999 2372 3015 orn.
2382 2989 2490 3024 scilicet)

1427 3037 1441 3051 ³>
1462 3036 1514 3052 non
1533 3028 1626 3052 iniuste
1645 3033 1711 3060 agat.
1735 3028 1767 3052 Et
1786 3028 1822 3052 sic
1842 3035 1946 3059 semper
1964 3026 2132 3059 procedentes
2152 3026 2406 3058 (BCDEHKLMST,
2424 3033 2492 3058 pro-

1428 3074 1440 3086 »
1460 3064 1622 3093 cedendum;
1641 3063 1665 3087 O
1685 3068 1711 3087 et
1729 3071 1751 3087 s.
1766 3071 1802 3087 m.
1817 3063 1854 3092 D,
1869 3062 2059 3096 procedendo),
2076 3062 2179 3093 quando
2198 3062 2248 3085 iam
2268 3059 2314 3094 (A,
2327 3061 2433 3093 quando
2446 3068 2491 3085 ra-

1427 3108 1441 3122 »
1461 3098 1514 3132 tio)
1535 3107 1587 3123 non
1611 3098 1658 3123 erit
1682 3098 1794 3130 amplius
1813 3098 1918 3130 aliquod
1942 3097 2011 3121 aliud
2034 3101 2139 3129 propter
2162 3096 2224 3129 quid
2243 3095 2489 3130 (ABCEIKLOST,

1427 3143 1441 3158 »
1461 3134 1576 3165 amplius
1586 3137 1701 3166 propter
1714 3133 1817 3165 aliquid
1825 3133 1915 3163 aliud5
1925 3133 1985 3163 DH,
1996 3132 2109 3164 amplius
2121 3135 2235 3163 propter
2246 3132 2311 3163 quid
2322 3132 2490 3165 aliudgMN,

1427 3180 1440 3192 »
1461 3169 1576 3200 amplius
1586 3172 1701 3201 propter
1713 3168 1790 3193 aliud
1795 3175 1804 3197 ,·
1819 3168 1857 3198 Q,
1875 3168 1988 3199 amplius
2001 3170 2114 3200 propter
2127 3167 2203 3191 aliud
2219 3166 2335 3199 aliquid)
2351 3167 2416 3191 sicut
2428 3174 2488 3198 pro-

1428 3215 1440 3227 »
1461 3209 1519 3236 pter
1531 3209 1579 3228 etc.
1592 3214 1604 3226 »
1617 3204 1754 3228 Lectiones
1768 3207 1884 3235 propter
1898 3203 1947 3234 hoc
1960 3203 2036 3227 aliud
2050 3207 2075 3227 et
2083 3205 2198 3234 propter
2209 3202 2311 3234 aliquid
2324 3202 2399 3227 aliud
2412 3202 2488 3232 sicut,

1426 3247 1493 3272 quae
1512 3239 1635 3263 meliores
1654 3239 1781 3268 videntur,
1801 3238 1980 3271 adoptavimus
1999 3246 2030 3262 ex
2048 3238 2131 3267 codd„
2150 3238 2238 3261 relicta
2257 3237 2342 3262 Piana.

1478 3274 1503 3306 ζ)
1526 3274 1578 3304 Qui
1596 3277 1636 3298 est
1654 3274 1798 3298 beatitudo.
1812 3287 1832 3292 ·-·
1847 3274 1982 3305 Signanter
2002 3273 2092 3297 dicitur
2116 3272 2266 3297 beatitudo:
2284 3272 2402 3304 exempla
2421 3272 2490 3297 enim

1425 3310 1528 3334 inducta
1546 3309 1688 3341 respiciunt
1710 3309 1823 3333 actiones
1843 3308 1983 3339 humanas;
2002 3307 2061 3332 finis
2080 3313 2165 3332 autem
2189 3308 2310 3337 ultimuS,
2330 3313 2354 3332 et
2372 3307 2444 3339 ideo,
2464 3307 2490 3332 in

1425 3345 1541 3369 subiecta
1560 3345 1673 3374 materia,
1687 3347 1803 3375 propter
1821 3343 1886 3376 quid
1904 3343 2032 3368 actionum
2051 3343 2235 3373 humanarum,
2256 3347 2295 3367 est
2314 3342 2452 3369 beatitudo.

1478 3379 1506 3414 η)
1528 3379 1604 3404 Sicut
1623 3379 1648 3403 in
1668 3379 1755 3404 causis
1766 3378 1904 3411 finalibus,
1919 3379 1990 3411 quod
2004 3382 2066 3403 tunc
2082 3378 2200 3402 maxime
2212 3378 2310 3402 scimus
2323 3383 2370 3402 etc.
2380 3391 2399 3396 —
2411 3378 2491 3403 Addi-

1425 3423 1485 3440 mus
1505 3415 1592 3440 causis
1612 3422 1642 3439 ex
1661 3415 1736 3439 codd.
1756 3414 1820 3438 Cod.
1833 3414 1866 3438 B:
1885 3414 1954 3438 sicut
1972 3414 1998 3438 in
2017 3413 2104 3438 causis
2114 3413 2251 3446 finalibus,
2266 3416 2291 3437 et
2311 3413 2337 3437 in
2358 3413 2415 3438 istis
2428 3416 2491 3439 tunc

1425 3450 1546 3475 maxime
1570 3450 1667 3475 scimus
1691 3454 1750 3480 etc.;
1777 3450 1816 3473 H:
1837 3449 1913 3474 Sicut
1939 3448 2072 3480 (corrupte
2097 3456 2144 3481 pro
2163 3448 2200 3480 si)
2221 3455 2286 3481 ergo
2310 3455 2338 3473 se
2361 3448 2440 3473 habet
2463 3449 2489 3474 in

1425 3486 1486 3510 aliis
1504 3485 1591 3510 causis
1603 3485 1733 3517 finalibus
1747 3483 1886 3517 (finalibus
1900 3483 1941 3508 hic
1955 3491 2062 3508 erronee
2082 3482 2202 3517 additur),
2217 3487 2244 3508 et
2258 3483 2283 3508 in
2297 3483 2385 3508 causis
2395 3484 2490 3516 finali-

1426 3521 1472 3546 bus
1483 3521 1602 3545 maxime
1611 3520 1708 3545 scimus
1723 3519 1829 3552 quando
1845 3519 1883 3544 ad
1895 3519 2015 3543 ultimum
2023 3519 2106 3551 finem
2117 3522 2276 3550 perventum
2289 3522 2328 3543 est
2332 3526 2341 3547 ‚·
2354 3526 2420 3552 ergo
2433 3525 2491 3551 etc.;

1426 3557 1463 3581 O:
1482 3556 1550 3581 sicut
1569 3556 1595 3580 in
1610 3555 1697 3580 causis
1709 3555 1846 3588 finalibus,
1866 3558 1892 3579 et
1911 3554 1936 3579 in
1953 3554 2040 3579 causis
2051 3554 2180 3587 finalibus
2197 3557 2260 3579 tunc
2281 3554 2400 3579 maxime
2414 3559 2490 3580 etc.—

1426 3591 1469 3616 PN
1483 3591 1586 3621 habent,
1602 3595 1627 3616 et
1641 3591 1715 3622 bene,
1732 3590 1803 3623 quod
1821 3593 1897 3620 tunc;
1916 3589 1956 3614 alii
1976 3590 2049 3614 codd.
2063 3597 2116 3615 om.
2131 3589 2209 3622 quod.
2229 3589 2288 3620 Quo
2307 3590 2414 3620 omisso,
2428 3590 2491 3614 ado-

1426 3627 1522 3660 ptanda
1540 3626 1606 3651 soret
1625 3626 1700 3651 lectio
1720 3631 1763 3651 aut
1782 3626 1838 3650 cod.
1853 3626 1881 3655 B,
1897 3630 1939 3650 aut
1958 3626 2014 3650 cod.
2028 3625 2061 3650 Ο.
