2548 4192
976 277 1030 313 IN
1061 278 1098 314 S.
1111 277 1362 314 THOMAM
1390 279 1713 326 AQUINATEM

202 354 334 395 plinam.
357 354 412 385 Ait
434 363 509 384 vero
533 364 587 394 qu.
605 364 642 392 11,
667 361 722 384 art.
744 365 782 392 11,
807 362 928 395 quaest.
950 363 1000 386 111:
1025 369 1039 384 «
1053 356 1185 387 Videtur
1209 366 1275 387 esse

205 411 220 427 »
243 398 403 429 diversitas
425 397 506 428 inter
523 398 665 429 Graecos
688 406 718 429 et
741 399 884 429 Latinos.
910 399 1020 430 Graeci
1037 400 1123 430 enim
1147 401 1185 431 de
1200 401 1274 442 fer-

205 455 220 471 »
243 447 395 480 mentato,
420 442 524 473 Latini
547 442 586 472 de
609 452 728 484 azymo
752 442 934 474 conficiunt.
961 444 1066 475 Causa
1086 441 1193 475 autem
1216 445 1276 476 hu-

204 499 219 515 »
240 486 382 517 iusmodi
401 486 586 517 diversitatis
603 494 660 524 est,
675 487 750 528 quia
765 487 925 518 Dominus
942 489 974 518 in
990 499 1111 530 azymo
1130 489 1275 527 confecit,

204 543 219 559 2
242 537 278 562 ut
297 540 334 561 ex
349 530 448 562 tribus
467 530 676 570 Evangelistis
693 531 826 562 habetur
841 532 1024 563 manifeste:
1049 541 1080 564 et
1100 533 1143 565 ita
1158 535 1190 564 in
1204 535 1275 574 pri-

204 587 219 602 a·
242 575 353 606 mitiva
375 574 522 606 Ecclesia
542 575 690 615 Apostoli
715 575 921 607 celebrabant.
947 577 1055 614 Quem
1071 588 1195 608 morem
1211 578 1274 609 Ro-

205 631 220 647 »
243 629 341 649 mana
364 619 510 650 Ecclesia
534 619 573 650 ab
594 620 771 660 Apostolis,
795 620 851 661 qui
867 620 970 661 ipsam
986 621 1208 661 fundaverunt,
1225 633 1274 654 ac-

205 676 220 691 »
243 663 359 703 cepit...
378 663 439 694 Sed
454 670 576 703 postea,
601 671 636 695 ut
658 664 735 695 dicit
748 665 813 695 Leo
828 665 929 705 Papa,
954 665 1140 697 imminente
1156 667 1275 697 haeresi

204 720 220 736 >
241 708 478 745 Ebionitarum,
504 708 560 749 qui
584 708 728 739 dicebant
751 708 848 739 simul
871 719 946 740 cum
965 710 1139 751 Evangelio
1163 711 1275 751 legalia

174 781 180 785 ,
206 765 222 780 2
245 752 451 791 observanda,
469 752 709 791 sanctiPatres,
737 763 777 784 ne
808 753 851 784 eis
876 755 1052 785 consentire
1074 755 1274 794 viderentur,

206 809 222 824 ι
243 796 416 827 voluerunt
437 797 481 827 ad
503 802 644 837 tempus,
669 797 819 828 instinctu
844 798 978 838 Spiritus
1007 800 1120 838 sancti,
1145 810 1186 830 ex
1201 800 1274 842 fer-

205 852 220 868 »
243 846 384 872 mentato
399 840 512 872 confici
528 841 777 872 Sacramentum.
793 842 906 873 Postea
923 851 1062 874 cessante
1076 844 1129 875 illa
1143 844 1273 883 haeresi,

206 898 221 913 a
242 885 389 916 Ecclesia
419 886 569 916 Romana
601 886 640 916 ad
670 886 839 927 pristinum
869 898 994 918 morem
1024 889 1123 919 rediit.
1157 889 1275 920 Graeci

205 942 220 957 »
243 937 351 961 autern
375 940 496 961 servare
518 930 691 961 voluerunt
717 941 842 961 morem
870 932 910 962 ad
933 939 1060 973 tempus
1089 943 1107 963 a
1129 933 1273 964 Patribus

203 987 219 1002 »
241 974 478 1014 introductum3
502 975 633 1005 ulterius
657 975 806 1006 addentes
827 986 894 1006 non
908 986 1003 1016 posse
1022 976 1136 1007 confici
1160 977 1219 1008 nisi
1235 978 1273 1008 de

203 1031 218 1047 »
237 1018 437 1050 fermentato.
452 1032 466 1047 a»
493 1019 652 1050 Ebionem
677 1019 808 1060 eiusque
837 1020 992 1051 haeresim
1020 1028 1094 1061 post
1116 1021 1274 1052 excidium

202 1063 502 1104 lerosolymitanum
523 1063 685 1094 emersisse
709 1064 866 1095 Batonius
882 1065 1012 1096 adnotat
1027 1066 1067 1095 ad
1082 1075 1203 1096 annum
1219 1075 1272 1107 74,

201 1118 292 1138 num.
306 1108 345 1146 6;
362 1118 484 1138 annum
499 1117 574 1138 vero
598 1113 745 1139 octavum
768 1109 904 1139 Traiani
919 1115 950 1139 et
966 1109 1168 1140 consolatum
1187 1110 1273 1140 Can-

199 1151 268 1183 didi
298 1162 334 1182 ac
361 1151 521 1189 Quadrati
550 1151 659 1182 statuit
689 1152 864 1183 chronicon
894 1153 1162 1192 Alexandrinum,
1194 1154 1274 1185 idest

200 1206 323 1227 annum
347 1195 464 1227 Christi
493 1197 563 1226 105.

265 1239 388 1271 Similia
398 1246 490 1271 antea
499 1240 664 1281 scripserat
672 1240 861 1271 Alexander
869 1241 998 1272 Alensis
1007 1240 1040 1271 in
1050 1241 1195 1279 Summa,
1204 1252 1273 1282 par-

201 1291 233 1316 te
247 1284 302 1323 IV,
313 1294 471 1326 qu.xxx11‚
483 1291 539 1315 art.
548 1295 581 1323 11,
593 1285 738 1315 membro
757 1285 773 1315 3
789 1284 877 1327 iuxta
899 1284 1073 1316 editionem
1090 1296 1174 1316 anno
1191 1286 1271 1326 1482

200 1329 428 1370 Norimbergae
453 1336 595 1360 curatam
612 1328 633 1371 (
633 1329 890 1370 qu.x,memb.1v,
900 1330 1092 1368 artic.1,§.3
1091 1329 1125 1371 ).·
1149 1331 1273 1361 eadem-

201 1370 266 1415 que
279 1374 429 1414 leguntur
444 1374 530 1413 apud
550 1380 696 1404 sanctum
711 1373 968 1404 Bonaventurarn
988 1374 1058 1405 dist.
1070 1385 1111 1412 xx,
1127 1382 1214 1415 parte
1229 1375 1273 1414 11,

200 1425 298 1456 arun,
309 1428 363 1459 qu.
375 1428 386 1448 1
402 1417 461 1460 (ad
471 1416 520 1459 5).
537 1418 595 1448 His
611 1417 706 1459 etiam
720 1418 754 1448 in
769 1418 847 1448 locis
862 1419 927 1448 Leo
936 1419 1026 1459 Papa
1046 1418 1078 1449 in
1093 1426 1206 1450 testem
1220 1420 1273 1450 ad-

201 1462 338 1494 ducitur.
350 1462 426 1500 Quo
441 1469 586 1503 tempore
600 1462 640 1492 ad
656 1461 827 1502 pristinum
842 1472 967 1493 morem
981 1463 1116 1502 redierit,
1127 1464 1152 1494 si
1168 1471 1274 1495 tamen

199 1506 302 1545 rediit,
317 1506 457 1538 Ecclesia
472 1507 630 1545 Romana,
646 1506 783 1538 indicare
799 1507 923 1538 videtur
945 1508 1112 1539 Martinus
1135 1509 1276 1540 Polonus

196 1551 233 1583 in
249 1551 414 1583 chronico:
425 1551 493 1583 Hic
507 1549 698 1594 (Alexander
712 1550 738 1593 1)
755 1553 878 1589 statuit,
889 1557 924 1582 ut
938 1553 1011 1583 vino
1026 1562 1111 1593 aqua
1128 1555 1274 1585 miscere-

199 1601 256 1628 tur
269 1597 302 1627 in
316 1597 459 1628 Missa...
471 1601 502 1627 et
517 1601 553 1627 ut
568 1596 685 1627 oblatio
698 1596 800 1638 fieret
814 1605 856 1627 ex
874 1606 1004 1638 azymo.
1024 1597 1206 1628 Romanam
1221 1598 1275 1629 Se-

201 1639 392 1672 dem‘tenuit
406 1641 459 1671 ille
474 1641 513 1671 ab
525 1650 611 1671 anno
625 1640 684 1671 108
702 1641 743 1671 ad
757 1651 878 1671 annum
892 1650 994 1682 usque
1016 1652 1025 1671 1
1038 1642 1086 1672 16.
1098 1643 1180 1672 Rern
1194 1643 1275 1674 hanc

200 1684 244 1717 ita
258 1691 381 1716 enarrat
394 1684 532 1716 Platina:
557 1684 757 1716 Oblationem
772 1695 897 1726 quoque
911 1695 954 1716 ex
966 1695 1100 1727 azrmo,
1116 1686 1274 1728 inquiens,

203 1739 266 1761 non
294 1739 336 1761 ex
352 1729 574 1771 fermentato,
599 1735 635 1760 ut
657 1735 769 1768 antea,
796 1730 879 1771 fieri
902 1730 1107 1762 mandavit...
1124 1737 1159 1762 ut
1181 1732 1275 1763 Ebio-

203 1774 293 1806 naeis
315 1774 484 1805 haereticis
508 1774 730 1805 calumniandi
752 1775 876 1806 occasio
898 1774 1098 1816 auferretur.
1124 1776 1158 1806 In
1182 1787 1276 1807 causa

200 1818 379 1851 calumniae
402 1818 572 1849 Ebionaeis
596 1818 698 1849 ablata
721 1828 837 1849 errasse
856 1819 980 1860 ‘Platina
1003 1819 1136 1851 videtur.

269 1863 307 1894 11.
332 1863 424 1894 Hanc
440 1862 616 1901 historiam,
636 1873 734 1904 quarn
750 1863 934 1894 Scholastici
949 1863 1058 1894 litteris
1073 1865 1275 1903 mandarunt,

202 1907 243 1939 ad
266 1917 398 1938 examen
416 1914 510 1939 vocat
532 1907 662 1939 Natalis
674 1907 862 1938 Alexander
879 1907 912 1938 in
927 1908 1068 1939 Historia
1083 1910 1191 1941 eccles.
1209 1920 1276 1940 sae-

202 1951 266 1984 culi
279 1962 311 1983 x1
336 1959 367 1983 et
381 1962 440 1991 xn,
464 1951 585 1982 dissert.
601 1962 648 1991 x1,
672 1959 729 1983 art.
744 1962 789 1990 111,
803 1962 938 1994 eamque
958 1953 1161 1984 reiiciendam
1177 1954 1275 1993 iubet,

200 2003 313 2038 utpote
335 2006 462 2028 summo
479 2001 622 2028 veterum
646 1997 772 2028 silentio
787 1996 950 2038 salsitatis
965 1999 1141 2029 convictam
1159 2004 1190 2030 et
1205 1999 1276 2030 abs-

200 2051 263 2083 que
285 2042 354 2072 ulla
372 2041 565 2082 probatione
587 2041 627 2072 ab
647 2041 832 2072 auctoribus
847 2042 988 2073 laudatis
1003 2048 1172 2074 assertam.
1197 2043 1276 2074 Scri-

199 2092 305 2127 pserat
327 2085 424 2117 etiam
447 2085 623 2117 Cardinalis
643 2086 784 2117 Ioannes
803 2086 896 2117 Bona
919 2086 1000 2117 libro
1017 2087 1028 2117 I
1049 2087 1169 2118 Rerum
1188 2088 1276 2119 litur-

201 2130 307 2172 gicar„
325 2130 426 2171 capite
440 2140 532 2167 xxm,
556 2140 646 2161 num.
666 2131 699 2161 5:
722 2130 814 2162 Unde
835 2131 996 2172 prodierit
1018 2131 1098 2163 haec
1120 2132 1275 2171 historia,

200 2174 359 2206 incertum
383 2182 460 2205 est...
474 2174 557 2205 Eam
572 2180 705 2206 sanctus
728 2175 867 2206 Thomas
884 2175 994 2206 tribuit
1010 2177 1110 2207 Leoni
1124 2177 1274 2217 Papae..

202 2224 237 2250 at
259 2219 331 2260 quis
350 2219 460 2261 fuerit
483 2220 542 2250 iste
564 2219 641 2257 Leo,
666 2229 733 2250 non
757 2219 887 2251 dicit....
908 2220 1004 2260 Apud
1027 2222 1175 2262 antiquos
1197 2223 1276 2253 scri-

198 2268 313 2305 ptores
331 2273 394 2304 per
417 2264 504 2295 mille
519 2263 597 2305 fere
615 2273 720 2295 annos
743 2265 868 2295 nullum
892 2270 982 2295 extat
1004 2266 1185 2306 vestigium.

271 2307 396 2339 Primus
426 2318 493 2339 non
522 2315 568 2338 est
591 2308 736 2339 Thomas
775 2308 832 2350 qui
855 2310 994 2340 Leonem
1018 2310 1139 2350 Papam
1171 2310 1204 2340 in
1232 2317 1275 2341 te—

205 2359 287 2383 stem
309 2352 477 2384 vocaverit.
501 2353 648 2384 Primum
672 2352 768 2384 huius
793 2353 932 2384 nominis
956 2354 1136 2394 intelligunt
1159 2355 1275 2395 aliqui:

203 2396 299 2428 huius
323 2396 462 2428 nominis
486 2397 617 2428 Nonum
641 2397 704 2435 alii,
729 2397 788 2428 sub
811 2408 878 2439 quo
903 2408 978 2429 cum
1001 2398 1127 2429 Graecis
1153 2399 1276 2430 habitae

203 2441 333 2472 fuerunt
349 2441 590 2472 controversiae.
614 2441 701 2472 Nihil
724 2448 830 2472 tamen
855 2442 956 2473 simile
972 2442 1005 2472 in
1020 2442 1057 2472 iis
1074 2443 1213 2483 epistolis
1229 2443 1276 2474 in-

202 2485 339 2524 venitur,
363 2496 442 2527 quas
465 2486 530 2517 Leo
553 2486 610 2516 IX
628 2486 668 2516 ad
690 2486 878 2517 Michaelem
902 2486 1102 2518 Cerularium
1126 2487 1276 2518 schisma-

203 2529 304 2561 ticum
318 2529 457 2570 scripsit:
483 2540 518 2561 ac
535 2530 669 2570 epistola
692 2540 758 2561 non
782 2537 912 2571 apparet
934 2531 999 2562 ulla
1018 2531 1135 2563 Leonis
1150 2532 1179 2571 I,
1194 2542 1277 2573 quae

202 2573 307 2606 simile
330 2573 496 2615 quidpiam
519 2574 638 2605 offerat.

268 2618 320 2650 III.
345 2621 397 2649 An
421 2629 495 2659 ergo
512 2618 711 2650 historiolam
730 2619 872 2650 cuderint
887 2618 1095 2651 Scholastici?
1119 2620 1278 2651 Iudicium

191 2662 298 2695 ⁴affero
322 2663 458 2694 Ioannis
471 2663 655 2694 Mabillonii
677 2663 710 2694 in
726 2663 952 2695 Dissertatione
969 2665 1008 2696 de
1024 2675 1138 2706 azymo
1163 2672 1194 2696 et
1217 2665 1277 2696 fer-

203 2714 346 2739 mentato
376 2707 476 2748 capite
499 2719 529 2739 v.
560 2708 665 2739 Verba
693 2715 767 2739 sunt
794 2708 827 2738 in
850 2707 930 2739 fine:
966 2722 981 2738 α
994 2711 1106 2740 Aetate
1134 2714 1281 2741 veterum-

206 2765 223 2780 »
245 2751 516 2784 Scholasticorum
537 2752 837 2784 circumferebantur
860 2754 966 2784 nescio
985 2764 1068 2795 quae
1085 2755 1206 2795 scripta
1221 2764 1278 2785 seu

207 2809 223 2824 ι
244 2797 373 2828 decreta
397 2797 514 2828 Leonis
537 2802 566 2828 et
588 2797 781 2835 Alexandri,
807 2797 913 2838 spuria
936 2805 1028 2837 certe,
1053 2799 1108 2829 sed
1131 2799 1279 2830 nondum

208 2853 225 2868 ι»
246 2847 341 2872 notae
366 2840 525 2872 falsitatis:
550 2841 667 2882 quibus
690 2841 818 2873 adducti
852 2849 996 2873 auctores
1020 2843 1198 2883 superiores
1226 2854 1278 2874 va-

208 2897 224 2912 »
246 2884 307 2915 n'as
335 2885 374 2916 de
397 2895 511 2926 azymo
541 2886 709 2917 sententias
738 2893 918 2918 tenuerunt.
949 2887 1070 2918 Forsan
1099 2888 1195 2918 etiam
1223 2888 1279 2929 qui

209 2941 225 2956 ι
248 2928 357 2959 dixere*
374 2930 540 2961 occasione
556 2930 700 2961 haeresis
713 2930 888 2962 Ebionicae
902 2938 1032 2962 cautum
1052 2931 1148 2962 fuisse
1165 2939 1201 2963 ut
1215 2942 1279 2963 ces-

211 2985 226 3000 »
249 2979 369 3003 saretur
386 2973 425 3004 ab
441 2983 567 3014 azymo,
581 2974 645 3005 huc
658 2974 780 3005 inducti
795 2982 869 3006 sunt
884 2976 1069 3007 auctoritate
1082 2977 1187 3008 sancti
1201 2977 1279 3017 Epi-

210 3029 226 3044 »
241 3017 368 3058 phanii.
399 3016 485 3048 Cum
501 3017 586 3048 enim
601 3019 689 3059 apud
701 3019 921 3059 Epiphanium
940 3018 1078 3062 (haeresi
1092 3032 1162 3058 xxx,
1174 3031 1204 3051 n.
1222 3019 1277 3063 16)

210 3074 226 3089 ›
247 3061 387 3101 legerent
408 3061 588 3093 Ebionaeos
617 3063 730 3093 erroris
746 3070 885 3102 notatos,
909 3064 999 3105 quod
1021 3065 1171 3106 mysteria
1186 3064 1276 3095 offer-

210 3118 226 3133 »
249 3111 318 3136 rent
344 3115 387 3136 ex
409 3115 529 3148 azymo
557 3111 587 3137 et
609 3116 695 3147 aqua
717 3107 820 3138 solum
830 3116 844 3146 ;
871 3115 1062 3148 putaverunt
1091 3119 1279 3150 azymorum

210 3163 226 3178 a·
248 3159 345 3180 usum
364 3159 400 3180 ea
419 3149 585 3180 occasione
607 3150 760 3182 reiectum
783 3152 821 3182 ab
845 3152 985 3183 Ecclesia
1008 3152 1115 3184 fuisse.
1140 3154 1182 3184 Et
1204 3153 1279 3194 quia

211 3207 226 3222 »
249 3203 437 3234 persuasum
452 3193 610 3225 habebant
632 3205 757 3226 morem
783 3196 892 3227 utendi
909 3197 1028 3238 azymis
1044 3197 1131 3237 apud
1146 3198 1280 3228 Latinos

210 3251 226 3267 ³>
248 3248 267 3269 a
290 3237 407 3269 Christi
431 3237 576 3278 exemplo
601 3238 814 3278 descendisse;
838 3239 919 3271 hanc
942 3241 1074 3272 demum
1092 3242 1280 3272 invenerunt

210 3295 225 3310 »
249 3281 464 3313 conciliandae
483 3281 674 3313 difficultatis
697 3282 793 3322 viam,
817 3291 854 3315 ut
868 3294 1019 3326 azymum
1036 3291 1173 3326 propter
1185 3286 1279 3316 Ebio-

209 3339 225 3354 »
249 3336 346 3358 naeos
375 3326 414 3357 ab
444 3326 584 3357 Ecclesia
613 3326 766 3358 reiectum
793 3338 848 3358 seu
876 3328 1092 3360 intermissum
1123 3329 1278 3360 dicerent:

210 3384 226 3399 2
248 3377 359 3412 postea
381 3380 456 3401 vero
481 3377 620 3401 cessante
642 3369 762 3410 haeresi
785 3372 953 3412 praedicta,
976 3372 1166 3404 restitutum.
1180 3385 1196 3400 ι

275 3414 516 3456 Aequissimum
531 3414 602 3455 quis
617 3424 684 3445 non
697 3415 801 3446 videat
815 3416 992 3446 Mabillonii
1005 3416 1169 3447 iudicium.
1194 3417 1278 3447 Hinc

207 3470 283 3491 vero
309 3459 466 3500 colligitur
492 3465 636 3490 veterum
659 3458 854 3490 coniecturas
890 3460 928 3490 de
950 3460 1037 3490 vario
1061 3460 1150 3500 panis
1175 3461 1277 3501 azymi

208 3514 270 3535 usu
286 3503 397 3534 abiisse
421 3503 550 3534 tandem
564 3502 597 3533 in
613 3502 788 3541 historiam,
812 3503 923 3544 utique
939 3503 1060 3534 falsam.
1085 3504 1278 3544 Exemplum

208 3548 296 3579 adest
311 3548 344 3578 in
358 3548 483 3579 Ioanne
497 3547 720 3589 Evangelista,
745 3557 844 3588 quem
866 3558 933 3578 non
957 3548 1063 3579 solum
1087 3549 1204 3579 nubere
1219 3559 1277 3579 vo-

207 3591 315 3631 luisse,
340 3593 395 3623 sed
418 3592 451 3623 in
474 3591 593 3632 nuptiis
617 3591 723 3623 Canae
747 3591 885 3623 Galileae
908 3591 1005 3623 fuisse
1028 3602 1184 3633 sponsum
1207 3602 1277 3623 nar-

207 3643 287 3667 rant.
317 3636 368 3668 Ad
393 3636 564 3677 Epiphanii
593 3636 688 3667 verba
718 3636 806 3678 quod
837 3636 964 3676 attinet,
994 3637 1142 3668 nondum
1168 3647 1277 3668 sensus

2250 298 2403 324 CCCXLnt

1330 366 1444 388 eorum
1458 359 1544 399 apud
1559 361 1699 392 eruditos
1714 369 1895 402 compertus
1911 369 1966 393 est.
1990 362 2132 394 Consule
2147 363 2312 396 laudatum
2326 367 2399 397 Ma-

1330 401 1496 433 billonium
1520 404 1594 436 loco
1619 405 1712 436 citato
1737 406 1837 446 capite
1860 417 1890 444 x,
1914 407 2039 437 Bonam
2063 407 2137 438 loco
2160 409 2275 448 pariter
2294 410 2400 449 citato,

1330 446 1529 478 Martenium
1554 448 1601 479 De
1616 449 1754 491 antiquis
1768 450 1925 481 Ecclesiae
1949 451 2060 482 ritibus
2083 452 2165 482 libro
2183 452 2213 490 I,
2234 453 2334 493 capite
2350 465 2400 493 111,

1331 496 1386 520 art.
1403 500 1460 529 vn,
1485 502 1575 523 num.
1602 493 1632 532 8,
1656 494 1807 525 Natalem
1831 495 2055 526 Alexandrum
2079 496 2153 526 loco
2175 497 2319 537 superius
2336 508 2400 528 me-

1330 541 1467 573 morato,
1483 537 1680 577 Lequienum
1697 538 1730 568 in
1746 538 1972 570 Dissertatione
1987 540 2222 572 Damascenica
2237 551 2283 580 vl,
2303 552 2334 572 n.
2349 551 2399 582 29.

1331 577 1447 619 Colligi
1461 590 1600 621 namque
1614 592 1708 621 posse
1723 589 1836 623 putant
1862 583 2010 614 nonnulli
2025 584 2262 626 fermentatum
2284 596 2401 626 panem

1330 629 1402 653 ante
1425 623 1621 656 Ebionaeam
1644 626 1799 657 haeresim
1822 627 1855 658 in
1879 638 1940 658 usu
1964 628 2060 659 fuisse
2075 629 2108 659 in
2124 629 2264 660 Ecclesia
2286 630 2399 661 latina:

1330 666 1382 696 alii
1406 677 1464 707 pro
1487 678 1606 710 azymo
1629 678 1783 711 pugnant.

1397 711 1450 742 IV.
1475 712 1537 743 Sed
1559 713 1641 745 hanc
1664 715 1839 754 historiam,
1864 726 1963 758 quam
1983 716 2128 748 Thomas
2151 717 2258 748 iunior
2272 717 2305 748 in
2321 718 2399 749 Sen-

1330 756 1503 787 tentiarum
1530 757 1769 789 Commentario
1792 760 1948 791 recensuit
1970 768 2045 801 post
2067 761 2146 792 alios
2170 761 2398 800 Scholasticos‚

1330 799 1435 830 senior
1461 801 1626 843 dereliquit
1643 803 1676 833 in
1701 803 1836 834 Summa
1859 805 2049 846 theologica,
2065 805 2215 836 limatiori
2243 813 2398 837 extremae

1328 843 1409 874 vitae
1424 844 1491 875 eius
1508 845 1623 886 Opere.
1649 847 1782 888 Inquirit
1805 848 1845 878 111
1861 859 1906 888 p.,
1923 859 1977 890 qu.
1995 860 2101 888 Lxxrv,
2125 856 2181 881 art.
2203 857 2251 881 xv:
2279 850 2396 881 Utrum

1328 887 1388 918 hoc
1410 887 1656 920 Sacramentum
1680 891 1791 922 debeat
1814 893 1927 933 confici
1950 903 1991 923 ex
2007 904 2096 933 pane
2118 904 2248 936 azymo.
2272 894 2399 935 Dignis-

1329 931 1408 962 sima
1438 940 1513 964 sunt
1541 934 1813 966 animadversione
1844 936 1911 966 eius
1942 938 2054 968 verba:
2089 951 2104 966 α
2122 938 2213 970 Circa
2235 939 2399 970 materiam

1332 988 1347 1002 »
1369 975 1465 1006 huius
1489 977 1680 1009 Sacramenti
1703 979 1768 1010 duo
1791 987 1926 1020 possunt
1950 981 2154 1013 considerari:
2185 982 2301 1014 scilicet
2323 983 2400 1024 quid

1332 1032 1346 1047 »
1368 1020 1409 1050 sit
1425 1023 1641 1052 necessarium
1667 1029 1697 1053 et
1719 1023 1796 1063 quid
1811 1026 2010 1055 conveniens.
2034 1026 2253 1057 Necessarium
2269 1027 2399 1068 quidem

1331 1076 1346 1090 »
1369 1071 1426 1102 est,
1443 1071 1479 1095 ut
1495 1065 1534 1095 sit
1550 1067 1651 1106 panis
1674 1068 1828 1106 triticeus,
1854 1068 1920 1099 sine
1944 1079 2009 1109 quo
2029 1080 2095 1100 non
2119 1070 2278 1110 perficitur
2293 1071 2398 1102 Sacra-

1331 1121 1346 1135 »
1370 1115 1530 1139 mentum:
1556 1120 1623 1140 non
1640 1117 1686 1141 est
1709 1118 1815 1141 autem
1839 1113 1878 1142 de
1894 1113 2075 1144 necessitate
2091 1114 2293 1153 Sacramenti,
2310 1116 2399 1156 quod

1332 1164 1345 1178 »
1369 1152 1409 1182 sit
1431 1163 1572 1195 azymus
1595 1155 1646 1185 vel
1660 1154 1892 1196 fermentatus,
1917 1157 1992 1197 quia
2011 1157 2044 1187 in
2063 1168 2262 1199 unoquoque
2286 1159 2398 1190 confici

1331 1209 1346 1224 »
1368 1203 1483 1236 potest.
1511 1197 1712 1229 Conveniens
1735 1206 1842 1230 autem
1866 1207 1912 1231 est
1934 1208 1970 1232 ut
1993 1202 2212 1244 unusquisque
2236 1211 2336 1234 servet
2358 1204 2400 1234 ri-

1332 1253 1346 1268 »
1369 1247 1439 1271 tum
1456 1251 1531 1272 suae
1547 1242 1705 1273 Ecclesiae
1720 1243 1753 1273 in
1770 1243 1960 1276 Sacramenti
1977 1245 2194 1278 celebratione.
2218 1247 2320 1288 Super
2336 1248 2398 1279 hoc

1332 1298 1346 1313 x·
1369 1292 1476 1316 autem
1500 1293 1574 1316 sunt
1603 1287 1750 1318 diversae
1779 1288 1999 1319 Ecclesiarum
2032 1291 2285 1322 consuetudines.
2315 1292 2399 1323 Dicit

1331 1343 1346 1358 »
1369 1330 1455 1360 enim
1485 1330 1596 1362 beatus
1627 1331 1806 1373 Gregorius
1835 1332 1868 1363 in
1892 1333 2053 1374 Registro:
2077 1335 2224 1366 Romana
2254 1336 2399 1367 Ecclesia

1331 1387 1345 1401 x
1369 1374 1465 1415 offert
1488 1385 1623 1416 azymos
1639 1386 1756 1416 panes,
1775 1382 1950 1417 propterea
1966 1378 2051 1418 quod
2065 1379 2225 1410 Dominus
2246 1381 2316 1411 sine
2331 1381 2399 1411 ulla

1332 1431 1346 1445 »
1369 1420 1596 1450 commixtione
1610 1422 1749 1461 suscepit
1768 1430 1919 1453 carnem:
1941 1423 1998 1453 sed
2016 1433 2157 1463 graecae
2171 1424 2335 1455 Ecclesiae
2350 1424 2399 1466 os-

1332 1476 1346 1491 »
1361 1463 1482 1505 ferunt
1496 1463 1746 1505 fermentatum,
1764 1476 1829 1506 pro
1853 1476 1889 1496 eo
1913 1467 1997 1507 quod
2026 1467 2158 1498 Verbum
2178 1468 2285 1499 Patris
2309 1469 2399 1499 indu-

1332 1521 1347 1535 »
1369 1513 1438 1538 tum
1462 1513 1509 1539 est
1532 1518 1641 1546 carne,
1665 1510 1749 1540 sicut
1769 1510 1972 1551 fermentum
1993 1512 2145 1542 miscetur
2159 1512 2341 1553 farinae...
2360 1512 2401 1543 Et

1333 1565 1347 1580 »
1370 1559 1477 1583 tamen
1492 1554 1691 1584 consuetudo
1706 1554 1745 1585 de
1753 1565 1843 1595 pane
1856 1565 1976 1597 azymo
1989 1556 2172 1587 celebrandi
2185 1556 2402 1587 rationabilior

1333 1610 1348 1625 »
1371 1603 1431 1628 est:
1445 1597 1551 1637 primo
1562 1597 1693 1639 quidem
1706 1605 1836 1639 propter
1848 1599 2081 1630 institutionem
2095 1600 2211 1631 Christi
2225 1608 2282 1632 etc.
2298 1601 2401 1632 Habet

1333 1654 1347 1668 ν
1370 1648 1477 1672 tamen
1495 1642 1575 1673 haec
1597 1643 1792 1674 consuetudo
1811 1643 2009 1674 Graecorum
2035 1644 2175 1685 aliquam
2199 1645 2357 1676 rationem
2371 1652 2402 1676 et

1333 1698 1347 1713 »
1363 1690 1501 1726 propter
1525 1686 1793 1728 significationem
1805 1710 1815 1725 ‚
1848 1698 1946 1728 quam
1969 1688 2068 1728 tangit
2092 1688 2282 1729 Gregorius:
2315 1697 2345 1720 et
2367 1689 2400 1720 in

1333 1742 1347 1756 ι
1369 1730 1607 1762 detestationem
1632 1731 1775 1763 haeresis
1797 1732 2060 1774 Nazaraeorum,
2085 1733 2140 1774 qui
2164 1734 2275 1774 legalia
2298 1734 2400 1764 Evan-

1333 1786 1348 1802 ι
1370 1774 1454 1814 gelio
1478 1774 1660 1806 miscebant.
1674 1787 1688 1801 2>

1398 1819 1523 1850 Locum
1546 1826 1718 1861 utrumque
1742 1830 1892 1860 compara
1914 1828 1945 1852 et
1961 1822 2110 1861 expende.
2136 1822 2312 1863 Utrobique
2336 1823 2399 1854 La-

1330 1864 1418 1894 tinae
1441 1870 1471 1894 et
1496 1863 1641 1895 Graecae
1663 1864 1819 1896 Ecclesiae
1842 1875 1947 1896 mores
1971 1865 2074 1896 varios
2102 1866 2284 1908 variamque
2308 1868 2400 1898 disci-

1330 1907 1452 1948 plinam
1468 1908 1608 1940 exhibet:
1635 1919 1670 1939 ac
1689 1908 1858 1950 utrobique
1882 1920 2010 1940 causam
2033 1910 2217 1942 diversitatis
2236 1912 2398 1953 perquirit.

1330 1953 1422 1983 Hanc
1446 1952 1558 1993 repetit
1580 1952 1613 1983 in
1640 1953 1879 1984 Commentario
1904 1964 1940 1984 ex
1968 1954 2021 1984 illa
2049 1954 2194 1994 historia,
2218 1966 2299 1996 quae
2323 1956 2400 1987 fere-

1331 1997 1440 2036 batur;
1470 1997 1525 2028 sed
1549 2007 1619 2028 eam
1643 1998 1777 2028 omnino
1802 1998 1948 2038 praeterit
1974 1998 2008 2028 in
2031 1998 2176 2030 Summa.
2204 2000 2303 2031 Addit
2325 2011 2400 2031 vero

1328 2041 1476 2072 litterales
1491 2049 1522 2073 et
1536 2041 1683 2083 mysticas
1697 2042 1834 2073 rationes
1854 2043 1976 2083 plures:
2002 2043 2235 2085 adductamque
2254 2044 2286 2074 in
2309 2045 2400 2075 Com-

1331 2087 1488 2117 mentario
1505 2096 1562 2117 nec
1577 2087 1709 2117 verbulo
1732 2086 1858 2118 indicat.
1884 2087 1951 2118 Cur
1971 2085 2069 2118 vero?
2092 2088 2269 2120 Praedictae
2286 2089 2402 2120 scilicet

1330 2130 1477 2161 historiae
1492 2130 1660 2162 falsitatem
1675 2131 1930 2172 deprehenderat.
1955 2132 2042 2162 Haec
2061 2139 2169 2163 autem
2184 2133 2330 2164 Thomae
2347 2143 2400 2174 pe-

1330 2175 1400 2206 ritia
1416 2182 1471 2206 est.
1487 2175 1670 2218 Nazarenis
1686 2175 1749 2206 sive
1763 2176 1954 2217 Nazaraeis,
1971 2186 2053 2216 quos
2073 2183 2230 2207 memorat
2245 2177 2399 2218 Aquinas,

1330 2219 1478 2260 proprios
1492 2220 1716 2251 Ebionitarum
1733 2230 1851 2250 errores
1870 2220 2007 2260 imputat
2026 2220 2250 2252 Theodoretus.
2275 2222 2400 2252 Dubius

1331 2270 1378 2294 est
1399 2264 1603 2305 Epiphanius
1625 2274 1705 2295 num
1730 2264 1893 2296 Christum
1916 2275 1990 2295 cum
2009 2265 2167 2296 Ebionitis
2189 2275 2308 2305 purum
2334 2276 2401 2296 esse

1330 2308 1496 2339 hominem
1520 2308 1666 2339 dicerent.
1695 2309 1770 2339 Non
1794 2308 1893 2339 alium
1916 2308 1960 2339 eis
1984 2319 2122 2339 naevum
2149 2309 2296 2350 impingit
2318 2310 2398 2341 Ι-Ιὶε-

1330 2362 1500 2394 ronymus,
1524 2352 1583 2383 nisi
1607 2353 1696 2394 quod
1720 2363 1794 2383 cum
1818 2353 1978 2384 crederent
2000 2353 2033 2383 in
2057 2352 2231 2392 Christum,
2255 2353 2332 2394 legis
2355 2361 2400 2385 ta-

1330 2407 1405 2428 men
1429 2397 1623 2428 ceremonias
1646 2398 1803 2428 tenebant.
1829 2397 1971 2428 Consule
1994 2397 2196 2438 Lequienum
2211 2397 2245 2428 in
2260 2398 2345 2429 notis
2361 2398 2401 2429 ad

1330 2442 1464 2472 Ioannis
1486 2442 1683 2473 Damasceni
1705 2441 1822 2472 librum
1845 2442 1893 2472 De
1916 2441 2107 2473 haeresibus.
2131 2442 2181 2472 Ab
2201 2441 2249 2473 his
2266 2452 2340 2482 ergo
2364 2449 2400 2473 ut

1331 2486 1467 2517 maxime
1491 2485 1648 2517 differrent
1671 2485 1841 2517 Christiani
1864 2485 2040 2517 Orientales
2058 2492 2090 2517 et
2113 2486 2234 2525 Graeci,
2253 2486 2400 2528 fermen-

1331 2535 1398 2561 tato
1406 2540 1495 2571 pane
1509 2540 1585 2561 usos
1600 2540 1667 2561 esse
1693 2531 1732 2561 ab
1754 2530 1844 2562 initio
1866 2530 2046 2561 coniectura
2066 2537 2112 2561 est
2131 2530 2228 2562 sancti
2243 2531 2399 2562 Thomae.

1398 2575 1438 2606 V.
1465 2575 1568 2606 Verba
1594 2574 1756 2616 Gregorii,
1781 2575 1879 2605 veluti
1910 2584 1953 2605 ex
1977 2575 2129 2616 Registro
2148 2582 2288 2615 sumpta,
2315 2575 2402 2606 affert

1331 2619 1394 2650 ille.
1408 2619 1530 2650 Eadem
1541 2619 1574 2650 in
1587 2619 1655 2650 aliis
1667 2619 1745 2650 locis
1762 2619 1887 2650 recitat:
1903 2619 1937 2649 in
1955 2619 2078 2650 Catena
2093 2629 2207 2657 aurea,
2222 2619 2322 2660 capite
2332 2630 2402 2650 xxV1

1333 2663 1385 2705 (ν.
1401 2662 1465 2706 26)
1487 2663 1520 2695 in
1545 2663 1755 2704 Evangelium
1778 2663 1942 2694 Matthaei:
1976 2670 2006 2694 et
2033 2663 2066 2694 in
2098 2663 2260 2704 Opusculo
2288 2669 2401 2694 contra

1333 2713 1463 2739 errores
1484 2718 1680 2750 graecorum
1697 2707 1800 2750 (circa
1811 2708 1877 2749 fin.
1895 2709 1929 2747 §.
1950 2707 2044 2745 Quod
2057 2707 2101 2738 ad
2115 2718 2186 2738 eum
2195 2709 2370 2748 pertineat.
2385 2726 2397 2731 -

1332 2753 1373 2783 In
1386 2751 1487 2794 fine).
1512 2751 1726 2785 Combefisius
1748 2751 1782 2783 in
1802 2751 1996 2783 Bibliotheca
2020 2751 2266 2790 concionatoria,
2278 2751 2312 2782 in
2327 2752 2400 2782 Pas-

1333 2797 1422 2828 sione
1445 2796 1597 2835 Domini,
1629 2797 1669 2827 ad
1692 2797 1778 2827 hunc
1803 2796 1955 2838 Gregorii
1977 2796 2086 2827 locum
2107 2796 2141 2826 in
2165 2795 2284 2827 Catena
2307 2805 2401 2826 aurea

1334 2842 1537 2882 descriptum,
1553 2842 1684 2872 adnotat
1698 2841 1731 2871 in
1750 2841 1907 2881 margine:
1925 2841 2092 2881 Nusquam
2107 2841 2186 2871 haec
2208 2845 2400 2871 occurrunt:

1334 2896 1393 2917 nec
1413 2887 1469 2927 qui
1490 2887 1681 2917 Latinorum
1706 2895 1827 2927 azyma
1850 2884 2006 2916 adversus
2028 2885 2168 2915 Graecos
2190 2885 2286 2915 tutati
2304 2889 2398 2922 sunt,

1333 2941 1486 2971 umquam
1505 2930 1745 2971 produxerunt.

1400 2975 1531 3006 Labitur
1554 2975 1601 3005 vir
1624 2975 1746 3005 doctus.
1770 2973 1980 3005 Peritissimus
2004 2972 2145 3003 Michael
2162 2972 2343 3012 Lequienus
2365 2972 2398 3002 in

1333 3019 1551 3051 dissertatione
1574 3018 1799 3050 Damascenica
1813 3018 1873 3055 VI,
1897 3027 1985 3047 num.
2003 3026 2043 3056 42
2061 3027 2120 3047 nos
2144 3017 2253 3047 docet:
2277 3016 2398 3056 praedi·

1334 3070 1421 3094 ctum
1445 3063 1588 3104 Gregorii
1611 3062 1829 3094 testimonium
1852 3061 1912 3101 legi
1936 3061 2044 3101 paullo
2069 3060 2169 3091 fusius
2191 3060 2224 3091 in
2245 3061 2398 3091 Tractatu

1333 3113 1446 3138 contra
1464 3107 1616 3145 Graecos,
1640 3108 1695 3147 qui
1717 3107 1843 3137 habitus
1866 3111 1912 3136 est
1930 3105 2205 3145 Constantinopoli
2220 3106 2251 3135 in
2268 3105 2399 3136 aedibus

1325 3151 1477 3193 fratrum
1491 3151 1755 3182 Praedicatorum
1766 3174 1777 3188 ,
1806 3160 1890 3180 anno
1920 3151 2011 3180 1252.
2037 3150 2222 3180 Tractatum
2245 3149 2278 3179 in
2292 3149 2398 3179 lucem

1334 3195 1436 3226 emisit
1451 3196 1561 3226 Petrus
1578 3195 1747 3226 stevartius
1772 3193 1952 3234 Ingolstadii
1968 3203 2052 3224 anno
2075 3194 2166 3224 1616.
2191 3194 2283 3223 Extat
2303 3193 2397 3223 etiam

1333 3239 1365 3269 in
1385 3239 1571 3270 Coloniensi
1587 3246 1617 3270 et
1631 3239 1837 3279 Lugdunensi
1851 3239 1981 3270 Patrum
1994 3237 2199 3275 Bibliotheca,
2217 3244 2248 3268 et
2262 3237 2294 3267 in
2310 3237 2396 3267 Hen-

1333 3283 1387 3313 rici
1410 3283 1529 3314 Canisii
1553 3283 1689 3323 antiquis
1713 3282 1911 3320 lectionibus,
1936 3289 2027 3313 tomo
2045 3282 2087 3312 IV
2101 3282 2134 3311 in
2158 3281 2295 3312 editione
2315 3291 2333 3311 a
2351 3281 2396 3312 Ia-

1334 3328 1415 3357 cobo
1439 3327 1594 3367 Basnagio
1619 3334 1734 3358 curata.
1763 3327 1798 3356 In
1822 3337 1858 3356 ea
1881 3333 1987 3367 parte,
2017 3326 2071 3356 ubi
2095 3325 2196 3365 agitur
2218 3325 2258 3356 de
2280 3325 2396 3356 Sacra-

1334 3376 1439 3402 mento
1464 3371 1606 3408 Altaris,
1637 3370 1856 3401 testimonium
1885 3369 2027 3410 Gregorii
2056 3369 2196 3399 affertur:
2230 3369 2398 3400 «Audiant

1336 3428 1351 3442 x>
1374 3414 1483 3445 Graeci
1507 3424 1601 3454 super
1624 3414 1684 3444 hoc
1707 3414 1832 3444 beatum
1857 3414 2051 3454 Gregorium
2081 3414 2113 3443 in
2138 3413 2289 3454 Dialogis
2312 3411 2397 3454 (imo

1336 3472 1350 3487 2>
1374 3459 1444 3499 lege
1467 3459 1665 3499 Dialogum,
1690 3467 1751 3498 quo
1776 3459 1877 3497 ipsum
1902 3459 2028 3487 nomine
2058 3457 2173 3487 Graeci
2201 3457 2354 3488 vocabant
2355 3456 2397 3498 ).·

1335 3515 1350 3530 s
1373 3512 1454 3543 quae
1465 3509 1495 3533 et
1505 3502 1609 3543 qualia
1623 3502 1824 3532 Sacramento
1840 3501 2073 3532 detrahentibus
2088 3501 2284 3541 responderit
2301 3511 2397 3543 grae-

1335 3559 1349 3574 »
1372 3556 1408 3577 co
1431 3556 1594 3583 sermone,
1619 3555 1693 3576 cum
1709 3547 1741 3576 in
1761 3545 1898 3576 Graecia
1919 3546 2172 3586 translegatione
2183 3545 2396 3586 fungeretur.

1334 3603 1349 3617 ›
1371 3590 1455 3621 Dicit
1469 3590 1570 3621 enim:
1588 3590 1676 3620 Solet
1687 3590 1789 3630 plane
1804 3590 1924 3621 moveri
1937 3590 2091 3630 quaestio,
2106 3589 2191 3629 quod
2205 3590 2236 3620 in
2251 3589 2397 3621 Ecclesia

1334 3646 1348 3661 »
1371 3635 1428 3666 alii
1443 3634 1678 3676 fermentatum
1695 3633 1848 3674 offerunt,
1865 3634 1924 3664 alii
1939 3643 2044 3674 panes
2059 3643 2225 3677 azrmos...
2244 3634 2334 3665 Unde
2338 3634 2398 3675 fit,
