2788 4204
98 803 214 850 5513»

89 3578 207 3624 Χίμαῧο

303 237 380 274 294

887 221 1273 261 POSTERIORUM
1300 219 1732 257 ANALYTICORUM
1761 221 1855 257 LIB.
1887 221 1914 257 Ι.

828 456 1130 513 LEcT10
1169 438 1977 518 TRIGESIM'AocTAVA

435 594 919 639 DEMONSTRATIO
954 591 1361 635 UNIVERSALIS
1395 591 1622 633 POTIOR
1654 593 1770 634 EST
1803 594 2378 636 DEMONSTRATIONE

1193 667 1607 708 PARTICULARI

302 811 379 841 Ἔτι
397 809 424 839 εἱ
442 809 462 845 ἡ
482 802 651 847 ἀπόδειξις
670 806 729 850 μὲν
747 806 820 838 ἑστι
838 804 1059 851 συλλογισμός
1077 799 1244 841 δεικτικὸς
1261 803 1376 841 αἰτίας

375 855 431 884 καὶ
457 853 520 884 τοῦ
549 847 607 883 δια
632 853 688 891 τί,
723 850 764 883 τὸ
788 849 937 882 καθόλου
962 845 991 880 δ’
1022 849 1236 893 αἰτιώτερον·
1263 848 1287 889 ᾧ
1312 848 1376 894 γαρ

374 895 450 928 καθ’
481 896 568 928 αὑτό
595 895 740 940 ὑπάρχει
757 907 804 935 τι,
827 895 935 927 τοῦτο
955 894 1043 926 αὑτό
1069 894 1164 935 αὐτῷ
1184 894 1310 924 αἴτιον·
1337 893 1378 926 τό

375 936 412 973 δὲ
435 940 582 972 καθόλου
616 941 764 983 πρῶτον·
792 941 902 972 αἴτιον
931 938 995 984 ἄρα
1021 939 1061 971 τὸ
1086 937 1246 970 καθόλου.
1275 936 1378 970 Ὥστε

375 986 433 1017 καὶ
459 986 479 1022 ἠ
508 980 680 1025 ἀπόδειξις
707 984 862 1024 βελτίων·
881 985 1010 1028 μᾶλλον
1028 983 1092 1030 γὰρ
1110 983 1173 1015 τοῦ
1191 982 1303 1014 αἰτίου
1320 985 1378 1014 καὶ

376 1030 439 1062 τοῦ
464 1025 523 1062 διαὶ
547 1032 580 1061 τί
607 1030 712 1061 ἐστιν.

303 1076 379 1108 Ἔτι
396 1073 494 1119 μέχρι
512 1073 639 1108 τούτου
665 1073 834 1116 ζητοῦμεν
852 1071 894 1104 τό
911 1067 970 1113 δια
986 1074 1034 1112 τί,
1052 1074 1110 1104 καὶ
1129 1071 1213 1105 τότε
1242 1070 1380 1116 οἰόμεθα

376 1115 514 1158 εἰδέναι,
543 1118 628 1151 ὅταν
653 1117 699 1162 μή
728 1116 751 1161 ᾗ
777 1117 830 1149 ὅτι
856 1129 890 1148 τι
917 1116 1000 1149 ἄλλο
1027 1118 1133 1150 τοῦτο
1160 1116 1180 1153 ἦ
1205 1117 1380 1161 γινόμενον

377 1162 398 1200 ’ἢ
426 1163 474 1195 ὄν·
509 1163 607 1200 τέλος
632 1162 696 1208 γοὶρ
721 1164 779 1194 καὶ
805 1161 910 1205 πέρας
936 1162 978 1193 τὸ
1003 1161 1152 1207 ἔσχατον
1179 1159 1243 1199 ἤδη
1271 1161 1379 1199 οὕτως

378 1209 482 1240 ἐστίν.
518 1209 593 1239 Οἶον
620 1209 710 1244 τίνος
743 1206 843 1239 ἕνεκα
868 1202 989 1246 ἦλθενς
1024 1205 1112 1244 ὅπως
1137 1207 1229 1252 λάβῃ
1256 1205 1382 1261 τάργύ-

377 1264 458 1296 ριον,
477 1253 584 1285 τοῦτο
602 1247 649 1292 δ’,
669 1251 757 1289 ὅπως
778 1246 895 1292 ἀποδῷ
916 1251 931 1282 ὃ
949 1250 1080 1295 ὤφειλε,
1101 1252 1208 1285 τοῦτο
1225 1249 1271 1292 δ’,
1292 1252 1380 1288 ὁπως

378 1297 424 1342 μὴ
445 1292 604 1339 ἀδικήσῃ·
631 1297 690 1328 καὶ
713 1295 819 1334 οὕτως
839 1295 963 1336 ἰόντες,
983 1294 1068 1328 ὅταν
1087 1296 1211 1338 μηκέτι
1229 1294 1266 1330 δι’
1298 1296 1381 1328 ἄλλο

378 1337 453 1386 μηδ’
485 1342 589 1374 ἄλλου
613 1339 723 1382 ἕνεκα,
741 1336 800 1373 διαὶ
818 1341 924 1373 τοῦτο
949 1341 990 1377 ὠς
1017 1339 1115 1377 τέλος
1140 1342 1248 1385 φαμὲν
1275 1338 1381 1372 ἐλθεῖν

377 1388 435 1418 καὶ
461 1383 545 1418 εἶναι
565 1387 622 1416 καὶ
647 1383 810 1431 γίνεσθαι,
829 1387 886 1416 καὶ
905 1384 990 1417 τότε
1008 1379 1134 1416 εἰδέναι
1153 1386 1307 1430 μάλιστα
1325 1379 1384 1416 &aaz

379 1433 412 1464 τί
437 1428 550 1469 ἦλθεν.
577 1431 615 1461 Εἰ
639 1426 683 1467 δή
710 1431 830 1474 ὁμοίως
858 1431 927 1474 ἔχει
954 1429 1008 1461 ἐπὶ
1034 1430 1151 1461 πασῶν
1171 1432 1237 1462 τῶν
1264 1429 1383 1462 αἰτιῶν

378 1477 437 1508 καὶ
462 1477 527 1508 τῶν
553 1469 612 1506 διαὶ
636 1477 682 1516 τί,
703 1475 758 1507 ἐπὶ
775 1469 813 1506 δὲ
831 1477 897 1506 τῶν
925 1472 989 1505 ὅσα
1019 1475 1118 1506 αἴτια
1145 1474 1251 1514 οὕτως
1276 1475 1317 1512 ὠς
1345 1473 1383 1505 οὑ

380 1520 477 1553 ἕνεκα
496 1519 602 1557 οὕτως
625 1522 720 1563 ἴσμεν
746 1518 914 1563 μάλιστα,
934 1519 992 1550 καὶ
1011 1518 1067 1550 ἐπὶ
1085 1519 1152 1550 τῶν
1177 1520 1287 1552 α”λλων
1319 1518 1384 1573 ἄρα

381 1564 463 1598 τότε
488 1564 642 1609 μάλιστα
665 1566 773 1608 ἴσμεν,
796 1562 880 1596 ὅταν
898 1562 1022 1607 μηκέτι
1042 1562 1179 1608 ὑπάρχῃ
1202 1566 1309 1598 τοῦτο
1329 1564 1383 1596 ὅτι

382 1609 478 1642 ἄλλο.
499 1609 606 1642 ιὈταν
633 1609 692 1654 μὲν
718 1606 776 1641 οὑν
825 1608 1014 1652 ινώσκωμεν
1049 1606 1102 1640 ὅτι
1135 1608 1321 1655 τέτταρσιν
1349 1610 1383 1640 αἱ

381 1654 443 1695 ἔξω
466 1656 552 1694 ἴσαι,
581 1653 634 1687 ὅτι
659 1654 843 1695 ὶσοσκελες,
863 1653 916 1686 ἔτι
935 1655 1095 1685 λείπεται
1113 1649 1173 1686 διαὶ
1191 1657 1224 1687 τί
1250 1654 1291 1687 τό
1316 1653 1386 1684 ἰσο-

379 1697 512 1738 σκελές,
540 1697 593 1731 ὅτι
619 1702 802 1744 τρίγωνον,
828 1700 887 1731 καὶ
913 1698 1038 1738 τοῦτο,
1067 1696 1120 1730 ὅτι
1145 1700 1266 1744 σχῆμα
1291 1697 1388 1730 εὐθύ-

379 1754 547 1790 γραμμον.
567 1744 604 1775 Εἰ
621 1739 659 1775 δὲ
675 1745 782 1776 τοῦτο
803 1743 924 1787 μηκέτι
942 1738 1032 1775 διότι
1060 1741 1157 1785 ἄλλο,
1177 1743 1261 1777 τότε
1287 1742 1388 1787 μοίλι-

379 1800 447 1821 στα
478 1790 586 1832 ἴσμεν·
619 1790 677 1819 καὶ
709 1787 857 1820 καθόλου
887 1783 925 1820 δὲ
960 1786 1056 1820 τότε·
1090 1788 1110 1824 ή
1135 1788 1285 1821 καθόλου
1320 1788 1385 1832 ἄρα

382 1834 536 1873 βελτίων.

304 1923 384 1954 ’Έτι
411 1920 473 1961 ὅσῳ
501 1918 539 1952 ἄν
565 1921 695 1964 μᾶλλον
720 1921 817 1953 κατά,
845 1920 942 1965 μέρος
971 1918 1009 1963 ᾗ,
1037 1921 1081 1958 εἰς
1108 1922 1155 1954 τοὶ
1182 1921 1306 1966 ἄπειρα
1332 1922 1389 1965 ἑμ-

382 1969 516 2005 πίπτει,
542 1966 562 2001 ἡ
589 1961 627 1996 δὲ
650 1964 798 1997 καθόλου
824 1967 868 2004 εἰς
894 1966 936 1998 τό
964 1966 1094 1998 ἁπλοῦν
1118 1967 1176 1998 καὶ
1201 1967 1243 1999 τὸ
1265 1966 1382 2010 πέρας.

374 2011 473 2042 Ἔστι
498 2006 545 2050 δ’,
566 2008 586 2052 ᾗ
608 2009 667 2053 μὲν
695 2010 837 2055 ἄπειρα,
866 2011 925 2042 οὑκ
951 2010 1139 2051 ἐπιστηταί,
1168 2010 1188 2053 ’ᾗ
1213 2006 1251 2043 δὲ
1284 2010 1388 2043 πεπέ-

382 2067 518 2099 ρανται,
538 2054 723 2091 ἐπιστηταί.
738 2055 782 2086 Ἥ
802 2054 866 2097 ἄρα
886 2053 1048 2096 καθόλου,
1064 2056 1194 2098 μᾶλλον
1213 2055 1390 2092 ἐπιστητὰ

383 2098 403 2136 ἦ
430 2099 450 2142 ’ᾔ
476 2099 571 2132 κατα
595 2098 705 2142 μέρος.
727 2096 940 2132 Ἀποὸεικτσὶ
967 2099 1031 2140 ἄρα
1057 2100 1187 2143 μᾶλλον
1209 2100 1262 2133 τοὶ
1284 2099 1387 2132 καθό-

380 2146 452 2175 λου.
481 2145 550 2175 Τῶν
575 2138 604 2175 δ’
628 2143 841 2176 ἀποδεικτῶν
867 2145 997 2188 μᾶλλον
1025 2139 1211 2186 ἀπόδειξις·
1233 2144 1305 2188 ἅμα
1322 2144 1387 2191 γσὶρ

381 2190 510 2233 μᾶλλον
537 2188 584 2220 τοὶ
608 2187 688 2232 πρός
706 2201 752 2221 τι.
779 2191 926 2222 Βελτίων
946 2190 1012 2232 ἄρα
1031 2190 1051 2226 τ’)
1069 2188 1230 2231 καθόλου,
1251 2191 1388 2233 ἐπείπερ

380 2236 438 2265 καὶ
465 2234 593 2278 μᾶλλον
621 2228 809 2274 απόδειξις.

309 2369 386 2400 Ἔτι
421 2365 631 2410 αἱρετωτέρα
660 2364 738 2397 καθ’
776 2367 816 2403 ἦν
849 2367 955 2399 τοῦτο
985 2369 1043 2399 καὶ
1077 2367 1161 2400 ἄλλο
1187 2366 1209 2404 ἦ
1238 2366 1315 2399 καθ’
1348 2367 1388 2404 ἦν

385 2412 491 2444 τοῦτο
517 2410 617 2453 μόνον
645 2405 745 2442 οἶδεν·
773 2413 788 2443 ὁ
814 2406 852 2442 δὲ
878 2411 942 2448 τήν
967 2411 1115 2444 καθόλου
1134 2412 1218 2458 ἔχων
1242 2407 1309 2444 οἶδε
1329 2414 1388 2444 καὶ

384 2456 425 2488 τό
442 2455 538 2487 κατα
557 2454 667 2500 μέρος,
691 2454 790 2494 οὗτος
811 2450 848 2487 δὲ
866 2455 908 2488 τό
926 2455 1074 2489 καθόλου
1093 2457 1153 2488 οὑκ
1170 2451 1270 2489 οἶδεν.
1283 2456 1388 2489 ‘'no-vs

383 2499 446 2532 κᾶν
473 2498 579 2537 οὕτως
607 2499 818 2544 αἱρετωτέρα
843 2502 906 2538 εἴη.

312 2591 389 2623 Ἔτι
414 2584 451 2620 δὲ
476 2583 553 2620 ὦδε.
581 2588 626 2619 Τὸ
651 2588 715 2642 γάρ
739 2587 887 2620 καθόλου
913 2589 1042 2632 μᾶλλον
1061 2589 1230 2622 δεικνύναι
1250 2590 1324 2621 ἐστὶ
1346 2590 1390 2620 τό

385 2629 444 2665 ὃιοὶ
468 2633 570 2687 μέσου
594 2628 763 2665 δεικνυναι
790 2632 959 2679 ἐγγυτέρω
980 2634 1075 2672 ὄντος
1095 2636 1158 2673 τῆς
1179 2634 1295 2680 ἀρχῆς.
1311 2635 1390 2679 Ἐγ-

385 2691 526 2725 γυτατω
552 2673 590 2708 δὲ
615 2677 656 2710 τό
684 2678 819 2720 ἄμεσον·
848 2678 955 2710 τοῦτο
1000 2679 1008 2690 ’
1039 2679 1140 2724 ἀρχῆ.
1168 2679 1206 2710 Εἰ
1234 2677 1291 2711 οὖν
1313 2679 1333 2716 ἡ
1352 2679 1387 2720 ἐξ

388 2724 492 2769 ἀρχῆς
527 2722 589 2759 τῆς
623 2721 668 2766 μῆ
695 2722 728 2764 ἐξ
760 2722 878 2767 ἀρχῆς,
913 2723 933 2758 ἡ
960 2723 1089 2766 μᾶλλον
1123 2723 1157 2764 ἐξ
1184 2723 1290 2768 ἀρχῆς
1325 2725 1388 2761 τῆς

387 2767 494 2805 ἦττον
530 2766 751 2812 ἀκριβεστέρα
785 2762 970 2808 ἀπόδειξις.
999 2768 1098 2800 Ἔστι
1129 2763 1167 2800 δὲ
1193 2767 1339 2806 τοιαύτη
1366 2769 1386 2805 ἡ

385 2812 530 2845 καθόλου
561 2813 704 2855 μᾶλλον·
738 2815 900 2870 κρείττων
933 2811 978 2855 ἄρ’
1016 2811 1054 2844 ἂν
1087 2814 1137 2850 εἴη
1169 2814 1189 2850 ἡ
1223 2811 1384 2845 καθόλου.

385 2859 461 2890 Οῐον
487 2858 514 2888 εὶ
536 2854 603 2889 ἔδει
635 2851 814 2898 ἀποδεῖςαι
840 2857 881 2889 τό
907 2858 932 2887 Α
955 2856 1052 2889 κατα
1080 2858 1142 2890 τοῦ
1164 2859 1199 2888 Δ·
1227 2856 1317 2900 μέσα
1342 2858 1390 2891 τοὶ

387 2903 429 2946 ἐφ’
459 2902 501 2933 ὥν
526 2903 550 2932 Β
575 2903 609 2933 Γ·
639 2900 794 2946 ἀνωτέρω
820 2895 864 2937 δή
890 2900 932 2933 τὸ
956 2902 993 2942 Β,
1020 2900 1106 2934 ὥστε
1133 2903 1154 2938 ἡ
1179 2897 1239 2934 διαὶ
1259 2901 1388 2935 τούτου

383 2946 532 2979 καθόλου
557 2947 700 2991 μᾶλλον.
722 2945 831 2978 Ἀλλά,
855 2946 920 2978 τῶν
947 2945 1006 2989 μὲν
1033 2946 1215 2991 εἰρημένων
1243 2946 1315 2979 ἔνια
1331 2949 1389 2980 λο-

385 3003 467 3039 γικα
492 2992 578 3023 ἐστι·

320 3080 473 3123 μάλιστα
497 3075 535 3111 ’δὲ
559 3074 663 3115 δῆλον
699 3078 752 3111 ὅτι
777 3079 798 3115 γ’)
823 3076 970 3110 καθόλου
1002 3079 1211 3122 κυριωτέρα,
1242 3078 1296 3112 ὅτι
1321 3080 1387 3112 τῶν

386 3123 583 3169 προτάσεων
610 3124 674 3159 τήν
701 3123 759 3168 μὲν
786 3121 955 3179 προτέραν
976 3123 1111 3168 ἔχοντες
1129 3126 1224 3168 ἴσμεν
1243 3136 1312 3162 πως
1329 3127 1387 3157 καὶ

386 3170 450 3207 τήν
477 3168 622 3212 ὑστέραν
646 3170 704 3200 καὶ
740 3167 860 3213 ἔχομεν
890 3166 1029 3212 ὸυνοίμει
1075 3169 1143 3200 οἷον
1170 3171 1199 3200 εἴ
1223 3181 1274 3206 τις
1302 3164 1387 3201 οἶδεν

387 3214 441 3246 ὅτι
466 3215 534 3246 πᾶν
560 3215 720 3258 τρίγωνον
738 3208 831 3244 δυσὶν
858 3212 985 3258 ὀρθαῖς,
1007 3192 1075 3245 οἶθέ
1097 3226 1166 3252 πως
1183 3215 1242 3246 καὶ
1260 3213 1301 3247 τό
1320 3214 1390 3247 ἰσο-

386 3259 499 3296 σκελὲς
526 3257 579 3290 ὅτι
603 3253 664 3290 δύο
691 3256 825 3302 ὀρθαῖς,
856 3253 1015 3302 δυνάμει,
1041 3261 1098 3290 καὶ
1125 3258 1152 3290 εἱ
1177 3258 1224 3302 μή
1250 3253 1319 3291 οἶδε
1346 3259 1388 3291 τό

385 3303 556 3341 ἰσοσκελὲς
582 3301 634 3335 ὅτι
660 3305 834 3348 τρίγωνον·
856 3304 871 3335 ὀ
889 3297 927 3335 δὲ
953 3302 1087 3341 ταύτην
1112 3302 1199 3348 ἔχων
1217 3303 1282 3340 τήν
1309 3315 1333 3335 π
1356 3303 1389 3336 ό-

386 3360 485 3381 τασιν
511 3347 553 3381 τό
578 3346 725 3381 καθόλου
751 3342 907 3392 οὐδαμῶς
931 3342 1031 3390 οἶδεν,
1055 3347 1134 3380 οὗτε
1152 3343 1293 3392 δυναίμει
1312 3349 1383 3382 ουτ“

387 3393 548 3438 ἐνεργείᾳ.

319 3481 385 3512 Καὶ
410 3482 430 3517 ἡ
457 3480 515 3524 μὲν
539 3479 687 3512 καθόλου
712 3480 834 3522 νοητή,
854 3481 874 3518 ἦ
893 3475 931 3512 δέ
944 3480 1040 3514 κατοὶ
1056 3479 1153 3524 μέρος
1172 3481 1216 3519 εἱς
1234 3479 1386 3519 αἴσθησιν

389 3525 547 3567 τελευτᾷ.
567 3524 643 3557 ’Ότι
669 3525 726 3568 μέν
753 3523 809 3556 οὖν
835 3527 856 3562 ἠ
875 3523 1023 3557 καθόλου
1044 3525 1187 3566 βελτίων
1210 3527 1273 3563 τῆς
1291 3525 1388 3559 κατοὶ

389 3569 499 3612 μέρος,
525 3569 665 3601 τοσαῦθ’
693 3569 770 3613 ἡμῖν
797 3568 950 3614 εἰρήσθω.

1431 805 1448 825 *
1462 806 1611 846 Amplius
1635 806 1661 836 si
1685 806 1913 837 demonstratio
1943 813 1989 837 est
2012 806 2216 847 syllogismus
2240 808 2506 839 demonstrativus

1500 861 1612 882 causae
1641 858 1673 882 et
1700 858 1830 892 propter
1859 851 1957 891 quid,
1986 851 2162 883 universale
2195 858 2303 882 autem
2331 852 2432 892 magis
2461 860 2507 883 est

1500 903 1608 926 causa:
1633 896 1685 926 cui
1709 895 1795 926 enim
1818 905 1875 936 per
1898 906 1931 926 se
1954 895 2035 926 inest
2058 895 2195 935 aliquid,
2219 896 2281 926 hoc
2299 896 2385 927 idem
2399 897 2508 937 ipsum

1501 950 1595 971 causa
1618 947 1675 979 est,
1700 940 1876 971 universale
1899 947 2007 971 autem
2030 941 2136 981 primo
2160 947 2207 971 est
2223 940 2274 971 cui
2290 941 2372 972 inest
2386 951 2443 981 per
2459 948 2508 979 se·,

1502 995 1596 1015 causa
1615 995 1689 1025 ergo
1705 985 1879 1015 universale
1896 992 1951 1016 est.
1970 985 2076 1022 Quare
2093 993 2123 1016 et
2139 985 2368 1016 demonstratio
2384 985 2509 1026 dignior

1502 1036 1564 1060 est:
1590 1029 1690 1070 magis
1715 1029 1801 1060 enim
1832 1039 1926 1059 causa
1950 1036 1996 1060 est
2029 1037 2059 1061 et
2082 1030 2171 1072 quod
2195 1037 2325 1071 propter
2348 1030 2427 1071 quid
2451 1037 2507 1061 est.

1434 1074 1584 1114 Amplius
1615 1084 1718 1115 usque
1748 1074 1787 1104 ad
1810 1073 1872 1104 hoc
1896 1073 2079 1115 quaerimus
2102 1081 2233 1115 propter
2261 1074 2355 1116 quid,
2380 1081 2411 1105 et
2433 1081 2510 1105 tunc

2535 815 2543 822 ·
2558 812 2614 840 Seq.
2624 819 2676 840 etp.
2691 819 2747 835 xxxv

2533 843 2555 861 et
2568 842 2626 861 text.
2639 845 2676 868 39.

1503 1119 1675 1159 opinamur
1690 1119 1779 1156 scire,
1797 1128 1873 1148 cum
1897 1129 1963 1149 non
1988 1119 2027 1150 sit
2051 1119 2182 1160 aliquod
2205 1119 2292 1150 aliud
2313 1128 2413 1160 quam
2433 1119 2507 1158 hoc,
2529 1119 2533 1122 ⁴

1503 1170 1558 1194 aut
1586 1164 1675 1204 quod
1702 1163 1757 1194 fiat
1792 1169 1847 1193 aut
1876 1163 1966 1204 quod
1995 1163 2050 1194 sit:
2079 1163 2151 1194 finis
2180 1164 2266 1195 enirn
2299 1171 2329 1195 et
2357 1164 2511 1194 terminus

1503 1208 1636 1238 ultimus
1659 1209 1724 1238 iarn
1748 1208 1791 1238 sic
1816 1214 1871 1238 est.
1894 1208 1936 1238 Ut
1960 1208 2050 1238 cuius
2075 1218 2169 1239 causa
2192 1207 2296 1240 venit?
2319 1216 2355 1240 ut
2378 1208 2512 1248 accipiat

1504 1260 1689 1293 argentum:
1715 1252 1778 1283 hoc
1801 1259 1909 1283 autem
1933 1259 1994 1291 est,
2019 1259 2176 1293 quatenus
2195 1254 2305 1285 reddat
2319 1252 2370 1285 cui
2387 1253 2512 1291 debuit;

1504 1297 1566 1328 hoc
1591 1305 1698 1328 autern
1722 1304 1782 1336 est,
1807 1303 1843 1327 ut
1859 1307 1925 1327 non
1941 1297 2057 1328 iniuste
2075 1304 2160 1337 agat3
2183 1304 2213 1328 et
2232 1298 2275 1329 sic
2294 1297 2512 1339 procedentes,

1504 1351 1580 1372 cum
1598 1352 1664 1373 non
1689 1342 1728 1373 sit
1751 1341 1888 1382 amplius
1905 1349 2035 1382 propter
2059 1342 2146 1372 aliud
2169 1353 2273 1383 neque
2297 1341 2423 1374 alterius
2444 1351 2515 1372 cau-

1506 1396 1556 1424 sa,
1578 1394 1708 1427 propter
1730 1386 1792 1416 hoc
1821 1386 1903 1416 sicut
1926 1393 2056 1427 propter
2078 1386 2176 1417 finem
2201 1387 2335 1418 dicimus
2355 1386 2461 1418 venire
2485 1392 2516 1417 et

1505 1441 1572 1461 esse
1595 1438 1625 1462 et
1645 1431 1728 1469 fieri,
1745 1438 1776 1462 et
1791 1437 1867 1461 tunc
1884 1438 1930 1461 est
1946 1441 2136 1471 cognoscere
2160 1432 2260 1472 magis
2284 1440 2414 1473 propter
2437 1431 2515 1473 quid

1504 1475 1600 1507 venit.
1626 1476 1659 1507 Si
1681 1476 1777 1516 igitur
1797 1485 1830 1505 se
1855 1475 1948 1506 habet
1965 1476 2108 1507 similiter
2126 1476 2160 1507 in
2174 1477 2242 1507 aliis
2263 1477 2365 1508 causis
2385 1483 2417 1508 et
2432 1486 2516 1518 quae

1506 1527 1581 1551 sunt
1608 1527 1738 1561 propter
1765 1520 1860 1560 quid;
1892 1520 1926 1550 in
1957 1519 1994 1550 iis
2025 1526 2133 1551 autem
2161 1531 2372 1563 quaecunque
2402 1531 2515 1552 causae

1507 1565 1550 1596 sic
1572 1572 1646 1596 sunt
1664 1565 1746 1595 sicut
1759 1575 1841 1606 quae
1859 1571 1905 1595 est
1922 1564 2012 1594 cuius
2036 1575 2141 1605 causa,
2159 1566 2202 1596 sic
2222 1565 2340 1596 scimus
2361 1566 2515 1604 maxime3

1507 1616 1538 1640 et
1560 1610 1592 1640 in
1617 1609 1685 1640 aliis
1703 1609 1799 1650 igitur
1813 1616 1890 1640 tunc
1909 1608 2047 1639 maxime
2068 1609 2197 1648 scimus,
2216 1610 2347 1651 quando
2364 1620 2431 1641 non
2449 1620 2516 1640 am-

1507 1654 1591 1695 plius
1604 1654 1644 1685 sit
1658 1654 1721 1684 hoc
1736 1653 1893 1695 quoniam
1909 1653 1995 1684 aliud
2010 1660 2066 1684 est.
2087 1653 2174 1685 Cum
2192 1654 2288 1695 igitur
2307 1661 2518 1695 cognoscatur

1507 1699 1640 1739 quidem
1662 1699 1752 1739 quod
1775 1705 1933 1739 quatuor,
1958 1698 2014 1739 qui
2038 1705 2113 1729 sunt
2128 1705 2230 1738 extra,
2254 1700 2402 1740 aequales
2426 1705 2517 1738 sunt,

1507 1744 1663 1784 quoniam
1677 1743 1835 1782 isosceles,
1854 1743 1958 1773 adhuc
1975 1743 2062 1773 deest
2077 1750 2208 1784 propter
2222 1744 2312 1785 quid,
2329 1744 2406 1785 quia
2423 1744 2518 1775 trim-

1508 1788 1619 1828 gulus,
1644 1795 1675 1819 et
1697 1788 1759 1818 hoc
1783 1787 1859 1828 quia
1882 1794 1928 1818 est
1951 1787 2052 1827 figura
2075 1789 2242 1819 rectilinea.
2269 1789 2301 1819 Si
2325 1796 2433 1820 autem
2455 1788 2519 1820 hoc

1509 1843 1576 1863 non
1601 1832 1737 1873 amplius
1761 1839 1892 1873 propter
1914 1831 1992 1872 quid
2017 1832 2114 1871 aliud,
2139 1839 2214 1864 tunc
2230 1833 2368 1864 maxime
2383 1833 2516 1864 scimus:

1509 1884 1540 1907 et
1563 1877 1738 1908 universale
1762 1883 1870 1907 autem
1893 1883 1985 1915 tunc;
2007 1876 2192 1908 universalis
2211 1878 2318 1919 itaque
2338 1878 2447 1919 potior
2462 1885 2518 1909 est.

1441 1922 1592 1962 Amplius
1620 1928 1871 1962 quantocunque
1900 1921 2020 1962 aliquid
2049 1922 2227 1952 secundum
2258 1929 2361 1963 partes
2393 1929 2455 1961 est,
2484 1923 2518 1954 in

1509 1966 1632 1997 infinita
1660 1966 1760 2004 cadit;
1793 1965 1970 1996 universale
2003 1972 2112 1997 autem
2139 1967 2172 1997 in
2203 1967 2338 2008 simplex
2366 1974 2397 1998 et
2419 1967 2519 1998 finem

1511 2018 1566 2042 est.
1592 2011 1777 2042 Secundum
1800 2010 1890 2051 quod
1913 2017 1987 2041 sunt
2015 2010 2152 2049 infinita,
2183 2021 2250 2042 non
2278 2019 2354 2043 sunt
2383 2012 2517 2051 scibilia,

1511 2056 1566 2086 sed
1585 2055 1763 2086 secundum
1778 2055 1868 2095 quod
1884 2062 1958 2086 sunt
1973 2054 2077 2094 finita,
2095 2055 2214 2086 scibilia
2229 2063 2313 2087 sunt.
2333 2057 2519 2088 Secundum

1510 2100 1618 2141 itaque
1642 2100 1732 2141 quod
1755 2099 1943 2130 universalia
1958 2107 2047 2138 sunt,
2070 2100 2171 2141 magis
2191 2107 2265 2132 sunt
2281 2100 2401 2132 scibilia
2419 2111 2519 2143 quam

1511 2155 1594 2186 quae
1610 2150 1685 2175 sunt
1700 2144 1877 2174 secundum
1894 2151 2026 2185 partem.
2045 2145 2312 2176 Demonstrabilia
2328 2155 2403 2186 ergo
2417 2145 2519 2186 magis

1512 2197 1587 2221 sunt
1601 2189 1798 2220 universalia.
1809 2189 1857 2219 De
1874 2189 1974 2229 magis
1989 2189 2288 2221 demonstrabilibus
2301 2197 2408 2222 autem
2418 2190 2519 2231 magis

1512 2241 1559 2266 est
1574 2233 1818 2265 demonstratio:
1836 2233 1932 2264 simul
1949 2234 2034 2264 enim
2050 2234 2151 2275 magis
2170 2235 2210 2265 ad
2226 2235 2348 2276 aliquid
2364 2242 2447 2266 sunt.
2463 2235 2519 2266 Di-

1511 2279 1604 2320 gnior
1627 2289 1702 2319 ergo
1727 2278 1911 2309 universalis
1936 2285 1982 2309 est
2004 2289 2103 2319 quam
2126 2279 2340 2319 particularis,
2363 2287 2394 2311 et
2417 2280 2519 2320 magis

1512 2323 1741 2354 demonstratio
1766 2329 1822 2354 est.
1924 2350 1929 2353 .

1445 2369 1593 2409 Amplius
1617 2368 1643 2398 si
1666 2367 1767 2408 magis
1791 2367 2016 2408 praeponenda
2033 2375 2079 2398 est
2095 2368 2272 2399 secundum
2293 2378 2392 2409 quam
2411 2369 2473 2400 hoc
2489 2375 2520 2400 et

1511 2413 1613 2451 aliud,
1645 2423 1745 2453 quam
1775 2413 1953 2443 secundum
1983 2422 2081 2453 quam
2118 2413 2180 2443 hoc
2210 2413 2317 2443 solum
2350 2413 2518 2454 cognovit;

1511 2457 1687 2488 universale
1711 2464 1819 2488 autern
1843 2457 1973 2495 habens,
1998 2457 2148 2497 cognovit
2172 2464 2202 2488 et
2225 2457 2428 2498 particulare3
2456 2458 2519 2490 hoc

1511 2509 1630 2541 autem,
1655 2501 1830 2532 universale
1850 2511 1917 2532 non
1934 2502 2032 2533 scivit.
2058 2502 2165 2539 Quare
2182 2509 2213 2533 et
2228 2502 2272 2533 sic
2288 2502 2399 2543 utique
2418 2503 2520 2543 magis

1512 2546 1736 2587 praeponenda
1760 2546 1827 2576 erit.

1444 2591 1594 2632 Amplius
1617 2598 1725 2622 autem
1745 2597 1775 2621 et
1790 2590 1844 2621 sic.
1869 2590 2052 2621 Universale
2077 2590 2163 2620 enim
2186 2590 2286 2630 magis
2302 2591 2518 2622 demonstrare

1512 2643 1569 2674 est,
1586 2635 1676 2676 quod
1689 2642 1735 2666 est
1750 2645 1807 2675 per
1822 2635 1966 2665 medium
1983 2635 2199 2666 demonstrare
2214 2645 2289 2665 cum
2304 2635 2518 2676 propinquius

1512 2681 1551 2711 sit
1575 2679 1742 2720 principio.
1770 2679 1957 2710 Proximum
1986 2686 2094 2710 autem
2122 2685 2168 2710 est
2193 2678 2431 2718 immediatum
2455 2680 2519 2711 hoc

1511 2731 1619 2755 autern
1643 2731 1689 2754 est
1712 2723 1915 2764 principium.
1941 2723 1973 2754 Si
1997 2723 2092 2763 igitur
2114 2733 2197 2764 quae
2221 2733 2258 2754 ex
2281 2723 2438 2764 principio
2459 2731 2518 2763 est,

1512 2779 1548 2799 ea
1571 2778 1653 2810 quae
1677 2778 1743 2798 non
1767 2774 1814 2798 est
1837 2778 1874 2798 ex
1898 2767 2066 2808 principio,
2088 2775 2119 2799 et
2139 2777 2221 2809 quae
2245 2768 2346 2808 magis
2370 2768 2466 2799 etiam
2481 2779 2519 2800 ex

1511 2813 1680 2854 principio,
1705 2822 1741 2843 ea
1765 2823 1847 2853 quae
1870 2813 1978 2843 minus
2002 2819 2058 2851 est,
2084 2812 2196 2844 certior
2213 2819 2258 2843 est
2277 2813 2518 2853 demonstratio,

1512 2865 1558 2889 est
1581 2864 1689 2888 autem
1712 2857 1897 2887 huiusmodi
1922 2857 2106 2888 universalis
2130 2857 2245 2897 magis;
2263 2857 2387 2897 dignior
2407 2857 2519 2899 utique

1512 2902 1569 2933 erit
1584 2902 1769 2932 universalis
1782 2902 1891 2941 magis.
1911 2902 1954 2932 Ut
1969 2901 1994 2932 si
2011 2908 2136 2942 oportet
2151 2902 2367 2932 demonstrare
2382 2904 2412 2933 A
2425 2902 2463 2933 de
2475 2903 2517 2941 D,

1511 2947 1616 2977 media
1631 2953 1739 2977 autem
1755 2946 1817 2976 sint
1832 2946 1865 2976 in
1886 2946 2004 2987 quibus
2020 2953 2067 2977 est
2080 2947 2107 2978 B
2125 2946 2169 2985 C,
2190 2946 2290 2986 magis
2315 2953 2423 2977 autem
2447 2956 2519 2977 sur-

1512 3001 1585 3022 sum
1608 2991 1647 3022 sit
1670 2991 1710 3021 B:
1735 3000 1833 3031 quare
1857 2990 1883 3021 si
1907 3001 1963 3032 per
1981 2991 2017 3029 B,
2042 2990 2227 3021 universalis
2243 2990 2343 3031 magis
2367 2997 2424 3022 est.
2455 2990 2518 3022 Sed

1512 3046 1626 3066 eorum
1649 3045 1731 3076 quae
1755 3035 1837 3066 dicta
1860 3042 1948 3074 sunt,
1974 3035 2132 3076 quaedam
2156 3035 2259 3075 logica
2282 3042 2366 3066 sunt.

1444 3080 1581 3111 Maxime
1597 3086 1705 3111 autem
1719 3079 1924 3110 manifestum
1941 3086 1987 3110 est
2006 3080 2095 3120 quod
2112 3079 2296 3110 universalis
2313 3079 2413 3119 magis
2429 3089 2518 3120 prae-

1511 3125 1605 3165 cipua
1621 3124 1677 3163 sit,
1703 3124 1859 3165 quoniam
1889 3124 2149 3165 propositionum
2173 3124 2254 3155 hanc
2278 3124 2410 3165 quidem
2432 3124 2517 3164 prio-

1511 3179 1579 3200 rem
1602 3169 1770 3207 habentes‚
1795 3169 1913 3200 scimus
1937 3168 2181 3210 quodammodo
2203 3175 2234 3200 et
2249 3168 2470 3210 posteriorem,
2487 3175 2519 3200 et

1511 3214 1666 3244 habemus
1689 3213 1846 3254 potentia;
1872 3220 1907 3245 ut
1930 3213 1955 3244 si
1980 3213 2094 3255 aliquis
2118 3213 2269 3253 cognovit
2297 3213 2387 3254 quod
2410 3212 2519 3244 omnis
2533 3215 2543 3223 ⁶

1511 3258 1687 3299 triangulus
1710 3257 1804 3289 habet
1827 3258 1963 3299 angulos
1986 3264 2048 3289 tres
2071 3258 2218 3299 aequales
2249 3257 2376 3288 duobus
2406 3257 2517 3296 rectis,

1511 3303 1600 3334 scivit
1623 3302 1867 3344 quodammodo
1896 3303 1986 3344 quod
2008 3302 2155 3333 isosceles
2180 3302 2307 3333 duobus
2337 3301 2428 3333 rectis
2457 3311 2516 3342 po·
2538 3317 2542 3322 ·

1510 3347 1608 3379 tentia
1623 3347 1678 3386 sit,
1695 3353 1726 3378 et
1741 3346 1766 3377 si
1786 3357 1852 3378 non
1869 3346 2019 3387 cognovit
2034 3346 2210 3386 isoscelem,
2227 3346 2318 3387 quod
2340 3345 2516 3386 triangulus

1510 3392 1567 3430 sit3
1590 3391 1672 3423 hanc
1695 3397 1803 3422 autem
1818 3391 1937 3422 habens
1953 3390 2209 3432 propositionem
2228 3389 2404 3421 universale
2425 3389 2517 3420 nullo

1509 3436 1611 3467 modo
1635 3435 1802 3476 cognovit,
1827 3446 1931 3476 neque
1955 3435 2096 3476 potentia
2119 3445 2224 3476 neque
2247 3442 2329 3466 actu.

1443 3481 1484 3512 Et
1506 3480 1691 3511 universalis
1715 3479 1846 3521 quidem
1869 3480 2073 3520 intelligibilis
2097 3486 2160 3511 est:
2186 3479 2241 3510 sed
2264 3477 2459 3520 particularis
2482 3477 2515 3508 in

1510 3535 1604 3556 sensu
1621 3523 1790 3565 perficitur.
1816 3525 1915 3563 Quod
1938 3523 2122 3555 universalis
2140 3523 2236 3565 igitur
2251 3522 2376 3564 dignior
2390 3521 2430 3552 sit
2445 3531 2516 3562 par-

1509 3569 1649 3608 ticulari,
1674 3575 1722 3600 tot
1745 3568 1838 3600 nobis
1862 3569 1944 3600 dicta
1967 3568 2038 3600 sint.
