2548 4192
180 268 310 294 CLXXVI

182 336 233 366 vel
257 345 342 366 anno
372 336 454 376 1259
478 335 528 365 vel
552 345 637 365 anno
666 335 760 372 1260,
776 343 964 374 supremum
984 332 1087 362 adhuc
1101 331 1259 362 Ecclesiae

181 379 407 411 Pontificatum
439 386 564 410 tenente
588 379 767 410 Alexandro
792 379 843 409 IV.
868 377 1051 407 Discesserit
1075 386 1149 416 ergo
1173 376 1258 406 Pari-

182 425 235 455 siis
259 431 333 465 post
356 425 436 455 illud
463 423 636 455 triennium
660 423 823 460 Thomas,
848 421 958 451 itinera
981 421 1139 461 quaedam
1162 420 1259 460 proli-

180 470 269 500 xiora
292 469 461 500 confecerit
489 468 692 508 negotiorum
717 476 810 497 causa
840 464 1117 505 remigraveritque
1141 465 1175 495 in
1200 465 1258 495 Ita-

181 514 257 544 liam
281 524 365 544 anno
395 514 471 543 1261
500 519 574 552 post
596 511 682 542 diem
707 521 747 550 29
771 510 889 540 mensis
913 509 1056 548 augusti:
1084 519 1151 550 quo
1177 516 1259 540 tem-

183 569 261 599 pore
277 558 391 589 Sedem
408 558 588 588 Romanam
603 556 765 586 obtinebat
780 555 926 585 Urbanus
944 553 996 584 IV.
1012 554 1145 584 Meliore
1161 554 1259 594 digeri

183 603 314 633 fortasse
337 602 457 632 ratione
481 611 547 631 non
571 606 676 640 potest
699 597 963 638 chronographia,
988 608 1087 639 quam
1111 598 1184 629 satis
1199 599 1258 629 im-

182 647 308 688 plexam
331 646 445 676 fatetur
468 645 600 675 Iacobus
624 643 798 674 Echardus.

249 692 415 728 Quaenam
438 688 609 729 scripserit,
633 688 666 718 in
691 687 812 717 Italiam
835 686 950 724 redux,
977 687 1084 726 Opera
1114 687 1258 717 Thomas

181 735 274 766 refert
301 735 505 764 Ptolomaeus
525 732 625 772 capite
649 732 743 762 citato
766 741 849 769 xxw,
873 731 943 761 libri
967 731 1065 762 XXII.
1086 732 1258 762 Mandante

181 780 309 810 Urbano
327 779 379 816 IV,
391 778 446 818 qui
461 777 618 807 breviores
633 776 762 807 Viterbii
778 782 808 806 et
823 776 1005 807 Urbeveteri
1020 776 1173 807 diutiores
1188 786 1258 806 mo—

179 833 228 853 ras
252 822 351 860 traxit,
377 821 558 861 composuit
582 831 607 852 s.
622 821 744 851 Doctor
764 820 853 861 Opus
869 822 1054 851 continuum
1070 822 1102 851 in
1118 826 1259 861 quatuor

179 867 361 907 Evangelia
386 872 416 897 et
435 866 586 907 Officium
614 866 768 906 Corporis
794 865 914 895 Christi
930 871 959 896 et
979 866 1165 896 Tractatum
1183 875 1256 896 con-

180 917 231 942 tra
257 921 384 941 errores
406 921 613 952 graecorum.
638 910 742 950 Pergit
764 909 816 940 ille
841 909 915 940 alias
945 910 1088 940 eiusdem
1110 910 1256 940 lucubra-

179 956 281 986 tiones
304 963 477 986 recensere:
506 968 520 983 «
539 956 602 986 Isto
627 961 735 985 autem
750 961 895 995 tempore
910 962 1020 985 tenens
1035 955 1178 985 studium
1192 955 1256 985 Ro-

181 1013 196 1028 »
219 1009 301 1038 mae,
326 999 417 1041 quasi
441 1006 543 1030 totam
565 999 813 1040 Philosophiam,
839 998 903 1029 sive
927 1000 1081 1030 moralem
1109 999 1174 1030 sive
1198 1010 1255 1030 na-

181 1057 195 1072 »
219 1045 356 1075 turalem
381 1044 527 1085 exposuit
550 1051 580 1075 et
595 1044 628 1075 in
645 1044 799 1084 scriptum
813 1054 869 1074 seu
885 1051 1106 1075 commentum
1122 1044 1255 1084 redegit:

182 1102 196 1116 »
219 1089 274 1119 sed
297 1089 465 1130 praecipue
489 1090 623 1120 ethicam
648 1095 679 1119 et
708 1089 965 1119 mathematicam
990 1087 1064 1131 (leg.
1090 1090 1256 1130 metaphy-

181 1146 195 1161 »
217 1132 331 1176 sicam)
356 1134 499 1175 quodam
521 1133 671 1174 singulari
687 1139 717 1164 et
731 1143 818 1163 novo
835 1134 934 1164 modo
951 1134 1104 1165 tradendi.
1127 1133 1257 1174 Scripsit

180 1191 194 1205 »
218 1178 314 1208 etiam
336 1185 480 1219 tempore
500 1178 643 1209 eiusdem
659 1177 821 1208 Pontificis
835 1178 968 1208 Librum
985 1184 1098 1209 contra
1115 1178 1258 1209 Gentiles

180 1235 195 1250 »
218 1229 249 1253 et
271 1222 482 1260 Quaestiones
500 1223 539 1254 de
552 1223 680 1253 Anima.
706 1222 863 1263 Exposuit
885 1223 943 1254 Iob
966 1230 997 1254 et
1019 1224 1178 1264 quaedam
1196 1223 1256 1254 alia

180 1281 195 1295 ι
218 1268 374 1307 opuscula
397 1268 479 1299 fecit.
498 1280 513 1295 »
835 1302 839 1304 ,

244 1312 436 1344 Memoratas
454 1312 666 1350 Quaestiones
679 1311 719 1342 de
741 1311 859 1342 Anima
883 1322 939 1352 par
958 1318 1004 1343 est
1022 1312 1195 1352 intelligere
1210 1313 1255 1343 vi-

177 1357 263 1398 ginti
287 1362 318 1387 et
341 1367 441 1388 unum
461 1357 627 1394 articulos,
643 1356 699 1397 qui
714 1356 773 1386 sub
792 1356 885 1388 titulo
904 1356 1109 1393 Quaestionis
1124 1357 1164 1388 de
1177 1357 1256 1388 Ani-

178 1412 231 1432 ma
254 1401 364 1432 locum
387 1402 504 1432 habent
526 1401 559 1431 in
584 1400 674 1431 editis
698 1401 850 1442 exemplis
873 1408 948 1441 post
963 1401 1194 1438 Quaestionem
1216 1401 1257 1432 de

178 1446 407 1487 spiritualibus
435 1447 605 1477 creaturis.
637 1445 778 1475 Eosdem
808 1446 903 1486 igitur
931 1445 1081 1476 articulos
1111 1453 1255 1486 tempore

178 1491 297 1522 Urbani
321 1491 364 1522 IV
388 1491 520 1531 scriptos
545 1490 641 1521 fuisse
665 1496 797 1521 constat.
825 1490 877 1520 Ad
899 1490 986 1520 idern
1002 1491 1157 1531 pertinere
1176 1498 1256 1521 tem—

178 1546 239 1576 pus
263 1545 321 1576 pro
347 1542 431 1566 certo
455 1535 557 1565 habeo
581 1544 704 1564 novum
727 1534 891 1575 inceptum
907 1534 1000 1575 Opus
1023 1535 1057 1565 in
1081 1535 1254 1566 Sententia-

178 1590 252 1610 rum
275 1580 389 1618 libros,
414 1580 453 1610 de
477 1589 543 1620 quo
566 1579 771 1609 Ptolomaeus
795 1579 877 1610 libro
896 1580 1010 1617 XXIII,
1027 1580 1129 1620 capite
1145 1590 1196 1618 xv,
1212 1580 1256 1610 sic

178 1624 291 1655 habet:
317 1624 452 1665 Scripsit
476 1625 570 1655 etiam
595 1633 632 1654 eo
656 1628 808 1663 tempore,
825 1634 887 1665 quo
902 1623 975 1664 suit
990 1625 1123 1662 Romae,
1139 1624 1180 1655 de
1193 1635 1256 1666 quo

178 1679 278 1710 supra
302 1669 420 1700 dictum
441 1674 487 1699 est
506 1666 601 1711 (libro
621 1668 827 1708 praecedente
844 1669 943 1707 XXII,
959 1669 1059 1709 capite
1073 1667 1171 1711 xxiv),
1191 1670 1256 1700 iam

179 1714 336 1755 magister
359 1714 499 1744 existens
523 1713 667 1753 primum
691 1722 790 1753 super
812 1713 1005 1744 Sententias.
1031 1714 1107 1751 Quo
1124 1714 1162 1744 de
1179 1724 1256 1755 ope-

178 1768 222 1797 re,
247 1758 335 1799 quod
359 1757 461 1798 periit,
478 1757 601 1797 egimus
626 1757 659 1787 in
681 1757 842 1798 superiore
857 1757 1083 1789 Dissertatione
1099 1758 1200 1799 capite
1214 1769 1256 1790 1v.

245 1803 318 1834 Vita
332 1802 459 1832 mortali
474 1802 621 1833 Urbanus
637 1802 679 1832 1V
696 1802 842 1842 migravit
863 1812 948 1833 anno
971 1803 1054 1843 1264
1068 1803 1118 1834 die
1135 1813 1152 1834 2
1169 1810 1257 1834 octo-

178 1847 251 1877 bris.
278 1846 474 1888 Insequentis
498 1846 573 1876 anni
602 1847 682 1876 1265
709 1845 867 1877 februario
894 1857 1003 1878 mense
1024 1848 1064 1878 ad
1084 1848 1258 1879 Summum

178 1891 403 1922 Pontificatum
432 1897 601 1931 provectus
632 1897 679 1921 est
709 1890 858 1922 Clemens
883 1892 936 1931 IV,
960 1892 1132 1933 ipsumque
1156 1893 1258 1924 tenuit

179 1937 219 1966 ad
243 1943 410 1967 exeuntem
433 1945 577 1966 mensem
601 1936 810 1966 novembrem
834 1936 907 1966 anni
935 1937 1028 1967 1268.
1044 1937 1139 1968 Diem
1154 1947 1257 1968 emor-

178 1981 299 2012 tualem
321 1980 528 2011 Ptolomaeus
551 1980 632 2010 libro
656 1980 756 2019 XXII,
776 1990 844 2021 cap.
860 1991 986 2020 xxxvm,
1003 1981 1112 2012 definit
1125 1982 1255 2014 Festum

178 2026 262 2056 beati
284 2025 435 2056 Andreae
459 2035 515 2055 seu
539 2024 624 2054 diem
651 2025 690 2055 30
715 2024 858 2056 eiusdem
879 2026 1080 2057 novembris:
1108 2027 1258 2068 diemque

178 2070 418 2110 praecedentem
450 2079 490 2110 29
523 2069 688 2109 adsignant
718 2069 781 2100 alii.
805 2070 988 2101 Adnotante
1020 2070 1150 2102 laudato
1184 2073 1256 2103 scri-

179 2121 270 2155 ptore
294 2114 395 2154 capite
413 2124 516 2152 xxx1x,
533 2114 629 2145 huius
653 2111 842 2156 (Clementis
867 2113 923 2157 IV)
947 2120 1099 2156 tempore,
1125 2115 1258 2148 florebat

179 2165 305 2189 sanctus
329 2159 451 2189 Doctor
474 2168 509 2188 ac
531 2159 660 2198 scripsit
682 2158 847 2189 Summam
880 2159 1127 2201 theologicam...
1157 2156 1258 2193 Istius

179 2204 332 2234 Summae
355 2209 420 2234 tres
437 2208 552 2243 partes
574 2204 669 2243 quasi
683 2204 812 2244 scripsit
828 2209 969 2244 tempore
988 2205 1080 2236 istius
1093 2206 1258 2246 Pontificis

179 2246 368 2291 (Clementis
393 2245 449 2290 IV)
474 2252 505 2278 et
528 2248 705 2278 vacationis
727 2249 906 2289 sequentis.-
928 2249 1014 2289 quod
1027 2249 1102 2290 fuit
1116 2252 1256 2291 spatium

179 2293 317 2324 duorum
341 2301 502 2323 annorum
528 2297 558 2322 et
579 2301 600 2333 9
627 2293 795 2323 mensium.
813 2289 965 2324 Kalendis
988 2304 1104 2335 nempe
1120 2302 1257 2336 septem-

179 2337 242 2368 bris
270 2337 344 2367 anni
374 2346 450 2378 1271
486 2336 669 2367 Thealdum
693 2337 922 2368 Vicecomitem
950 2338 1180 2378 placentinum,
1199 2342 1257 2371 Ar-

180 2382 405 2413 chidiaconum
435 2380 650 2420 leodiensem,
675 2382 731 2422 qui
754 2382 787 2412 in
811 2382 1005 2423 obsequium
1032 2383 1150 2415 Christi
1173 2391 1258 2416 trans

179 2437 266 2457 mare
290 2426 322 2456 in
351 2425 439 2467 Syria
470 2426 555 2465 apud
585 2426 816 2457 Ptolemaidem
846 2427 995 2467 degebat,
1026 2427 1059 2458 in
1083 2429 1258 2460 Summum

179 2469 368 2502 Pontificem
393 2470 553 2510 elegerunt
575 2469 707 2501 Viterbii
722 2478 797 2511 post
812 2471 977 2502 diuturnas
992 2473 1164 2505 discordias
1179 2473 1256 2505 Car-

180 2515 316 2546 dinales:
341 2515 431 2555 isque
455 2514 598 2554 Gregorii
621 2515 651 2545 X
670 2525 790 2546 nomen
806 2516 994 2558 adsumpsit.
1009 2518 1141 2550 Narrare
1156 2519 1257 2559 pergit

177 2560 399 2591 Ptolomaeus:
424 2558 512 2589 Fecit
542 2560 653 2596 etiam,
678 2559 843 2600 inquiens,
868 2566 945 2592 tunc
973 2564 1124 2602 temporis
1151 2563 1257 2601 Quae-

177 2606 297 2636 stiones
311 2604 350 2634 de
364 2603 593 2644 Spiritualibus
611 2605 782 2642 creaturis,
793 2605 834 2635 de
856 2605 948 2636 Malo
963 2611 993 2636 et
1006 2606 1046 2637 de
1069 2607 1254 2639 Virtutibus.

180 2650 272 2687 Quae
294 2648 404 2686 verba,
429 2653 506 2678 tunc
529 2649 695 2688 temporis,
722 2659 788 2679 non
811 2649 891 2680 adeo
916 2649 1044 2681 definita
1067 2658 1152 2689 sunt,
1176 2653 1255 2694 quin

180 2704 218 2725 eo
243 2692 346 2734 spatio
377 2691 590 2732 intelligamus
620 2693 868 2733 comprehensos
897 2700 967 2724 tum
995 2705 1096 2726 annos
1124 2696 1256 2728 Pontifi-

179 2745 267 2769 catus
291 2736 476 2775 Clementis,
501 2743 572 2767 tum
594 2737 793 2768 vacationem
809 2745 995 2779 sequentem
1009 2739 1049 2769 ad
1065 2739 1209 2781 Gregorii
1227 2742 1256 2773 X

180 2782 378 2814 electionem.
404 2781 497 2812 Unde
529 2781 593 2811 iam
624 2788 708 2813 certo
740 2781 909 2813 innotescit
943 2784 1117 2823 praedictas
1140 2792 1257 2825 pertra-

182 2827 311 2858 ctavisse
326 2826 491 2857 Thomam
508 2825 720 2863 Quaestiones
735 2827 775 2857 de
790 2827 1020 2867 Spiritualibus
1035 2831 1205 2868 creaturis,
1218 2830 1258 2861 de

180 2871 283 2910 Μᾶἱο,
299 2871 339 2902 de
364 2870 547 2908 Virtutibus,
572 2878 646 2911 post
669 2881 790 2902 annum
819 2872 913 2910 1265,
937 2882 1004 2913 quo
1029 2873 1210 2905 Romanam
1224 2874 1257 2905 in

179 2917 295 2948 Sedem
318 2915 502 2947 conscendit
525 2914 674 2946 Clemens
698 2916 849 2953 Quartus.
867 2917 943 2954 Quo
966 2927 1042 2948 vero
1066 2917 1099 2948 in
1115 2918 1189 2950 loco
1206 2929 1258 2950 eas

180 2960 341 2992 tradiderit
363 2960 517 3002 Aquinas,
543 2969 583 2990 an
607 2961 741 2999 Romae,
758 2971 798 2991 an
821 2961 953 2999 Perusii,
971 2972 1011 2992 an
1026 2962 1169 3001 Viterbii,
1186 2963 1257 3004 qui-

180 3006 240 3036 bus
264 3005 296 3035 in
320 3004 398 3036 locis
422 3004 530 3035 sedern
553 3004 664 3036 habuit
687 3004 848 3044 Clemens,
865 3016 904 3036 an
919 3006 1005 3044 alibi,
1023 3006 1133 3042 dixerit
1148 3018 1256 3040 nemo.

181 3050 216 3080 In
241 3049 356 3080 scholis
380 3050 499 3091 absque
523 3049 623 3080 dubio
644 3049 760 3080 nostris
781 3050 915 3082 versavit
929 3051 1056 3082 easdem
1070 3052 1257 3094 scripsitque

180 3094 335 3125 Thomas.

248 3138 397 3179 Sequitur
426 3148 498 3179 pars
522 3138 611 3169 tertia
643 3138 886 3178 Quaestionum,
918 3149 997 3181 quas
1027 3140 1191 3181 inscriptas
1218 3142 1258 3173 de

185 3183 359 3214 Virtutibus
382 3188 412 3213 et
435 3183 522 3213 ultra
546 3181 677 3225 (nempe
700 3183 740 3214 de
762 3184 865 3222 Malo,
890 3184 930 3215 de
951 3185 1081 3223 Anima,
1097 3185 1138 3216 de
1155 3186 1257 3227 Spiri-

181 3227 321 3259 tualibus
344 3225 517 3269 creaturis)
541 3228 683 3268 produnt
706 3228 885 3267 Logotheta
908 3239 943 3260 ac
960 3229 1123 3267 Trivetus;
1141 3240 1257 3272 easque

180 3273 372 3313 Dis-putatas
395 3271 484 3303 aiunt
504 3282 575 3303 cum
591 3272 737 3318 secundo*
745 3273 881 3304 Parisiis
901 3274 1024 3315 legeret
1044 3275 1198 3316 Aquinas.
1222 3276 1257 3306 In

181 3323 369 3357 argumento
386 3316 621 3354 Quaestionum
636 3317 765 3349 dissidet
783 3317 930 3349 laudatus
946 3319 1161 3350 Ptolomaeus:
1178 3326 1257 3351 tem-

181 3361 267 3401 poris
291 3368 402 3392 notam
425 3360 602 3392 confirmat.
627 3362 729 3393 Verba
753 3362 820 3393 eius
844 3369 918 3393 sunt
940 3363 1021 3394 libro
1045 3364 1159 3402 XXIII,
1174 3364 1257 3405 capi-

182 3413 212 3436 te
235 3413 275 3436 x1:
299 3406 367 3436 Hic
388 3406 527 3444 Doctor,
553 3411 694 3447 tempore
717 3407 813 3438 huius
840 3407 1003 3449 Pontificis
1030 3406 1189 3450 (Gregorii
1213 3407 1256 3452 X)

183 3451 310 3491 scripsit
338 3450 482 3481 ultimam
501 3456 630 3491 partem
654 3451 879 3483 Summae....
903 3452 960 3483 sed
983 3462 1046 3483 non
1071 3453 1255 3494 complevit,

184 3500 285 3525 morte
302 3500 510 3535 praeventus.
527 3495 602 3526 Hoc
618 3497 713 3527 etiam
738 3501 880 3537 tempore
893 3497 1069 3538 disputavit
1087 3498 1256 3536 Quaestio-

186 3548 241 3569 nes
263 3539 303 3569 de
325 3540 470 3570 Potentia
493 3540 556 3570 Dei
579 3545 609 3571 et
634 3540 803 3572 Creaturis
826 3539 881 3583 (al.
898 3547 929 3573 et
950 3540 1155 3585 Creaturae).
1171 3543 1257 3574 Scri-

179 3583 246 3622 psit
269 3584 363 3613 etiam
394 3593 494 3623 super,
522 3584 777 3625 Philosophiam:
808 3586 953 3617 videlicet
974 3586 1015 3617 de
1042 3587 1129 3618 coelo
1158 3592 1189 3618 et
1217 3588 1258 3618 de

185 3628 405 3666 generatione,
429 3628 486 3658 sed
509 3638 571 3659 non
597 3629 773 3669 complevit.
798 3629 989 3670 Gregorium
1011 3631 1041 3662 X
1065 3641 1149 3662 anno
1174 3641 1251 3673 1271

926 252 1388 291 DISSERTATIONES
1418 252 1668 288 CRITICAE

1315 331 1365 361 die
1395 342 1404 361 1
1426 331 1612 372 septembris
1629 332 1668 362 ad
1684 341 1851 362 summum
1873 331 2081 363 Pontificatus
2103 332 2228 372 apicem
2248 339 2394 363 evectum

1313 376 1547 406 adnotavimus.
1572 375 1737 406 Thomam
1760 383 1907 408 nostrum
1930 377 2157 407 Parisiensibus
2182 376 2311 407 Ordinis
2331 377 2395 408 Co-

1314 420 1411 451 mitiis
1435 430 1520 450 anno
1550 421 1632 461 1269
1658 421 1697 451 ad
1721 431 1842 451 sacram
1865 422 2073 452 Pentecosten
2097 421 2246 460 adfuisse,
2265 421 2396 452 iterum-

1314 475 1377 505 que
1401 464 1578 506 Gymnasio
1603 465 1819 496 Saniacobaeo
1843 466 1954 497 datum
1979 476 2045 496 esse
2062 466 2239 506 praesidem
2264 467 2396 497 vetustis

1314 509 1532 540 monumentis
1566 509 1681 540 evincit
1703 510 1867 541 Echardus
1895 511 1928 541 in
1952 510 2020 541 eius
2051 511 2167 551 elogio.
2192 511 2244 541 Ad
2273 521 2395 541 annum

1314 564 1416 595 usque
1446 564 1523 596 1271
1558 561 1742 595 vergentem
1773 555 1813 585 ad
1841 554 1939 585 finem
1963 555 2178 595 theologicam
2202 555 2279 586 rexit
2303 555 2395 586 scho-

1313 599 1397 629 lam:
1422 599 1563 639 regimen
1588 599 1679 630 cessit
1702 599 1739 630 fr.
1765 599 1914 630 Romano
1939 600 1977 630 de
2006 601 2112 630 Roma
2142 610 2179 630 ex
2202 600 2395 631 Ursinorum

1314 649 1406 682 gente
1430 650 1603 683 prognato:
1637 643 1882 685 remigravitque
1905 644 1938 674 in
1970 644 2101 675 Italiam.
2126 645 2188 674 Pro
2218 655 2309 675 more
2334 655 2394 675 suo

1313 687 1346 717 in
1370 697 1471 718 sacras
1495 688 1662 718 tradendas
1680 688 1798 719 litteras
1814 689 2029 727 incumbebat,
2045 699 2124 730 quas
2138 689 2255 719 iterum
2271 690 2394 720 Romae

1313 731 1440 770 docuit,
1473 732 1575 762 donec
1598 742 1684 762 anno
1713 742 1795 774 1272
1826 733 1865 763 ab
1889 734 1976 773 Rege
2000 733 2118 764 Carolo
2148 733 2321 774 Neapolim
2343 744 2393 764 ac-

1314 776 1393 808 citus
1423 782 1470 806 est
1493 776 1533 806 ad
1561 776 1756 807 docendum.
1779 777 1867 808 Haec
1890 778 2019 808 tradunt
2048 777 2158 808 omnia
2187 778 2394 809 Ptolomaeus

1313 820 1465 850 Lucensis
1488 820 1570 850 libro
1594 821 1709 859 XXIII,
1734 821 1835 861 capite
1858 831 1922 859 xw,
1946 821 2138 852 Guillelmus
2163 822 2202 852 de
2225 823 2336 853 Tocco
2360 823 2394 853 in

1312 864 1385 895 Vita
1407 864 1508 904 capite
1522 875 1587 903 vm,
1603 864 1719 905 aliique
1735 865 1902 905 scriptores
1917 872 2043 896 nostrae
2058 866 2159 906 gentis
2174 867 2262 907 apud
2276 867 2392 897 Echar-

1313 909 1401 940 dum.
1415 909 1500 939 Hinc
1523 909 1657 940 demum
1673 908 1840 940 conficitur
1863 910 1987 940 tertiam
2006 917 2129 950 partem
2147 910 2393 949 Quaestionum,

1312 964 1391 994 quas
1414 960 1530 984 vocant
1552 954 1762 994 Disputatas,
1787 953 1913 984 Parisiis
1943 954 2143 985 elucubrasse
2166 954 2332 985 Thomam
2354 956 2394 986 ab

1312 1008 1397 1029 anno
1426 999 1508 1039 1269
1534 999 1664 1029 cadente
1687 998 1727 1029 ad
1750 1009 1873 1029 annum
1902 1008 1994 1040 1271.

1378 1043 1453 1073 Non
1477 1053 1516 1074 eo
1541 1050 1663 1074 servato
1689 1045 1842 1084 temporis
1867 1043 1996 1082 ordine,
2023 1053 2090 1084 quo
2116 1049 2242 1073 sanctus
2271 1043 2395 1074 Doctor

1311 1087 1484 1127 praedictas
1499 1088 1628 1128 agitavit
1647 1088 1859 1125 Quaestiones
1875 1087 1909 1118 in
1925 1087 2052 1126 scholis,
2070 1094 2228 1128 praestant
2244 1097 2296 1118 eas
2311 1088 2394 1119 edita

1312 1132 1470 1173 exempla:
1496 1142 1600 1174 neque
1624 1132 1771 1163 ordinem
1794 1132 1943 1163 materiae
1974 1139 2029 1163 aut
2059 1132 2238 1172 argumenti
2267 1132 2394 1174 sequuti

1312 1184 1386 1208 sunt
1410 1177 1545 1208 editores
1577 1177 1642 1208 sive
1670 1187 1769 1218 quem
1799 1177 1979 1217 Logotheta
2003 1184 2033 1208 et
2056 1177 2205 1207 Trivetus
2229 1177 2393 1216 exhibent,

1311 1221 1376 1252 sive
1400 1232 1499 1263 quem
1521 1222 1648 1253 tradidit
1663 1222 1870 1253 Ptolomaeus
1885 1221 2049 1260 Lucensis,
2065 1221 2130 1252 sive
2146 1231 2244 1262 quem
2260 1221 2394 1253 demum

1311 1273 1545 1306 repraesentant
1568 1266 1621 1297 alii
1644 1273 1775 1305 veteres,
1799 1277 1882 1308 quos
1905 1266 2107 1297 laudavimus
2126 1266 2390 1298 nomenclatores.

1311 1311 1393 1341 Rem
1429 1311 1518 1351 parvi
1550 1311 1623 1342 licet
1655 1311 1812 1342 momenti
1845 1311 2065 1342 admonitione
2097 1317 2206 1342 nostra
2242 1310 2394 1342 intactam

1310 1356 1477 1396 praeterire
1500 1365 1567 1386 non
1590 1355 1688 1387 licuit.
2142 1386 2158 1391 ,

1379 1400 1416 1431 11.
1440 1400 1612 1440 Neapolim
1636 1401 1674 1431 ab
1694 1401 1780 1441 Rege
1797 1399 1916 1431 Carolo
1931 1411 2017 1431 anno
2043 1410 2124 1442 1272
2149 1400 2287 1431 accitum
2303 1400 2392 1431 Tho-

1311 1454 1399 1474 mam
1422 1444 1682 1476 memoravimus.
1707 1446 1800 1476 Hanc
1823 1452 1986 1485 gestorum
2006 1445 2106 1485 ipsius
2128 1444 2276 1476 Thomae
2301 1445 2393 1476 chro-

1311 1489 1504 1529 nographiae
1528 1496 1651 1529 partem
1680 1489 1772 1521 liceat
1795 1486 1829 1520 ἑν
1856 1483 1993 1533 παρόδῳ
2019 1489 2202 1530 diligentius
2224 1489 2391 1521 illustrare.

1311 1533 1449 1573 Regium
1473 1533 1617 1574 diploma
1631 1534 1746 1574 legitur
1761 1535 1847 1574 apud
1863 1535 2052 1575 magistrum
2066 1534 2246 1575 Aquarium
2259 1534 2294 1565 in
2308 1534 2393 1565 calce

1311 1584 1459 1608 tractatus
1474 1578 1514 1608 de
1529 1578 1829 1619 Significationibus
1843 1580 2054 1610 terminorum
2072 1585 2103 1609 et
2118 1579 2205 1619 apud
2220 1578 2393 1610 Nicolaum

1311 1622 1481 1663 Toppium
1490 1622 1524 1652 in
1534 1622 1731 1653 Bibliotheca
1741 1623 1951 1663 Neapolitana
1961 1633 2033 1664 pag.
2045 1633 2109 1664 290
2117 1621 2268 1665 (Neapoli
2281 1633 2291 1653 1
2299 1621 2392 1666 678),

1312 1667 1424 1697 datum
1438 1667 1578 1708 Neapoli
1599 1677 1708 1698 mense
1731 1668 1887 1706 octobris,
1918 1669 1955 1698 16
1973 1668 2114 1699 eiusdem
2137 1677 2230 1709 1274.
2249 1667 2392 1698 Enorme

1312 1711 1465 1753 nullaque
1487 1711 1579 1742 venia
1596 1711 1731 1752 dignum
1755 1712 1850 1743 cubat
1873 1712 2029 1743 mendum
2052 1712 2086 1742 in
2109 1721 2206 1743 anno.
2227 1712 2277 1742 Eo
2301 1721 2392 1743 nam-

1312 1766 1375 1797 que
1392 1766 1477 1787 anno
1499 1766 1583 1798 1274
1599 1757 1639 1787 ad
1655 1756 1779 1787 caelites
1797 1757 1976 1788 evolaverat
1995 1757 2117 1788 Doctor
2138 1756 2284 1798 Aquinas
2305 1756 2356 1787 die
2371 1767 2391 1798 7

1312 1800 1434 1832 martii:
1458 1801 1628 1842 quomedo
1659 1811 1735 1841 ergo
1760 1811 1869 1833 mense
1897 1802 2019 1833 octobri
2049 1801 2190 1842 potuerit
2219 1800 2392 1842 Neapolim

1313 1845 1460 1876 advocari
1483 1846 1523 1876 ad
1547 1843 1751 1876 docendum?
2288 1862 2291 1864 ·

1380 1890 1416 1920 ln
1434 1890 1506 1931 ipso
1522 1890 1697 1931 diplomate
1711 1890 1789 1921 haec
1807 1890 1964 1921 habentur
1977 1890 2088 1921 verba:
2112 1903 2127 1918 ι
2140 1890 2248 1921 Unam
2262 1889 2392 1921 unciam

1315 1948 1330 1962 »
1353 1934 1420 1965 auri
1444 1935 1595 1975 ponderis
1623 1935 1794 1975 generalis,
1818 1945 1878 1975 pro
1906 1935 2051 1976 quolibet
2083 1944 2210 1973 mense,
2235 1934 2391 1975 quamdiu

1315 1992 1329 2007 »
1352 1979 1471 2010 ibidem
1494 1979 1603 2020 legerit
1626 1978 1812 2022 (Thomas),
1833 1979 1891 2010 sibi
1915 1979 2074 2020 provideri
2092 1979 2274 2010 velimus...
2298 1979 2391 2010 Man-

1315 2036 1329 2051 »
1353 2024 1466 2055 damus
1497 2031 1654 2066 quatenus
1685 2024 1725 2055 ad
1753 2024 1995 2065 requisitionem
2016 2023 2207 2055 Prioris....
2232 2023 2392 2064 praedicta

1315 2081 1329 2096 »
1352 2068 1446 2099 uncia
1475 2069 1623 2100 auri....
1655 2078 1711 2109 per
1734 2069 1925 2099 dohenarios
1949 2068 2084 2109 Neapoli
2115 2068 2154 2099 de
2183 2067 2391 2109 proventibus

1315 2126 1329 2141 »
1353 2113 1531 2152 dohannae,
1551 2123 1649 2155 quam
1674 2123 1759 2143 anno
1779 2113 1935 2153 praesenti
1948 2114 2079 2153 primae
2096 2112 2288 2144 Indictionis
2307 2122 2391 2144 exer-

1315 2171 1329 2185 »
1352 2164 1468 2189 cent....
1485 2158 1551 2188 sine
1566 2157 1749 2189 difficultate
1764 2157 1905 2198 qualibet
1920 2156 2062 2188 satisfieri
2077 2156 2207 2188 faciatis.
2220 2169 2235 2185 »
2256 2157 2390 2195 Doana,

1311 2202 1422 2234 duana
1446 2203 1497 2233 vel
1519 2203 1659 2240 dohana,
1681 2209 1712 2234 et
1730 2203 1882 2233 dohanna
1906 2202 1999 2233 aedes
2023 2208 2080 2240 est,
2095 2201 2129 2232 in
2152 2211 2252 2243 quam
2270 2200 2392 2233 fiscales

1311 2247 1450 2285 reditus,
1474 2247 1657 2287 vectigalia,
1682 2246 1824 2288 portoria
1857 2254 1888 2278 et
1911 2247 1971 2278 alia
1993 2246 2027 2277 id
2049 2256 2151 2287 genus
2179 2246 2296 2278 tributa
2328 2255 2389 2287 pro

1312 2292 1470 2323 mercibus
1493 2299 1524 2323 et
1539 2291 1695 2322 mercium
1719 2291 1949 2323 transvectione
1972 2291 2162 2322 inferuntur.
2186 2291 2271 2322 Hinc
2293 2290 2389 2322 dohe-

1313 2338 1400 2367 narii
1423 2343 1454 2368 et
1472 2337 1656 2374 dohanarii,
1672 2336 1728 2377 qui
1742 2336 1870 2367 doanae
1882 2335 2046 2376 vectigalia
2064 2346 2101 2367 ac
2119 2335 2236 2367 tributa
2260 2335 2390 2376 exigunt

1302 2381 1362 2412 ‘vel
1393 2381 1558 2422 recipiunt.
1593 2381 1652 2412 His
1676 2381 1886 2422 neapolitanis
1916 2380 2068 2412 ministris
2095 2381 2135 2411 ab
2159 2381 2246 2421 Rege
2270 2379 2390 2411 Carolo

1313 2426 1518 2464 mandatum,
1550 2432 1587 2457 ut
1609 2425 1678 2457 auri
1702 2426 1795 2457 uncia
1819 2425 1994 2457 solveretur
2016 2425 2165 2456 Thomae
2189 2425 2222 2455 in
2246 2424 2391 2464 singulos

1312 2480 1457 2509 menses,
1482 2481 1564 2512 quae
1597 2480 1656 2511 pro
1690 2470 1848 2511 stipendio
1879 2470 2002 2501 decreta
2025 2469 2136 2501 fuerat.
2170 2469 2292 2500 Datum
2313 2478 2391 2500 vero

1312 2516 1431 2557 absque
1455 2515 1555 2546 dubio
1580 2515 1723 2556 diploma
1751 2515 1875 2555 regium
1898 2525 1984 2546 anno
2007 2515 2119 2555 prima
2144 2514 2318 2545 indictione
2339 2514 2389 2545 in-

1312 2560 1438 2600 signito.
1472 2559 1579 2591 Reiice
1602 2569 1677 2600 ergo
1701 2570 1824 2590 annum
1853 2569 1937 2601 ¹274
1964 2566 2113 2590 notatum
2144 2558 2318 2590 indictione
2339 2568 2390 2590 se-

1311 2604 1428 2636 cunda.
1461 2607 1596 2635 Annum
1628 2604 1869 2645 praecedentem
1905 2605 1986 2646 ¹273
2011 2603 2130 2634 indicat
2158 2603 2228 2643 ipsa
2256 2603 2389 2634 indictio

1304 2650 1436 2689 prima:
1458 2659 1541 2690 quae
1563 2656 1670 2679 tamen
1695 2655 1726 2679 et
1748 2658 1870 2679 annum
1899 2658 1980 2690 1272
2005 2647 2143 2678 indicare
2165 2653 2272 2688 potest
2293 2657 2312 2677 a
2334 2646 2387 2678 die

1310 2692 1414 2733 prima
1436 2693 1632 2733 septembris.
1659 2692 1858 2724 Graecorum
1878 2692 1956 2723 haec
1974 2692 2088 2723 dicitur
2101 2691 2232 2722 indictio
2252 2697 2283 2722 et
2297 2690 2386 2722 Con·

1311 2737 1601 2778 stantinopolitana.
1617 2737 1781 2768 Admonet
1799 2736 1993 2767 Muratorius
2012 2742 2103 2767 tomo
2120 2736 2131 2766 I
2151 2735 2191 2766 de
2206 2734 2387 2776 Antiquita-

1311 2781 1395 2812 tibus
1420 2781 1532 2812 Italicis
1556 2781 1652 2812 medii
1683 2781 1750 2812 aevi
1780 2781 1931 2812 dissertat.
1947 2791 2019 2819 vm,
2044 2780 2104 2811 col.
2120 2781 2186 2820 439
2210 2779 2387 2811 innumeris

1311 2825 1407 2857 etiam
1429 2825 1463 2856 in
1487 2825 1575 2856 Italia
1597 2825 1749 2866 exemplis
1773 2832 1917 2856 constare
1938 2835 2057 2856 novam
2071 2824 2279 2856 indictionem
2298 2834 2386 2855 cotn-

1311 2870 1415 2911 putari
1440 2869 1641 2901 consuevisse
1664 2880 1683 2900 a
1705 2870 1847 2901 kalendis
1880 2869 2084 2910 septembris,
2109 2875 2164 2900 aut
2187 2868 2304 2907 serius,
2331 2878 2387 2900 eo-

1312 2915 1386 2945 dem
1408 2921 1516 2946 tamen
1539 2924 1660 2954 mense,
1683 2914 1836 2945 nimirum
1851 2924 1870 2944 a
1883 2914 1935 2945 die
1960 2924 2002 2954 24
2025 2912 2127 2957 (quae
2150 2913 2282 2944 indictio
2304 2912 2388 2944 Con-

1311 2960 1511 2990 stantiniana
1531 2959 1708 3000 appellatur
1731 2966 1762 2990 et
1775 2956 2019 3001 Imperatoria).
2045 2958 2167 2989 Eadem
2183 2964 2230 2989 est
2243 2957 2388 2988 eiusdem

1312 3003 1543 3035 animadversio
1563 3010 1654 3035 tomo
1670 3004 1723 3043 llI,
1741 3003 1860 3035 dissert.
1876 3013 1980 3042 xxxxv,
1995 3003 2056 3034 col.
2072 3003 2115 3043 48
2136 3009 2209 3043 post
2223 3001 2388 3034 saeculum

1311 3048 1469 3079 Ecclesiae
1493 3059 1618 3079 nonum
1642 3049 1705 3079 fere
1729 3058 1854 3089 semper
1881 3055 2066 3088 usurpatam
2089 3047 2151 3088 legi
2179 3046 2388 3078 indictionem

1312 3093 1524 3124 Graecorum:
1549 3093 1692 3134 exempla
1715 3099 1822 3124 tamen
1845 3103 1912 3123 non
1927 3102 1997 3123 raro
2019 3101 2182 3124 occurrere
2205 3090 2389 3123 indictionis

1312 3137 1594 3169 Constantinianae
1613 3148 1631 3168 a
1645 3138 1695 3169 die
1716 3147 1759 3177 24
1782 3137 1979 3178 septembris,
1995 3144 2025 3168 et
2040 3137 2209 3168 Romanae
2231 3146 2288 3167 seu
2301 3136 2387 3167 Pon-

1311 3181 1424 3215 tificiae
1448 3183 1487 3213 ab
1511 3182 1652 3213 kalendis
1676 3182 1793 3213 mensis
1826 3182 1958 3213 ianuarii
1982 3182 2145 3213 deductae.
2174 3180 2387 3221 Multiplicem

1311 3227 1498 3258 huiusmodi
1522 3237 1618 3258 usum
1641 3226 1822 3258 indictionis
1842 3227 1920 3257 mihi
1940 3226 2072 3267 proprio
2088 3225 2322 3267 deprehendere
2335 3233 2386 3255 ex-

1312 3271 1489 3313 perimento
1512 3271 1546 3302 in
1569 3272 1700 3303 vetustis
1724 3271 1837 3302 chartis
1861 3271 2115 3312 frequentissime
2136 3269 2278 3310 contigit.
2300 3267 2386 3300 Hinc

1311 3326 1433 3357 pronus
1457 3316 1551 3355 feror,
1576 3323 1611 3347 ut
1629 3317 1773 3357 primam
1799 3316 2002 3347 indictionem
2026 3315 2060 3346 in
2079 3315 2254 3356 diplomate
2277 3311 2385 3344 Caroli

1311 3360 1392 3401 regis
1411 3361 1581 3392 deductam
1603 3371 1621 3391 a
1640 3361 1782 3391 kalendis
1806 3360 1992 3401 septembris
2015 3359 2090 3390 anni
2115 3368 2196 3401 1272
2216 3356 2384 3398 accipiam:

1313 3406 1423 3437 datum
1446 3405 1566 3447 quippe
1590 3405 1733 3446 diploma
1755 3405 1871 3445 legitur
1893 3414 2001 3436 mense
2023 3404 2160 3436 octobre.

1379 3450 1610 3488 Quaestionem
1633 3450 1752 3481 dirimit
1766 3460 1900 3481 omnem
1914 3448 2093 3481 Ptolomaei
2107 3445 2260 3479 Lucensis
2274 3451 2385 3476 aucto-

1312 3495 1394 3526 ritas.
1419 3495 1470 3526 sic
1493 3495 1588 3526 habet
1610 3494 1662 3526 ille
1680 3495 1761 3526 libro
1776 3495 1891 3533 XXIII,
1906 3494 2008 3535 capite
2021 3500 2059 3524 x:
2087 3505 2102 3521 ι
2120 3491 2207 3523 Cum
2221 3492 2282 3530 ego
2297 3487 2385 3532 (ipse

1315 3552 1329 3567 »
1351 3538 1578 3582 Ptolomaeus)
1603 3549 1678 3570 cum
1706 3539 1777 3580 ipso
1802 3537 1954 3582 (Thoma
1976 3533 2158 3579 Aquinate)
2180 3534 2321 3565 venirem
2345 3534 2385 3564 de

1315 3597 1329 3612 ι»
1352 3585 1458 3615 Roma
1480 3582 1667 3627 (Neapolim
1689 3594 1809 3621 versus,
1834 3593 1933 3624 quam
1946 3582 1980 3613 in
1995 3582 2107 3613 urbem
2122 3579 2239 3610 accitus
2254 3576 2384 3621 fuerat);

1315 3641 1329 3656 ιο
1352 3628 1522 3660 declinavit
1544 3626 1628 3670 (ipse
1653 3626 1814 3670 Thomas)
1834 3626 2003 3658 Molas-iam
2025 3625 2065 3656 ad
2091 3630 2229 3656 castrum
2261 3622 2385 3654 domini
