2548 4192
546 301 1007 340 DISSERTATIONES
1037 303 1285 342 CRITICAE
1315 306 1371 343 IN
1401 307 1439 343 S.
1461 306 1702 344 THOMAM
1730 308 2054 354 AQUINATEM

197 386 298 412 retur.
315 379 505 411 Prodierunt
519 379 762 411 Dissertationes
785 381 856 412 illae
879 382 1015 420 Parisiis,
1035 383 1119 424 typis
1138 384 1271 414 Antonii

197 425 351 456 Dezallier
374 434 459 455 anno
482 424 565 463 1684
580 430 611 454 et
640 424 721 465 1687
737 425 769 455 in
794 426 826 463 8,
843 433 874 456 et
895 427 976 466 1699
1002 433 1032 457 et
1054 436 1136 468 1714
1152 428 1184 457 in
1202 428 1270 466 fol„

197 470 339 510 itemque
362 475 474 508 postea
496 468 530 498 in
555 468 641 498 Italia
665 469 806 499 Venetiis
830 477 861 500 et
884 471 1000 509 Lucae,
1026 472 1136 501 eadem
1155 471 1268 502 forma.

264 514 402 552 Novam,
423 511 650 542 solidissimam
673 514 889 554 omnibusque
913 515 1054 545 numeris
1078 516 1268 553 absolutam,

197 557 328 588 molitus
352 562 399 587 est
417 556 601 597 apologiam
620 557 753 587 Iacobus
777 558 958 596 Echardus,
979 569 1078 599 quam
1101 559 1268 600 inscripsit,

195 602 308 632 Sancti
327 601 467 632 Thomae
482 601 616 631 Summa
631 610 690 631 suo
714 603 841 632 auctori
857 603 1028 633 vindicata.
1046 603 1171 633 Parisiis
1195 614 1268 644 pro-

195 644 255 685 diit
276 655 360 685 opus
383 655 468 676 anno
493 644 574 686 1708
599 644 632 674 in
658 645 688 683 8,
713 646 799 685 apud
823 646 868 676 Io.
889 647 1065 686 Baptistam
1088 648 1267 688 Delespine.

195 689 333 729 Launoii
357 689 453 720 dubia
476 695 570 719 vocat
588 689 627 718 ad
644 699 774 719 examen
798 690 937 721 sectione
960 701 1005 730 111,
1022 691 1049 732 ξ.
1066 702 1078 721 ι
1094 692 1269 733 eademque

194 733 453 764 luculentissimis
486 733 680 773 argumentis
714 734 852 774 depellit.
889 735 981 765 Hanc
1014 736 1129 776 egregii
1164 736 1268 776 operis

194 783 327 818 partem,
345 778 436 808 novis
461 778 661 808 documentis
683 784 819 816 auctam,
830 779 961 809 inseruit
976 786 1086 810 auctor
1100 787 1191 810 tomo
1205 780 1268 820 pri-

193 831 250 852 mo
275 821 473 862 Scriptorum
497 821 626 853 Ordinis
649 822 917 861 Praedicatorum,
940 824 995 864 qui
1014 824 1161 854 Parisinis
1184 824 1269 865 typis

194 866 217 897 I.
244 866 279 896 Β.
308 865 531 906 Christophori
554 866 679 896 Ballard
710 873 740 897 et
763 867 885 897 Nicolai
919 867 1035 898 Simart
1063 868 1169 898 lucem
1191 868 1270 899 vidit

193 920 278 941 anno
301 910 382 952 1718
407 910 440 940 in
464 910 580 950 Elogio
605 911 703 941 sancti
720 911 877 942 Thomae.
895 912 980 942 Tam
1003 913 1110 952 ampla
1131 922 1208 942 vero
1225 918 1268 942 te-

192 955 291 986 stium
315 954 481 985 Clemente
504 955 547 986 vl
577 955 796 995 antiquiorum
827 955 890 986 fide
921 962 951 986 et
983 956 1169 986 auctoritate
1201 966 1269 986 rem

193 1005 361 1039 pertractat
383 999 577 1029 Alexander:
594 1005 643 1029 tot
658 999 719 1029 alia
734 999 826 1039 plura
845 1000 1023 1039 perentoria
1046 1006 1268 1038 monumenta,

194 1053 231 1074 ex
253 1043 384 1074 vetustis
409 1043 591 1074 auctoribus
615 1049 646 1073 et
668 1043 890 1083 manuscriptis
910 1043 1073 1074 codicibus
1089 1044 1268 1084 desumpta,

194 1088 314 1118 addidit
332 1087 495 1118 Echardus
519 1097 555 1117 ac
579 1086 688 1117 omnia
711 1087 833 1126 peragit
856 1087 1095 1126 diligentissima
1119 1087 1208 1125 crisi,
1233 1094 1270 1118 ut

194 1131 383 1162 sententiam
407 1131 506 1161 dubio
530 1140 660 1170 prorsus
684 1131 774 1160 omni
791 1140 856 1171 pro
879 1131 986 1162 oblata
1010 1138 1146 1162 mutaret
1169 1131 1269 1161 eiura-

193 1182 304 1216 retque
327 1175 558 1215 pollicitatione
582 1175 756 1205 Launoius.

259 1219 402 1250 Muneris
426 1219 522 1249 etiam
546 1218 608 1248 mei
632 1218 712 1249 ratio
735 1218 877 1259 postulat
899 1225 936 1249 ut
958 1218 1101 1249 eiusdem
1130 1219 1268 1249 doctoris

192 1263 376 1299 Parisien‘sis
409 1262 505 1294 dubia
537 1268 568 1293 et
605 1272 665 1303 ego
699 1273 757 1303 pro
785 1262 867 1292 virili
898 1262 1065 1293 discutiam
1094 1263 1269 1304 eademque

193 1307 423 1350 probatissimis
446 1307 578 1346 testibus
602 1314 633 1338 et
655 1306 848 1348 argumentis
871 1307 1073 1337 validissimis
1092 1307 1218 1338 elidam.
1236 1307 1269 1338 Si

193 1361 279 1383 nova
301 1352 441 1393 proferre
459 1361 531 1382 non
548 1351 650 1390 liceat,
667 1352 750 1382 dabo
765 1358 869 1382 vetera
893 1351 1025 1382 meliore
1049 1351 1181 1382 fortasse
1205 1352 1268 1383 col-

153 1395 157 1397 ⁴
193 1396 296 1436 locata
335 1396 447 1427 ordine
483 1396 640 1437 novisque
679 1395 1006 1426 animadversionibus
1043 1396 1196 1427 illustrata
1233 1406 1269 1427 ac

193 1441 326 1481 munita.
345 1441 426 1472 lllud
444 1449 520 1470 vero
541 1440 620 1470 mihi
643 1440 846 1481 probandum
865 1440 1017 1478 adsumo,
1042 1441 1268 1482 Tneologicam

193 1486 371 1523 Summam,
396 1485 484 1515 velut
497 1484 590 1525 Opus
606 1484 884 1525 germanissimum
909 1484 1097 1525 Aquinatis,
1121 1492 1192 1516 tum
1216 1486 1269 1516 de-

192 1530 307 1562 cennio
331 1529 399 1568 illo,
423 1529 513 1570 quod
532 1539 652 1560 sacram
676 1529 743 1560 eius
767 1529 969 1569 apotheosim
993 1539 1078 1560 anno
1108 1530 1188 1560 1323
1214 1539 1268 1570 pe-

192 1578 311 1606 metam
335 1580 510 1616 sequutum
533 1579 589 1612 est,
614 1573 775 1604 laudatam
799 1573 1051 1614 celebratamque
1075 1573 1181 1604 fuisse:
1197 1580 1268 1604 tum

191 1619 289 1659 etiam
307 1619 403 1659 longe
434 1625 505 1649 ante
529 1627 711 1648 sermonem
734 1628 752 1648 a
775 1618 868 1648 Petro
893 1618 1031 1657 Rogerio
1055 1618 1088 1648 in
1116 1618 1193 1658 ipsis
1217 1629 1267 1649 ca-

192 1663 406 1694 nonizationis
430 1662 593 1693 solemniis
617 1662 780 1701 habitum,
805 1662 909 1692 eidem
932 1662 1080 1692 Thomae
1110 1663 1165 1693 abs
1194 1662 1267 1693 scri-

192 1707 338 1749 ptoribus
362 1707 549 1748 synchronis
573 1707 826 1747 supparibusque
842 1707 993 1737 tributam
1009 1713 1040 1737 et
1054 1706 1087 1736 in
1105 1706 1267 1738 codicibus

192 1758 293 1784 aetate
316 1752 370 1782 illa
393 1761 491 1782 manu
515 1751 645 1782 exaratis
669 1751 800 1781 nomine
824 1750 891 1781 eius
915 1750 1108 1790 inscriptam.

256 1797 312 1837 111.
329 1796 455 1827 Primus
471 1795 560 1826 adest
577 1795 847 1826 luculentissimus
869 1794 956 1825 testis
980 1795 1186 1825 Ptolomaeus
1203 1795 1266 1825 Lu-

193 1841 302 1872 censis.
328 1840 412 1871 Divo
436 1839 583 1870 Thomae
616 1839 784 1870 mortalem
807 1838 904 1869 vitam
936 1839 1040 1878 agenti
1065 1839 1266 1869 familiarissi-

191 1895 265 1916 mus
297 1885 365 1930 ipse
397 1884 476 1915 fuit:
501 1890 696 1924 testaturque
719 1884 800 1914 libro
831 1883 934 1913 XXIII
966 1883 1048 1914 Hist.
1073 1883 1195 1922 eccles„
1218 1894 1266 1914 ca-

191 1929 257 1982 pite
278 1938 345 1967 vm,
365 1928 421 1959 ubi
444 1927 538 1959 refert
560 1927 728 1979 Aquinatis
752 1927 893 1965 obitum,
910 1937 1003 1958 suam
1022 1937 1118 1968 saepe
1141 1928 1265 1968 confes-

190 1974 312 2005 sionem
327 1982 361 2004 se
375 1972 538 2003 audivisse
551 1977 583 2002 et
596 1982 668 2003 cum
683 1973 751 2013 ipso
766 1972 867 2002 multo
882 1978 1023 2012 tempore
1042 1978 1265 2003 conversatum

191 2027 262 2049 esse
259 2017 434 2059 familiari
446 2018 634 2047 ministerio.
645 2017 864 2047 Probatiorem
882 2023 995 2047 testem
1017 2017 1068 2047 vel
1091 2017 1158 2057 ipse
1182 2017 1265 2048 Lau-

192 2062 288 2093 noius
310 2072 378 2092 non
401 2061 572 2102 exoptabit.
604 2061 655 2091 Ad
678 2061 782 2101 ipsam
815 2061 1059 2092 ecclesiasticam
1090 2061 1266 2092 Historiam

189 2106 277 2148 libris
295 2105 400 2137 XXIV
423 2105 687 2147 comprehensam
701 2105 791 2146 quod
810 2105 930 2143 attinet,
947 2105 1092 2146 perduxit
1115 2115 1186 2136 eam
1209 2116 1265 2137 au-

190 2157 260 2182 ctor
281 2150 332 2181 vel
356 2151 396 2181 ad
419 2160 541 2181 annum
570 2151 663 2190 1295,
688 2150 755 2180 ad*
747 2160 851 2190 ipsam
883 2160 987 2191 usque
1011 2149 1168 2180 Bonifatii
1192 2150 1265 2181 VIII

189 2188 316 2226 Summi
326 2194 488 2225 Pontificis
500 2194 688 2225 electionem
697 2194 794 2225 velut
804 2204 970 2225 summum
981 2194 1020 2224 ad
1031 2204 1152 2225 annum
1169 2205 1178 2224 1
1189 2195 1223 2225 31
1234 2195 1261 2225 3.

186 2239 334 2270 Plurium
353 2233 502 2279 codicum
525 2249 623 2269 manu
652 2245 852 2269 exaratorum
875 2238 954 2278 fide,
980 2238 1119 2290 priorem
1139 2239 1177 2269 de
1200 2238 1263 2270 fine

186 2283 347 2314 Historiae
366 2284 409 2314 ab
432 2283 622 2314 Ptolomaeo
646 2290 756 2314 nostro
780 2283 950 2314 adornatae
974 2283 1162 2314 sententiam
1186 2293 1262 2314 con-

185 2322 292 2358 firmat
315 2327 448 2358 lacobus
470 2327 644 2358 Echardus:
662 2328 856 2368 alteramque
880 2327 1035 2367 praeferre
1058 2327 1182 2358 videtur
1197 2328 1262 2358 Lu-

186 2371 497 2403 dovicus-Antonius
512 2372 705 2402 Muratorius
721 2372 753 2402 in
771 2372 967 2412 amplissima
986 2371 1184 2412 Scriptorum
1202 2372 1261 2402 Ita-

185 2416 246 2447 liae
261 2416 448 2458 collectione
463 2423 554 2447 tomo
569 2416 624 2455 XI,
640 2416 703 2447 fide
718 2416 856 2447 adhibita
881 2416 1154 2447 codicis‘Patavini
1177 2416 1261 2456 opti-

186 2458 258 2491 mae
281 2467 386 2491 notae.
404 2460 489 2491 Hinc
511 2470 599 2499 vero,
616 2471 698 2501 quae
721 2460 755 2491 in
778 2460 937 2501 aliquibus
957 2470 1032 2490 mss.
1049 2460 1261 2490 additamenta

185 2511 358 2537 occurrunt
381 2504 421 2534 ad
444 2514 566 2535 annum
590 2505 672 2535 1336
691 2505 742 2534 vel
766 2505 847 2544 1342
872 2511 1035 2534 auctorem
1059 2514 1125 2534 non
1145 2504 1262 2534 habent

185 2548 421 2590 Ptolomaeum.
438 2549 519 2580 Utut
542 2558 609 2578 sese
632 2559 680 2579 res
703 2548 827 2586 habeat,
852 2548 1025 2578 chronicon
1050 2548 1147 2585 adest,
1171 2548 1261 2589 quod

187 2599 259 2623 ante
283 2593 451 2634 Aquinatis
474 2593 676 2633 apotheosim
708 2592 918 2632 habitumque
952 2602 969 2622 a
992 2592 1086 2622 Petro
1119 2592 1260 2632 Roget-io

186 2647 379 2675 sermonem,
403 2637 630 2668 concinnatum
654 2637 723 2668 fuit.
747 2639 844 2668 Anno
874 2637 1006 2667 demum
1029 2636 1150 2674 circiter
1178 2637 1259 2667 1322

184 2681 250 2712 vita
281 2681 375 2712 illum
415 2681 565 2722 migrasse
606 2681 769 2712 Echardus
803 2681 977 2712 coniectat:
1012 2672 1116 2711 adhuc
1152 2680 1261 2720 ipsum

185 2725 292 2768 egisse
307 2725 406 2756 vitam
429 2736 514 2756 anno
545 2726 624 2756 1325
651 2735 688 2756 ex
711 2725 930 2756 monumentis
949 2724 1106 2755 Ecclesiae
1130 2725 1260 2755 Torcel—

184 2766 295 2808 lanae,
319 2770 371 2801 cui
393 2770 530 2811 praefuit
552 2770 751 2810 Episcopus,
775 2770 849 2800 satis
872 2769 1067 2810 patefactum
1089 2769 1204 2809 legitur
1226 2769 1260 2799 in

183 2814 329 2845 eiusdem
352 2815 511 2845 Ecclesiae
540 2814 674 2845 tabulis·
685 2814 772 2854 apud
795 2806 969 2862 Ughellum
993 2813 1026 2843 in
1057 2813 1144 2844 Italia
1167 2813 1260 2844 Sacra

184 2863 293 2889 tomo
300 2859 330 2890 V
353 2859 492 2890 Venetae
517 2859 664 2889 editionis
689 2858 763 2889 anni
793 2860 885 2900 1720.
903 2858 965 2889 Sed
985 2858 1092 2908 ipsum
1116 2857 1180 2888 iam
1204 2868 1259 2895 an-

185 2906 231 2933 n'o
255 2903 343 2944 1327
366 2903 431 2934 vita
454 2903 601 2934 functum
633 2903 792 2943 colligitur
815 2913 852 2933 ex
875 2902 1075 2933 successione
1090 2902 1259 2932 Bartholo-

186 2946 269 2976 maei
292 2947 332 2977 de
354 2947 513 2985 Piscialis,
538 2957 637 2988 quam
660 2947 754 2977 refert
776 2947 930 2987 Ughellus
950 2947 990 2976 ad
1013 2956 1136 2977 annum
1164 2946 1258 2985 1328,

185 3000 249 3031 quo
263 3000 360 3031 anno,
377 2991 431 3028 ait,
447 2991 499 3022 die
513 2990 558 3022 28
573 2993 692 3022 mensis
701 2991 871 3032 februarii
893 3001 988 3022 sacro
1005 2991 1151 3032 Collegio
1165 2991 1260 3021 solvit

185 3034 384 3065 subsidium:
406 3035 559 3065 nimirum
590 3035 671 3066 intra
703 3035 914 3075 decennium,
939 3035 1028 3076 quod
1056 3035 1258 3076 apotheosim

187 3078 335 3109 Thomae
355 3085 528 3119 sequutum
551 3086 607 3110 est.

253 3122 469 3153 Probatissimi
485 3123 588 3161 testis,
601 3123 690 3154 omni
706 3123 835 3154 maioris
852 3123 1048 3163 exceptione,
1065 3123 1130 3153 iam
1152 3123 1259 3163 accipe

185 3166 418 3205 testimonium,
443 3167 559 3207 quod’
550 3177 618 3207 ipse
641 3161 785 3208 perhibet
811 3168 892 3198 libro
908 3168 995 3198 XXII
1013 3167 1183 3204 Historiae,
1209 3177 1257 3198 ca-

186 3211 252 3251 pite
274 3221 375 3242 xxxix.
404 3223 419 3239 α
436 3211 542 3242 Huius
571 3209 747 3254 (Pontificis
778 3212 952 3243 Clementis
977 3212 1019 3242 IV
1043 3212 1099 3253 qui
1122 3222 1140 3242 a
1163 3211 1214 3242 die
1241 3213 1256 3242 5

188 3268 204 3283 »
225 3255 372 3286 februarii
404 3255 479 3285 anni
508 3255 587 3285 1265
613 3256 723 3286 tenu‘rr
743 3256 859 3287 Sedem
882 3256 922 3286 ad
945 3256 1030 3286 diem
1055 3266 1096 3296 29
1120 3255 1258 3286 octobris

188 3311 204 3327 ιν
224 3299 299 3330 anni
334 3297 435 3341 1268)
464 3305 609 3339 tempore
641 3300 743 3330 dictus
771 3300 893 3330 Doctor
925 3300 1048 3340 scripsit
1070 3300 1256 3337 Summam,

187 3355 204 3371 ιν
223 3354 322 3384 quam
346 3345 378 3374 in
408 3344 487 3374 Tres
503 3348 618 3384 partes
634 3344 754 3374 divisit:
777 3344 923 3374 videlicet
945 3344 1137 3374 Naturalem
1148 3366 1158 3381 ,
1184 3343 1259 3384 quia

188 3400 203 3415 ι·
224 3388 267 3418 ibi
291 3387 433 3419 definivit
449 3388 487 3418 de
510 3387 630 3418 naturis
646 3398 752 3418 rerum
768 3394 798 3418 et
813 3388 918 3428 primo
938 3387 976 3417 de
992 3387 1107 3417 Divina
1126 3387 1259 3417 essentia

188 3445 205 3461 a>
224 3438 256 3463 et
274 3433 415 3463 secundo
435 3433 474 3462 de
493 3432 586 3462 rebus
613 3432 733 3462 creatis.
768 3431 948 3462 Secundam
974 3437 1103 3471 partem
1132 3431 1258 3461 vocavit

188 3489 204 3504 ι»
224 3477 398 3515 Moralem,
415 3486 513 3518 quam
530 3476 658 3507 divisit'
650 3486 682 3506 ιιι
697 3476 761 3507 duo
785 3476 959 3506 volumina.
977 3475 1089 3505 Unum
1104 3474 1257 3504 volumen

187 3533 204 3548 ιν
225 3521 344 3561 accepit
367 3521 401 3551 in
419 3521 648 3552 universalibus
671 3519 827 3558 materiis,
852 3529 933 3560 quae
956 3519 1066 3549 Prima
1091 3518 1259 3549 Secundae

189 3576 204 3591 ›
223 3572 356 3596 vocatur
371 3572 514 3606 respectu
531 3564 753 3605 philosophiae
769 3562 828 3606 (al.
846 3561 1010 3605 scientiae)
1030 3560 1170 3593 moralis.
1180 3562 1258 3592 Alia

188 3620 211 3635 ³·-
223 3618 314 3640 vero
323 3620 395 3660 pars
411 3609 599 3650 principales
618 3609 763 3640 materias
779 3607 920 3639 continet
934 3607 1090 3638 virtutum
1109 3606 1258 3646 omnium

186 3663 203 3678 ²
223 3659 255 3684 et
275 3654 438 3694 vitiorum,
454 3661 521 3685 tota
540 3654 671 3684 fundata
694 3660 725 3684 et
743 3659 854 3684 ornata
872 3651 1143 3693 philosophorum
1167 3650 1256 3681 dictis

2314 324 2397 350 CXCI

1329 397 1343 411 »
1363 391 1394 415 et
1412 385 1587 416 rationibus
1602 396 1637 416 ac
1651 386 1831 417 Doctorum
1850 396 2013 417 sacrorum
2032 388 2279 428 auctoritatibus,
2295 401 2394 431 quam

1328 441 1342 455 ›
1364 429 1544 460 Secundam
1568 430 1736 461 Secundae
1758 437 1902 470 respectu
1926 431 2069 461 eiusdem
2088 433 2235 463 materiae
2259 435 2395 474 appella-

1329 485 1343 499 »
1362 483 1445 504 mus.
1469 475 1576 504 Iertia
1593 481 1701 505 autem
1716 484 1787 514 pars
1803 475 1965 513 Summae,
1992 485 2074 516 quae
2098 482 2144 506 est
2166 483 2317 517 quartum
2342 489 2395 509 νο-

1328 530 1343 544 »
1363 518 1482 555 lumen,
1499 518 1737 549 Sacramentalis
1761 526 1902 557 vocatur,
1920 519 1995 560 quia
2018 519 2051 549 in
2075 530 2111 550 ea
2135 520 2173 550 de
2188 520 2395 553 Sacramentis

1328 574 1342 588 »
1362 561 1464 600 agitur
1487 568 1518 592 et
1541 562 1758 593 Incarnatione
1773 563 1868 594 Verbi
1885 569 1916 593 et
1938 564 2051 593 ultima
2069 573 2152 604 pars
2173 564 2296 603 dicitur,
2321 564 2396 606 quia

1327 618 1342 632 »
1362 605 1476 635 ultimo
1501 605 1582 636 facta
1605 606 1669 636 sive
1693 607 1768 647 quia
1790 606 1862 637 finis
1886 613 1932 637 est
1955 607 2128 638 aliarum.»
2153 608 2291 639 Launoii
2313 610 2395 640 votis

1325 649 1574 680 cumulatissime
1597 650 1716 681 factum
1740 651 1823 681 satis.
1841 651 2046 692 Synchronus
2070 662 2186 692 nempe
2209 653 2306 691 testis,
2324 653 2395 684 Cle-

1324 699 1429 723 mente
1453 694 1495 724 VI
1511 694 1680 734 antiquior,
1698 695 1849 735 Aquinati
1865 695 2024 726 adiudicat
2041 696 2207 732 Summam
2229 697 2395 739 Theologi-

1324 747 1414 774 cam,
1442 747 1576 778 eamque
1605 739 1834 778 Tripartitam,
1861 749 1896 770 ac
1920 739 2099 770 Secundam
2122 747 2245 780 partem
2268 741 2335 772 eius
2358 742 2392 772 in

1323 781 1489 811 volumina
1521 782 1586 812 duo
1620 782 1839 820 distributam,
1865 793 2006 824 quorum
2038 784 2173 815 alterum
2203 785 2315 816 Prima
2338 785 2394 816 Se-

1323 825 1466 863 cundae,
1491 826 1690 866 alterumque
1713 806 1862 857 Secunda
1886 827 2054 858 Secundae
2075 828 2140 858 iam
2163 835 2234 859 tum
2256 830 2394 870 appella-

1323 869 1425 906 batur,
1442 875 1603 909 postrema
1625 870 1707 900 vitae
1726 870 1874 900 Thomae
1897 871 2030 910 periodo
2055 872 2279 903 elucubratam.

1390 912 1540 953 Sequitur
1561 913 1826 944 Bartholomaeus
1849 915 1888 944 de
1912 914 2039 954 Capua,
2064 916 2242 955 Logotheta
2265 923 2296 948 et
2318 917 2394 948 Pro-

1323 956 1501 986 tonotarius
1524 957 1625 996 Regni
1650 957 1808 1007 Siciliae,
1800 968 1833 987 ιιι
1852 958 2005 989 Processu
2033 960 2281 991 canonizationis
2305 962 2394 993 testis

1323 1001 1440 1030 citatus
1463 1005 1494 1030 et
1513 1001 1650 1038 iuratus,
1676 1001 1732 1046 qui
1755 1001 1793 1031 de
1816 1001 1880 1032 vita
1904 1008 1934 1032 et
1957 1003 2100 1033 moribus
2124 1014 2160 1034 ac
2183 1004 2304 1044 scriptis
2328 1005 2392 1036 divi

1323 1044 1471 1074 Thomae
1494 1042 1714 1074 testimonium
1738 1045 1898 1084 perhibuit
1920 1055 2006 1076 anno
2031 1047 2108 1088 1319
2133 1047 2185 1078 die
2203 1047 2228 1078 8
2248 1050 2393 1089 augusti,

1323 1094 1462 1127 quatuor
1495 1087 1612 1124 scilicet
1642 1088 1740 1119 ferme
1769 1089 1859 1118 annis
1883 1095 1954 1119 ante
1985 1100 2185 1129 sermonem,
2210 1102 2307 1133 quem
2337 1093 2393 1123 ha-

1323 1131 1392 1161 buit
1415 1131 1590 1171 Rogeriu5‚
1615 1139 1725 1172 postea
1745 1132 1894 1163 Clemens
1917 1133 2028 1171 V1,in
2052 1114 2214 1165 solemniis
2238 1136 2391 1176 apotheo-

1324 1185 1404 1205 seoS.
1432 1175 1502 1205 Lati
1525 1175 1699 1206 testimonii
1723 1176 1936 1227 fragmentum
1958 1178 2099 1217 vulgavit
2121 1178 2280 1217 Baluzius,
2305 1181 2395 1221 quod

1323 1218 1356 1248 in
1380 1219 1523 1249 eiusdem
1552 1220 1721 1250 Processus
1752 1220 1852 1260 capite
1875 1231 1907 1250 rx
1937 1221 2129 1252 desideratur
2156 1224 2242 1262 apud
2266 1224 2394 1254 Bollan-

1324 1263 1436 1293 dianos
1458 1273 1547 1294 num.
1565 1263 1619 1303 84,
1636 1264 1717 1294 linea
1736 1274 1776 1294 20
1794 1271 1867 1304 post
1881 1265 1934 1294 illa
1952 1266 2056 1304 verba,
2071 1276 2163 1306 quem
2181 1267 2322 1298 dixerat
2329 1269 2396 1308 ipse

1323 1307 1387 1337 Dei
1410 1308 1537 1338 electus.
1566 1307 1672 1348 Opera
1697 1308 1759 1338 divi
1783 1309 1930 1339 Thomae
1955 1319 1993 1339 eo
2021 1310 2055 1339 in
2087 1310 2160 1341 loco
2184 1319 2394 1350 recensentur,

1324 1361 1359 1382 ac
1374 1352 1454 1382 inter
1468 1351 1528 1382 alia
1549 1353 1628 1383 Tres
1637 1358 1753 1393 partes
1771 1353 1932 1384 Summae.
1954 1354 2095 1384 Rursum
2118 1354 2284 1394 fragmenti
2302 1355 2395 1386 initio

1324 1396 1400 1427 haec
1414 1396 1571 1427 habentur
1585 1397 1849 1427 luculentissima:
1870 1398 1972 1428 «Item
1988 1397 2065 1428 dixit
2081 1397 2182 1429 dictus
2198 1399 2283 1429 testis
2306 1400 2395 1440 quod

1326 1452 1340 1467 »
1361 1451 1436 1471 cum
1455 1441 1522 1481 ipse
1546 1441 1671 1481 legisset
1690 1441 1848 1482 aliquibus
1873 1442 1963 1472 annis
1986 1442 2019 1471 in
2046 1442 2167 1482 scriptis
2196 1443 2269 1473 dicti
2293 1443 2394 1474 fratris

1326 1496 1340 1510 »
1360 1485 1518 1523 Thomae,
1537 1485 1672 1516 occurrit
1695 1486 1753 1515 sibi
1777 1486 1917 1526 quadam
1939 1486 2008 1516 vice
2032 1486 2204 1517 memoriae
2229 1497 2261 1517 se
2280 1487 2391 1527 legisse

1326 1540 1340 1555 »
1359 1529 1392 1559 in
1417 1529 1477 1559 eis:
1500 1530 1589 1570 quod
1613 1530 1808 1560 consuetudo
1825 1530 1941 1570 populi
1969 1530 2137 1561 christiani
2148 1541 2213 1571 pro
2234 1531 2307 1571 lege
2329 1541 2394 1567 ser-

1325 1585 1340 1599 »
1360 1574 1467 1604 vanda
1491 1579 1547 1604 est.
1566 1574 1607 1604 Et
1631 1574 1710 1605 dum
1733 1574 1810 1604 haec
1833 1575 1927 1604 verba
1943 1574 2029 1604 idem
2052 1575 2138 1605 testis
2162 1575 2303 1605 studiose
2327 1585 2395 1615 per-

1325 1630 1339 1644 »
1359 1618 1496 1659 quireret
1511 1628 1567 1658 per
1590 1618 1695 1658 plures
1712 1618 1788 1656 dies,
1806 1628 1881 1649 cum
1900 1625 2003 1649 essent
2019 1618 2077 1649 sibi
2093 1626 2286 1659 opportuna,
2304 1619 2394 1649 nullo

1325 1674 1339 1688 »
1359 1663 1459 1692 modo
1479 1662 1585 1702 potuit
1607 1663 1661 1693 illa
1684 1663 1833 1693 invenire.
1851 1663 2001 1693 Finaliter
2016 1669 2122 1693 tamen
2137 1663 2222 1694 idem
2241 1663 2326 1694 testis
2342 1673 2394 1703 ge-

1324 1717 1338 1732 »
1358 1706 1489 1737 nuflexit
1512 1714 1543 1737 et
1566 1707 1688 1746 rogavit
1711 1707 1832 1738 dictum
1856 1707 1983 1737 fratrem
2006 1707 2181 1746 Thomam,
2201 1707 2290 1748 quod
2308 1717 2394 1738 reve-

1324 1761 1338 1776 »
1358 1751 1436 1781 laret
1459 1751 1527 1781 sibi.
1555 1751 1619 1788 Qui
1644 1751 1749 1782 statim
1782 1758 1890 1791 aperto
1915 1751 1995 1782 libro
2024 1752 2192 1782 Secundae
2208 1752 2317 1792 partis
2339 1752 2394 1782 Se—

1323 1805 1338 1820 »
1358 1795 1494 1833 eundae,
1512 1795 1579 1825 sine
1602 1795 1802 1826 revolutione
1819 1796 1997 1826 chartarum
2020 1796 2140 1826 invenit
2158 1796 2226 1836 ipsa
2248 1796 2343 1826 verba
2358 1795 2392 1826 in

1324 1849 1338 1864 ²·
1358 1845 1490 1870 tractatu
1523 1839 1574 1869 De
1609 1840 1738 1870 ieiunio.
1761 1852 1776 1866 ›
1808 1839 1989 1870 Articulum
2022 1847 2173 1881 quartum
2206 1840 2395 1871 centesimae

1321 1883 1579 1924 quadragesimae
1596 1884 1748 1924 septimae
1773 1884 1967 1925 quaestionis
1983 1884 2100 1915 indicat
2123 1884 2321 1924 Logotheta,
2338 1884 2394 1914 ubi

1321 1928 1398 1959 haec
1421 1928 1578 1958 habentur
1593 1928 1634 1958 ad
1660 1929 1687 1959 3.
1705 1928 1745 1958 In
1771 1930 1889 1959 ieiunio
1913 1934 2019 1959 autem
2043 1928 2322 1970 quadragesimali
2345 1929 2392 1958 in-

1321 1973 1524 2003 terdicuntur
1558 1973 1786 2003 universaliter
1817 1974 1912 2004 etiam
1946 1983 2006 2003 ova
2031 1978 2061 2003 et
2093 1973 2277 2003 lacticinia:
2305 1973 2392 2003 circa

1319 2027 1456 2058 quorum
1480 2017 1704 2048 abstinentiam
1729 2018 1762 2047 in
1786 2018 1861 2048 aliis
1879 2018 2007 2047 ieiuniis
2025 2017 2173 2048 diversae
2191 2017 2392 2047 consuetudi-

1321 2071 1377 2092 nes
1400 2062 1543 2092 existunt
1565 2061 1653 2102 apud
1671 2061 1825 2099 diversos,
1849 2071 1931 2102 quas
1953 2062 2086 2102 quisque
2109 2061 2280 2092 observare
2302 2060 2393 2091 debet

1318 2106 1494 2137 secundum
1519 2115 1639 2136 morem
1671 2115 1803 2143 eorum,
1829 2107 1914 2137 inter
1945 2115 2025 2146 quos
2056 2110 2276 2136 conversatur.
2300 2105 2392 2135 Unde

1318 2151 1545 2191 Hieronymus
1567 2151 1659 2187 dicit,
1685 2150 1725 2180 de
1748 2151 1876 2181 ieiuniis
1899 2151 2050 2190 loquens:
2072 2150 2290 2190 Unaquaeque
2312 2158 2391 2188 pro-

1319 2196 1424 2226 vincia
1448 2194 1589 2225 abundet
1611 2195 1644 2224 in
1668 2204 1727 2225 suo
1749 2204 1846 2225 sensu
1871 2199 1901 2224 et
1918 2199 2093 2234 praecepta
2117 2194 2276 2223 maiorum
2302 2193 2391 2233 leges

1317 2239 1518 2279 Apostolicas
1541 2239 1736 2276 arbitretur,
1762 2239 1795 2268 in
1819 2238 1952 2278 epistola
1982 2238 2022 2267 ad
2045 2237 2218 2268 Lucinium
2241 2248 2331 2268 num.
2357 2238 2388 2268 6.

1318 2283 1489 2323 Splendide
1520 2292 1595 2322 ergo
1619 2289 1742 2313 constat
1765 2289 1837 2313 ante
1867 2292 1989 2312 annum
2018 2282 2099 2321 1319
2124 2281 2285 2312 laudatam
2318 2281 2387 2312 vul-

1317 2334 1487 2378 gatamque
1504 2327 1600 2357 fuisse
1622 2327 1846 2367 sseologicam
1863 2326 2028 2356 Summam
2039 2325 2112 2356 Divi
2129 2325 2288 2364 Thomae,
2311 2327 2390 2356 Tres

1317 2373 1350 2401 in
1368 2377 1483 2411 partes
1506 2371 1675 2401 tributam:
1701 2381 1736 2401 ac
1759 2370 1928 2401 Secundae
1944 2370 2053 2410 partis
2075 2370 2229 2400 volumen
2253 2370 2388 2401 alterum

1316 2415 1466 2456 appellari
1491 2415 1692 2445 consuevisse
1715 2415 1895 2445 Secundam
1915 2413 2093 2444 Secundae.

1384 2460 1418 2489 In
1443 2459 1557 2489 eodem
1575 2459 1748 2490 Processus
1771 2458 1872 2499 capite
1895 2468 1985 2495 num.
2004 2468 2045 2499 79
2063 2457 2107 2488 sic
2125 2457 2193 2498 ipse
2216 2457 2274 2488 fari
2297 2448 2389 2494 indu-

1317 2503 1397 2534 citur
1420 2503 1617 2543 Logotheta:
1639 2503 1767 2553 ‹jQuod
1790 2513 1865 2533 cum
1889 2502 1992 2533 dictus
2014 2501 2108 2532 frater
2131 2501 2276 2532 Thomas
2308 2502 2386 2533 cele-

1318 2559 1332 2574 »
1352 2548 1485 2578 lebraret
1507 2547 1639 2577 Missam
1661 2547 1694 2577 in
1719 2547 1800 2577 dicta
1825 2546 1943 2587 capella
1971 2546 2070 2576 sancti
2093 2546 2217 2576 Nicolai
2240 2546 2387 2586 Neapoli,

1317 2604 1332 2618 ¹
1353 2591 1413 2622 fuit
1439 2591 1519 2621 mira
1550 2591 1728 2622 mutatione
1761 2597 1944 2621 commotus
1968 2597 1999 2621 et
2021 2596 2096 2630 post
2125 2590 2228 2630 ipsam
2257 2590 2389 2621 Missam

1317 2648 1332 2663 »
1352 2646 1419 2666 non
1443 2635 1566 2676 scripsit
1581 2645 1685 2676 neque
1702 2635 1830 2666 dictavit
1847 2634 1978 2675 aliquid,
1995 2634 2062 2665 imo
2082 2634 2246 2674 suspendit
2270 2644 2388 2674 organa

1316 2693 1331 2707 ι
1352 2680 1530 2720 scriptionis
1553 2680 1587 2710 in
1611 2680 1719 2710 Tertia
1733 2685 1832 2720 parte
1849 2679 2002 2709 Summae
2025 2678 2059 2708 in
2091 2685 2222 2709 tractatu
2248 2678 2286 2708 de
2310 2679 2386 2709 Poe-

1317 2737 1331 2752 »
1352 2725 1496 2755 nitentia.
1510 2736 1525 2751 ιν
1550 2723 1762 2754 Disertissime
1784 2729 2081 2762 ,commemoratam
2111 2723 2207 2753 habes
2231 2729 2262 2753 et
2283 2722 2387 2762 ipsam

1313 2768 1530 2809 Theologicae
1546 2767 1697 2799 Summae
1718 2769 1858 2798 Tertiam
1878 2773 2019 2808 partem,
2036 2767 2133 2798 veluti
2158 2767 2240 2807 opus
2272 2767 2386 2807 cuique

1313 2820 1430 2844 notum
1461 2813 1710 2853 vulgatumque,
1749 2818 1820 2842 ante
1854 2822 1973 2842 sacram
2011 2811 2286 2842 canonizationem
2321 2810 2386 2840 divi

1312 2857 1461 2888 Auctoris
1485 2856 1694 2897 habitumque
1718 2866 1900 2887 sermonem
1922 2866 1939 2886 a
1963 2855 2111 2895 Rogerio.
2136 2855 2171 2885 Id
2194 2865 2268 2885 vero
2292 2854 2351 2884 sibi
2367 2865 2386 2884 a

1304 2902 1421 2943 fratre
1443 2902 1568 2932 Ioanne
1591 2901 1631 2932 de
1654 2901 1766 2932 Iudice
1788 2901 1923 2931 relatum
1946 2899 2125 2939 Logotheta
2145 2905 2275 2929 testatur
2296 2899 2384 2929 Ana—

1311 2947 1413 2987 gniae
1436 2947 1468 2976 in
1494 2945 1563 2976 loco
1570 2945 1722 2986 fratrum
1737 2945 2001 2975 Praedicatorum
2013 2966 2021 2974 .
2033 2966 2041 2974 .
2052 2966 2060 2974 .
2074 2943 2191 2983 paullo
2210 2947 2383 2983 antequam

1312 2991 1472 3021 Dominus
1495 2990 1584 3030 Papa
1603 2989 1795 3030 Bonifacius
1810 2987 1929 3030 (VIII)
1946 2993 2125 3028 caperetur.
2143 2987 2284 3027 Captum
2298 2989 2385 3017 Ana-

1313 3034 1405 3085 gniae
1429 3034 1603 3064 Summum
1625 3033 1813 3064 Pontificem
1836 3032 1984 3063 historiae
2015 3032 2156 3072 produnt
2187 3041 2272 3061 anno
2302 3032 2382 3068 1303

1312 3079 1502 3118 intempesta
1534 3084 1627 3109 nocte
1651 3078 1770 3117 sabbati
1793 3083 1865 3108 ante
1887 3087 1930 3106 vn
1962 3076 2033 3106 idus
2066 3075 2270 3116 septembris:
2299 3075 2385 3106 unde

1314 3123 1429 3153 eodem
1451 3133 1536 3153 anno
1558 3123 1639 3153 1303
1658 3122 1805 3152 manibus
1829 3120 1977 3151 omnium
1999 3120 2132 3150 Summa
2148 3119 2220 3157 Divi
2236 3119 2384 3150 Thomae

1318 3168 1494 3207 Tripartita
1518 3167 1684 3197 terebatur.
1709 3166 1771 3196 Sed
1794 3165 1879 3195 idem
1895 3164 2073 3204 Logotheta
2097 3164 2234 3204 denique
2252 3170 2383 3202 testatur

1313 3221 1381 3241 rem
1404 3211 1485 3241 hanc
1508 3211 1628 3241 Ioanni
1649 3210 1689 3241 de
1711 3210 1823 3240 Iudice
1852 3216 2008 3239 narratam
2032 3208 2128 3239 fuisse
2151 3218 2170 3238 a
2183 3207 2298 3248 fratre
2319 3208 2382 3239 Re-

1312 3255 1447 3296 ginaldo
1470 3255 1510 3285 de
1532 3255 1682 3294 Piper-no,
1703 3254 1791 3284 socio
1815 3253 1982 3293 Aquinatis
2005 3252 2161 3282 fidissimo
2186 3252 2317 3292 eiusque
2332 3261 2379 3281 ar-

1314 3308 1468 3329 canorum
1492 3299 1640 3328 omnium
1665 3297 1803 3329 conscio.
1820 3297 1947 3328 Mortali
1975 3296 2040 3327 fato
2065 3296 2211 3326 functum
2235 3295 2381 3335 Reginal-

1313 3343 1392 3373 dum
1414 3342 1496 3372 inter
1519 3352 1640 3372 annum
1662 3342 1743 3372 1280
1762 3348 1792 3372 et
1811 3351 1932 3371 annum
1960 3341 2042 3371 1300
2065 3341 2196 3379 adnotat
2218 3339 2381 3369 Echardus

1312 3386 1345 3416 in
1369 3386 1436 3416 eius
1460 3386 1581 3425 elogio:
1599 3386 1684 3416 unde
1708 3385 1821 3415 merito
1855 3385 1982 3424 colrsgat
2005 3384 2141 3424 quisque
2164 3393 2222 3423 pro
2246 3376 2380 3413 indubio

1312 3430 1459 3460 Thomae
1483 3429 1571 3460 foetu
1595 3436 1667 3459 ante
1691 3439 1812 3459 annum
1840 3430 1922 3459 1300
1946 3428 2086 3458 habitam
2109 3427 2205 3457 fuisse
2229 3426 2381 3467 Triparti-

1312 3480 1378 3504 tam
1392 3473 1588 3523 Theologiae
1607 3473 1784 3503 Summam.
1805 3472 2007 3512 Splendidius
2023 3471 2162 3511 exoptati
2186 3480 2252 3500 non
2276 3477 2383 3511 potest

1312 3517 1355 3548 rei
1378 3517 1608 3559 testimonium,
1633 3526 1696 3557 qua
1720 3517 1759 3546 de
1781 3518 1923 3556 agimus.
1947 3515 2009 3545 fide
2033 3514 2255 3555 dignissimum
2278 3515 2380 3553 omni,

1312 3561 1338 3591 si
1362 3567 1519 3601 spectetur
1533 3560 1583 3590 vel
1606 3561 1644 3590 ab
1669 3569 1735 3590 uno
1751 3560 1930 3599 Logotheta
1952 3559 2071 3597 latum;
2087 3568 2191 3599 eoque
2214 3559 2314 3599 magis
2329 3559 2379 3590 lu-

1313 3605 1476 3636 culentum
1500 3605 1746 3654 probatumque,
1765 3610 1876 3645 utpote
1895 3603 2021 3634 Ioannis
2040 3604 2079 3634 de
2103 3603 2209 3634 Iudice
2233 3609 2264 3634 et
2285 3603 2381 3644 Regi-

1312 3649 1397 3679 naldi
1419 3648 1605 3679 Privernatis
1629 3649 1812 3680 auctoritate
1836 3647 2008 3679 munitum.
