2788 4204
75 378 86 388 ·
98 377 182 405 (Ζοάἀ.,
198 382 248 398 exc.
263 383 292 398 a:

75 410 130 432 per.

80 649 89 658 '
101 653 122 668 c:
131 647 193 668 sicut
201 649 239 668 est
247 646 295 702 effi,-

82 680 103 695 ri
126 679 217 695 erron.:
239 679 252 694 e
270 679 293 694 ε-

82 702 140 722 ctus.

181 741 195 775 β

85 1170 93 1177 ”
119 1167 176 1194 Cap.
199 1173 231 1189 ix.
261 1178 277 1183 -

86 1194 178 1215 Comm.
203 1200 221 1215 s.
236 1193 281 1215 Th.

82 1221 134 1242 lect.
149 1227 187 1242 xv.

83 1331 94 1342 ⁸
104 1337 125 1352 rt
134 1337 182 1352 orn.
193 1330 296 1358 aliquam

84 1358 172 1382 alr'am,·
187 1363 230 1378 pac
248 1363 295 1378 om.

81 1384 194 1411 aliquam.

83 1708 94 1718 ⁸
108 1713 146 1728 rio
154 1714 159 1728 .-
182 1708 270 1728 rectam

82 1733 250 1761 operationem.

82 1813 93 1823 ⁸
114 1818 158 1834 aL:
183 1811 224 1833 illa
246 1811 295 1832 alia

81 1844 237 1864 causa‚·1-·mu
248 1844 297 1859 om.

83 1866 142 1886 alia.

83 1894 90 1901 ·
107 1892 144 1913 Cf.
164 1892 204 1913 lib.
215 1891 232 1918 1,
244 1891 296 1913 lect.

83 1931 129 1953 vm,
151 1929 200 1946 not.
217 1931 239 1957 p-

86 2344 95 2352 ‘
112 2344 173 2365 Lect.
183 2349 219 2365 ιιι.

320 234 395 270 352

319 311 438 361 ipsius
471 311 501 347 si
531 317 596 357 est,
627 309 697 346 ista
734 316 809 356 est,
849 307 937 356 quia
975 313 1124 355 oportet
1161 305 1265 353 quod
1309 305 1388 342 eius

320 365 424 414 quod
445 371 500 401 est
520 375 600 400 rem
622 375 716 409 esse,
737 362 782 398 sit
801 361 925 410 aliqua
950 371 1080 396 causa:
1103 366 1259 407 propter
1274 359 1293 379 *
1313 359 1388 394 hoc

321 418 423 455 enim
452 417 586 455 dicitur
614 415 753 464 aliquid
783 421 994 458 causatum,
1029 411 1133 461 quod
1162 412 1277 448 habet
1301 424 1388 447 cau-

321 484 404 509 sam
433 470 490 507 sui
511 482 604 506 esse.
636 470 742 505 Haec
771 475 897 503 autern
925 477 1038 501 causa
1064 464 1213 501 essendi
1241 472 1305 500 aut
1333 472 1389 501 est

321 525 464 570 eadem,
494 523 632 559 scilicet
660 533 748 557 cum
778 518 938 556 essentia
967 517 1083 566 ipsius
1111 517 1180 564 rei,
1210 525 1275 554 aut
1303 517 1386 554 alia.

322 578 471 614 Eadem
491 576 658 625 quidem,
680 574 775 610 sicut
793 572 918 608 forma
938 578 974 607 et
997 570 1167 616 materia,
1183 583 1283 618 quae
1302 578 1390 607 sunt

321 638 446 679 partes
480 627 682 672 essentiae3
722 625 793 662 alia
824 637 940 670 ver0,
976 624 1071 660 sicut
1106 623 1274 660 efficiens
1305 625 1325 645 *
1354 631 1391 660 ει

322 683 428 720 finis:
459 694 556 730 quae
589 679 745 728 quidem
781 678 878 715 duae
913 689 1049 714 causae
1082 684 1169 713 sunt
1202 676 1389 725 quodam-

322 737 441 774 modo
476 745 612 771 causae
641 733 787 769 formae
817 739 853 768 et
885 730 1064 767 materiae
1090 728 1123 777 Ρ,
1153 742 1244 766 nam
1274 742 1390 778 agens

323 797 500 838 operatur
527 793 682 835 propter
701 786 820 822 finem
850 792 886 821 et
904 783 986 820 unit
1004 783 1170 820 formam
1190 783 1386 820 materiae.

323 843 371 879 Et
399 841 429 878 si
458 840 688 888 accipiamus
722 850 877 875 causam
915 849 1013 885 quae
1052 843 1108 872 est
1140 836 1212 873 alia
1246 837 1295 872 ab
1334 849 1390 873 es-

322 894 440 931 sentia
473 893 546 939 rei,
581 892 813 941 quandoque
847 890 1003 939 quidem
1042 897 1097 926 est
1125 902 1239 926 causa
1275 889 1357 926 talis
1376 895 1391 916 ⁷

322 959 390 996 per
423 959 539 996 quam
567 945 687 994 possit
720 944 803 981 fieri
837 942 1128 990 demonstratio,
1158 943 1391 991 quandoque

323 1008 451 1037 autem
470 1012 561 1036 non.
583 999 675 1036 Non
696 998 798 1034 enim
819 1009 864 1034 ex
894 997 1000 1034 omni
1030 1009 1144 1033 causa
1172 1003 1306 1044 agente
1335 1008 1392 1032 se-

323 1054 449 1101 quitur
472 1065 518 1089 ex
537 1051 759 1089 necessitate
780 1050 947 1087 effectus.
969 1051 1027 1086 Ex
1047 1049 1307 1099 suppositione
1327 1061 1393 1086 au-

322 1114 399 1144 tern
419 1106 506 1143 finis
531 1105 700 1154 sequitur
718 1105 823 1153 quod
851 1103 897 1140 sit
915 1103 954 1140 id
973 1104 1080 1152 quod
1108 1110 1164 1140 est
1191 1103 1241 1140 ad
1259 1103 1391 1150 finem,

322 1168 364 1197 ut
391 1161 576 1208 probatur
603 1158 642 1196 in
671 1159 703 1194 II
731 1157 982 1206 Physicorum
1010 1157 1041 1193 ³¹⁶.

379 1214 413 1250 3.
445 1214 718 1261 Supponamus
748 1223 837 1258 ergo
857 1210 964 1258 quod
987 1210 1033 1247 sit
1060 1208 1193 1257 aliquis
1222 1209 1391 1256 effectus,

324 1266 430 1303 cuius
450 1278 532 1303 esse
562 1277 676 1302 causa
704 1264 750 1301 sit
777 1275 856 1300 non
885 1264 1010 1300 solum
1034 1262 1117 1311 ipsa
1146 1262 1307 1299 essentia
1326 1262 1391 1308 rei,

323 1319 392 1356 sed
415 1320 555 1356 habeat
583 1318 697 1355 etiam
717 1318 884 1366 aliquam
905 1317 1017 1353 aliam
1039 1317 1059 1337 ’¹‘
1089 1327 1261 1361 causam,
1293 1322 1329 1351 et
1347 1315 1394 1351 sit

323 1373 405 1410 talis
419 1385 489 1422 per
503 1384 620 1421 quam
635 1371 755 1420 possit
770 1369 1039 1415 demonstrari;
1059 1376 1151 1417 puta
1170 1368 1201 1405 si
1220 1367 1393 1405 dicamus

325 1426 430 1475 quod
449 1426 480 1463 si
498 1427 619 1462 homo
647 1423 821 1473 pertingit
849 1425 897 1462 ad
918 1421 1206 1468 beatitudinem,
1237 1433 1392 1458 necesse

324 1487 380 1518 est
397 1479 648 1528 praeexistere
667 1478 857 1514 virtutem.
878 1475 1122 1524 Accipiamus
1141 1482 1268 1511 autem
1289 1475 1394 1522 quod

325 1533 487 1570 essentia
513 1531 658 1568 virtutis
678 1530 724 1567 sit
742 1530 892 1568 habitus
912 1541 1077 1578 operans
1097 1527 1310 1564 secundum
1336 1540 1392 1564 ra—

323 1587 467 1623 tionem
488 1593 642 1622 rectam.
672 1585 804 1620 Potest
823 1596 912 1632 ergo
943 1581 1196 1619 demonstrari
1225 1593 1308 1617 esse
1330 1581 1393 1618 ali-

324 1638 642 1688 quem‘habitum
671 1637 884 1674 secundum
914 1643 1056 1673 rectam
1086 1634 1273 1672 rationem
1303 1646 1393 1682 ope-

325 1701 470 1730 rantem
497 1693 533 1739 ²⁸,
563 1692 594 1728 si
622 1690 668 1727 sit
695 1690 830 1739 aliquis
864 1690 1016 1727 habitus
1044 1690 1091 1726 ad
1121 1687 1393 1725 beatitudinem

323 1746 550 1795 perducens.
571 1743 788 1792 Accipiatur
817 1756 906 1791 ergo
935 1755 1006 1792 pro
1035 1741 1165 1778 medio
1195 1741 1256 1778 illa
1280 1753 1394 1778 causa

324 1799 396 1836 alia
417 1800 449 1845 *,
479 1810 579 1846 quae
609 1805 663 1834 est
682 1796 1000 1841 demonstrativa,
1022 1803 1059 1832 et
1078 1795 1263 1832 formetur
1282 1795 1393 1842 syllo-

323 1853 467 1901 gismus
495 1852 534 1888 in
553 1851 677 1900 prima
695 1851 818 1898 figura
837 1852 876 1887 ’τ
897 1849 1003 1898 quod
1027 1860 1183 1885 necesse
1209 1855 1264 1884 est
1291 1847 1393 1896 fieri,

324 1906 412 1955 quia
442 1911 592 1954 oportet
620 1904 725 1952 quod
754 1903 845 1952 quid
875 1910 931 1940 est
957 1901 1220 1939 universaliter
1238 1908 1275 1937 et
1293 1902 1394 1938 affir-

325 1959 467 1996 mative
499 1957 708 2008 praedicari
735 1957 782 1994 de
811 1969 851 1993 re
873 1956 978 1993 cuius
1008 1963 1074 1992 est.
1106 1954 1396 2004 Syllogizabitur

326 2025 416 2061 ergo
437 2012 504 2049 sic:
531 2011 660 2049 Omnis
679 2011 826 2047 habitus
838 2011 1051 2058 perducens
1066 2009 1118 2046 ad
1130 2008 1394 2046 beatitudinem

326 2072 380 2103 est
391 2066 538 2103 habitus
550 2065 755 2102 secundum
776 2069 917 2100 rectam
934 2063 1119 2100 rationem
1134 2073 1314 2110 operans,·
1331 2062 1398 2099 sed

325 2120 443 2157 virtus
471 2124 524 2156 est
550 2117 765 2155 huiusmodi
789 2114 818 2163 ὃς
848 2128 942 2167 ergo
972 2124 1041 2153 etc.
1073 2114 1276 2152 Concludit
1304 2127 1395 2163 ergo

327 2173 432 2222 quod
451 2173 519 2209 iste
539 2171 690 2217 modus,
712 2170 776 2220 qui
796 2178 851 2207 est
870 2182 971 2207 nunc
991 2169 1200 2219 inquisituS‚
1223 2176 1279 2205 est
1297 2181 1396 2206 unus

326 2226 466 2264 modus
495 2224 719 2262 ostendendi
740 2224 841 2273 quod
867 2224 957 2272 quid
983 2228 1038 2260 est
1059 2235 1128 2272 per
1156 2221 1269 2268 aliud,
1291 2221 1396 2271 quod

327 2288 383 2317 est
402 2292 527 2317 causa.
558 2280 607 2316 Et
630 2277 735 2326 quod
764 2277 832 2314 iste
852 2277 993 2314 modus
1013 2276 1058 2313 sit
1079 2275 1312 2313 conveniens
1330 2288 1397 2324 pa-

326 2341 389 2379 tet,
405 2333 495 2381 quia
510 2344 666 2369 necesse
681 2339 748 2377 est,
765 2330 860 2367 sicut
879 2343 994 2379 supra
1010 2331 1030 2352 *
1047 2330 1190 2367 dictum
1207 2337 1273 2375 est,
1291 2329 1397 2378 quod

328 2387 492 2424 medium
521 2385 569 2422 ad
598 2385 841 2434 probandum
865 2384 970 2432 quod
1000 2384 1090 2432 quid
1111 2390 1166 2421 est
1194 2382 1399 2432 accipiatur

329 2440 455 2489 ipsum
475 2439 565 2488 quid
582 2444 649 2484 est,
667 2445 702 2474 et
717 2437 885 2474 similiter
904 2438 1067 2474 medium
1083 2438 1133 2474 ad
1152 2437 1398 2486 probandum

329 2493 455 2542 aliqua
486 2491 646 2541 propria
675 2490 880 2539 accipiatur
912 2491 1051 2540 aliquid
1085 2490 1294 2539 proprium.
1331 2490 1400 2526 Est

331 2554 458 2584 autem
475 2544 796 2582 considerandum
812 2543 929 2593 quod,
942 2556 1030 2580 cum
1046 2544 1137 2592 quid
1149 2549 1203 2580 est
1220 2542 1266 2580 sit
1285 2555 1400 2580 causa

331 2702 363 2727 ab
383 2702 441 2734 ipso
454 2700 520 2732 quid
533 2699 695 2724 distinctum:
709 2695 752 2722 καὶ
767 2699 846 2723 τοῦτο
861 2695 968 2730 (nempe
981 2693 1011 2722 τὸ
1028 2695 1124 2731 αἴτιον)
1139 2693 1154 2728 ἢ
1170 2693 1200 2722 τὸ
1215 2693 1279 2721 αὐτὸ
1294 2696 1403 2728 (nempe

331 2735 356 2762 τί
376 2734 441 2771 ἔστι)
457 2736 471 2768 ἦ
492 2732 570 2760 ἄλλο.
590 2735 651 2759 ideo
670 2739 765 2764 autem,
785 2738 814 2758 ut
833 2732 895 2757 mihi
914 2733 1029 2763 videtur,
1049 2733 1202 2757 Aristoteles
1219 2732 1279 2757 dixit
1297 2727 1318 2757 εἶ
1338 2729 1402 2762 ἔστι,

332 2781 384 2797 non
404 2777 489 2797 autem
510 2768 550 2795 ὅτι
567 2767 630 2799 ἔστι,
650 2770 710 2802 quia
728 2769 812 2794 voluit
830 2767 974 2801 significare
989 2775 1018 2792 se
1032 2768 1103 2800 loqui
1123 2768 1155 2792 de
1173 2767 1236 2799 quia
1249 2771 1288 2793 est
1301 2767 1402 2799 simpli-

331 2808 409 2838 citer,
430 2812 456 2832 et
474 2807 537 2831 haec
555 2803 719 2838 significatio,
739 2809 767 2829 ut
785 2804 869 2829 Waitz
888 2809 958 2829 recte
977 2803 1088 2834 notavit,
1107 2803 1243 2835 perspicua
1262 2808 1301 2828 est
1319 2803 1403 2835 magis

332 2851 380 2877 per
398 2838 420 2867 εἶ
438 2840 501 2872 ἔστι,
521 2849 601 2874 quam
619 2848 666 2873 per
686 2837 727 2865 ὅτι
745 2837 807 2864 ἔστι.

386 2877 412 2913 β)
436 2879 539 2903 Causae
550 2878 661 2910 formae
679 2879 707 2901 et
727 2875 864 2900 materiae.
878 2888 898 2895 ·-
911 2875 977 2899 BFI:
992 2881 1075 2899 causa
1094 2874 1133 2906 (B,
1149 2873 1255 2906 causae)
1275 2873 1405 2898 materiae

331 2918 358 2940 et
369 2916 495 2948 formae:
514 2913 554 2938 0:
573 2919 670 2938 causae
688 2911 817 2936 essentiae
835 2913 862 2935 ει
880 2910 1010 2935 materiae
1028 2910 1093 2942 (om.
1100 2910 1230 2942 formae).

387 2948 413 2984 γ)
435 2950 484 2974 Est
502 2955 584 2973 causa
602 2946 837 2972 talis.—-Addimus
857 2953 939 2971 causa
958 2953 989 2970 ex
1008 2945 1098 2975 codd-3
1118 2945 1151 2969 C:
1170 2951 1252 2970 causa
1267 2945 1306 2970 rei
1325 2944 1403 2975 talis;

332 2985 370 3010 D:
389 2987 428 3010 est
447 2984 518 3009 ratio
536 2990 618 3009 causa
638 2982 709 3007 talis.
722 2995 742 3001 -
756 2981 823 3006 Infra
842 2981 979 3014 (sequitur
997 2988 1035 3006 ex
1054 2980 1208 3005 necessitate
1225 2979 1350 3014 effectus)
1370 2980 1403 3005 F:

332 3020 452 3053 sequitur
470 3020 551 3045 etiam
568 3018 688 3052 effectum
708 3017 732 3042 l:
751 3017 872 3050 sequitur
883 3024 965 3042 causa
978 3016 1094 3050 effectus.
1114 3015 1188 3046 Quae
1201 3021 1262 3041 sunt
1280 3016 1403 3040 lectiones

333 3064 385 3081 non
404 3061 501 3086 rectae;
522 3056 575 3079 imo
594 3054 669 3079 lectio
689 3053 698 3077 l
717 3058 757 3077 est
775 3060 892 3077 erronea.

386 3090 412 3124 ὃ)
433 3091 522 3115 Virtus
535 3093 575 3115 est
589 3088 749 3114 huiusmodi.
758 3102 777 3107 -
786 3089 824 3112 A:
839 3087 924 3112 virtus
937 3091 977 3112 est
991 3087 1112 3112 habitus:
1126 3087 1172 3111 sed
1187 3094 1240 3111 non
1253 3091 1334 3117 recte,
1353 3086 1403 3111 nisi

334 3127 441 3152 addatur
459 3129 516 3155 etc.‚
535 3130 564 3150 ut
583 3124 798 3155 subintelligatur,
814 3123 964 3155 perducens
987 3123 1025 3148 ad
1043 3122 1245 3152 beatitudinem,
1265 3127 1342 3155 prout
1361 3129 1403 3147 ex-

333 3162 418 3195 plicite
436 3161 540 3195 ponitur
559 3168 573 3185 a
592 3161 627 3185 B:
647 3160 733 3184 virtus
751 3162 792 3183 est
809 3159 915 3183 habitus
933 3158 1086 3190 perducens
1103 3158 1141 3183 ad
1160 3158 1366 3187 beatitudinem,-
1380 3158 1402 3182 N

334 3205 455 3223 erronee:
475 3197 560 3222 virtus
585 3198 625 3221 est
647 3201 771 3227 operans.
785 3208 805 3213 —
819 3194 887 3219 Infra
905 3194 967 3227 (qui
991 3197 1032 3219 est
1054 3195 1141 3226 nunc)
1160 3194 1191 3218 F1
1210 3201 1263 3219 orn.
1285 3193 1331 3226 qui
1349 3196 1403 3223 est3

333 3233 443 3258 ABMO:
463 3232 509 3265 qui
528 3239 597 3256 nunc
616 3234 663 3256 est.

386 3270 409 3302 ε)
430 3268 516 3300 Ipsius
530 3274 585 3292 esse
604 3265 709 3292 res-P
724 3270 793 3290 earet
807 3272 870 3295 esse,
885 3265 956 3298 quod
971 3264 1091 3289 addimus
1106 3264 1150 3297 (cf.
1163 3272 1242 3297 supra
1262 3269 1288 3289 et
1306 3269 1359 3289 not.
1374 3264 1402 3297 α)

334 3311 364 3328 ex
377 3304 451 3328 codd.
466 3301 720 3332 ABDEGKMNQT;
736 3309 794 3326 cum
810 3301 906 3334 quibus
921 3301 951 3325 Fl
966 3305 992 3325 et
1005 3308 1027 3325 s.
1039 3308 1074 3325 m.
1086 3300 1118 3324 C:
1134 3307 1189 3325 esse
1203 3300 1286 3332 ipsius
1298 3300 1338 3325 rei
1344 3307 1353 3329 ,·
1367 3300 1403 3324 L:

334 3339 416 3371 ipsius
435 3338 475 3364 rei
492 3345 562 3367 esse5
576 3339 615 3362 H:
635 3344 691 3363 esse
709 3337 757 3366 rei,
778 3344 831 3361 om.
851 3335 1046 3368 ipsius.-lnfra
1064 3336 1171 3368 (Puta)
1190 3335 1224 3360 P:
1239 3336 1310 3361 Puta
1338 3335 1404 3368 quid

333 3378 373 3399 est
391 3375 501 3402 domus,-
514 3382 573 3398 cum
593 3373 676 3402 codd„
691 3379 745 3397 exc.
765 3372 830 3402 FHl,
851 3372 961 3404 legimus
981 3371 1054 3404 quod
1071 3371 1137 3404 quid
1159 3374 1212 3400 estu·
1230 3371 1261 3396 Fl
1281 3378 1403 3396 erronee:

335 3410 404 3434 Puta
423 3410 494 3442 quod
513 3409 617 3441 quidem
637 3409 731 3433 domus
750 3408 790 3440 (1,
806 3407 1012 3439 demonstratio)
1029 3409 1126 3439 potest.

386 3444 413 3479 ζ)
425 3445 469 3470 Sic
483 3452 548 3478 ergo
561 3444 698 3477 continget
707 3443 786 3476 quod,
796 3451 855 3468 cum
871 3448 945 3468 etc.-
955 3442 1046 3472 Codd„
1057 3450 1110 3467 exc.
1121 3441 1230 3467 BEOT:
1246 3442 1292 3468 Sic
1305 3442 1405 3475 igitur.-

335 3480 356 3504 B
369 3487 421 3504 om.
432 3479 686 3513 ergo.-ABCDEG:
701 3479 848 3511 contingit,·
862 3479 905 3503 Fl:
920 3478 1069 3506 concludit:
1082 3478 1119 3508 Q:
1134 3477 1403 3511 contingeret.-Pm-

335 3515 429 3547 positio
455 3515 525 3548 quod
550 3515 601 3540 sint
627 3515 711 3539 multa
735 3514 806 3547 quod
828 3514 893 3546 quid
915 3517 955 3539 εει
980 3514 1096 3538 eiusdem
1123 3513 1176 3542 rei,
1197 3513 1294 3538 novitio
1317 3517 1403 3545 potest

335 3550 421 3582 primo
440 3551 562 3583 adspectu
581 3550 660 3574 videri
685 3550 797 3574 absurda
804 3556 811 3579 3
831 3550 877 3574 sed
897 3549 1007 3573 absurda
1027 3557 1079 3573 non
1103 3553 1151 3580 est,
1170 3548 1223 3573 imo
1242 3554 1282 3573 est
1299 3548 1403 3573 verissi-

337 3593 380 3610 ma
410 3585 581 3610 Proculdubio
600 3593 660 3610 cum
680 3593 726 3610 ens
746 3590 771 3610 et
785 3592 867 3609 unum
886 3585 956 3609 idem
974 3584 1076 3609 realiter
1094 3584 1153 3615 sint,
1166 3591 1209 3609 res
1228 3584 1359 3616 quaelibet
1371 3591 1403 3608 eo

898 227 1284 266 POSTERIORUM
1311 226 1741 265 ANALYTICORUM
1769 228 1864 264 LIB.
1895 229 1927 264 II

1441 305 1559 354 ipsius
1580 319 1661 343 esse
1691 306 1744 343 rei
1771 312 1794 353 ⁸,
1824 306 2038 343 secundum
2063 307 2232 344 diversas
2258 320 2391 345 causas
2417 308 2513 345 eius-

1443 359 1532 395 dem
1561 359 1615 395 rei
1642 367 1767 408 potest
1794 359 2049 408 multipliciter
2077 359 2182 408 quod
2206 360 2299 408 quid
2328 369 2383 398 est
2418 362 2514 398 eius-

1443 411 1532 448 dem
1566 412 1620 449 rei
1657 412 1849 460 assignari.
1888 413 1985 449 Puta
2020 412 2124 461 quod
2159 413 2249 462 quid
2285 422 2340 451 est
2374 415 2514 451 domus

1442 472 1567 513 potest
1586 465 1706 514 accipi
1728 477 1798 514 per
1827 465 2156 514 comparationem
2176 466 2224 503 ad
2249 479 2404 504 causam
2433 480 2514 504 ma-

1442 517 1624 564 terialem,
1654 525 1696 554 ut
1725 518 1896 555 dicamus
1931 519 2036 567 quod
2072 527 2127 556 est
2145 519 2165 540 ’¹‘
2185 519 2328 569 aliquid
2356 533 2515 569 compo—

1443 570 1557 607 situm
1595 583 1641 607 ex
1673 571 1781 619 lignis
1810 579 1846 608 et
1872 572 2079 620 lapidibus;
2105 580 2141 609 et
2169 573 2284 609 etiam
2312 585 2382 621 per
2410 586 2515 610 com-

1443 623 1681 672 parationem
1698 624 1747 661 ad
1767 636 1923 661 causam
1942 625 2117 673 finalem,
2147 633 2189 662 ut
2208 626 2381 663 dicamus
2410 627 2516 676 quod

1445 683 1500 713 est
1524 677 1725 713 artificium
1750 685 2021 726 praeparatum
2050 679 2098 715 ad
2127 679 2376 716 habitandum
2401 681 2430 716 *.
2454 680 2516 716 Sic
2544 686 2553 695 ·

1445 741 1535 777 ergo
1566 730 1756 777 continget
1775 730 1892 778 quod,
1910 743 1998 767 cum
2018 730 2033 756 ζ
2056 731 2129 768 sint
2148 733 2267 768 multa
2291 733 2396 781 quod
2425 733 2517 782 quid

1446 790 1501 819 est
1516 782 1688 819 eiusdem
1709 783 1773 829 rei,
1796 782 1951 831 aliquod
1971 783 2123 820 illorum
2142 785 2415 823 monstrabitur
2432 792 2459 832 ⁷¹,
2482 794 2518 823 et

1445 835 1599 884 aliquod
1619 848 1699 872 non
1714 835 1996 882 monstrabitur,
2013 836 2082 873 sed
2096 846 2334 886 supponetur
2353 840 2384 875 ⁴.
2405 839 2517 876 Unde

1446 901 1525 925 non
1545 888 1715 936 sequitur
1729 889 1834 937 quod
1855 889 1901 925 sit
1918 889 2049 937 petitio
2067 889 2242 939 principii
2256 891 2286 937 ³¹³,
2307 891 2397 940 quia
2417 892 2519 929 aliud

1446 941 1551 989 quod
1571 942 1663 990 quid
1684 949 1740 978 est
1759 942 1996 991 supponitur,
2018 950 2055 979 et
2078 942 2180 980 aliud
2207 944 2403 992 probatur.
2434 946 2519 982 Nec

1446 1002 1575 1031 tamen
1591 1002 1647 1032 est
1664 995 1805 1032 modus
1819 995 2010 1044 probandi
2036 996 2143 1043 quod
2166 996 2258 1045 quid
2284 1005 2339 1034 est
2358 998 2519 1035 demon-

1446 1048 1609 1095 strative,
1639 1049 1707 1085 sed
1734 1048 1854 1096 logice
1883 1047 2149 1096 syllogizandi3
2185 1050 2275 1098 quia
2302 1063 2381 1087 non
2416 1052 2520 1088 suffi-

1447 1101 1587 1138 cienter
1613 1114 1684 1150 per
1710 1101 1786 1138 hoc
1816 1102 2002 1150 probatur
2033 1103 2139 1151 quod
2167 1102 2205 1140 id
2234 1104 2341 1152 quod
2367 1105 2518 1142 conclu-

1447 1154 1556 1202 ditur,
1586 1154 1632 1191 sit
1656 1155 1761 1204 quod
1784 1155 1876 1204 quid
1896 1162 1952 1191 est
1969 1154 2066 1192 illius
2095 1155 2148 1192 rei
2177 1155 2224 1193 de
2259 1169 2335 1206 qua
2368 1158 2519 1195 conclu-

1447 1208 1563 1255 ditur,
1594 1208 1661 1245 sed
1695 1209 1821 1245 solum
1854 1209 1960 1257 quod
1982 1207 2108 1245 *insit
2132 1208 2177 1245 ei.

2542 528 2552 536 ⁶
2563 534 2590 548 1-1:
2601 527 2665 555 quod
2674 528 2756 550 domus

2542 556 2645 575 est-nm:
2651 555 2757 582 aliquod.

2568 691 2734 708 nactnxumo·
2740 694 2748 710 t

2543 712 2731 735 inhabitandum.

2643 746 2658 775 ζ

2643 794 2659 817 η

2545 842 2555 850 ’
2566 841 2603 863 Cf.
2613 841 2666 863 lect.
2676 847 2699 869 v,
2710 848 2758 869 n.7.

2545 898 2557 910 ¹⁵
2571 898 2607 921 Cf.
2621 898 2652 920 ila.
2667 903 2717 921 not.
2731 906 2756 922 κ.

2547 1222 2556 1230 ·
2569 1221 2639 1249 Quod
2652 1228 2701 1244 om.
2710 1228 2734 1244 Α.

1499 1273 1537 1308 4.
1568 1261 1717 1298 Deinde
1750 1274 1838 1298 cum
1868 1261 1981 1298 dicit:
2019 1262 2102 1303 Quo
2130 1267 2257 1298 autem
2290 1263 2403 1300 modo
2436 1270 2519 1311 etc.‚
2551 1292 2554 1295 -

1447 1314 1610 1352 ostendit
1637 1314 1836 1363 quomodo
1865 1327 1935 1363 per
1967 1314 2333 1353 demonstrationem
2360 1317 2482 1365 possit
2500 1317 2520 1338 *

1447 1367 1567 1416 accipi
1596 1367 1615 1388 ’¹‘
1645 1368 1747 1416 quod
1773 1368 1864 1416 quid
1890 1373 1952 1404 est.
1992 1369 2042 1405 Et
2071 1368 2168 1405 circa
2200 1369 2276 1406 hoc
2306 1370 2384 1407 duo
2417 1370 2519 1407 facit:

1446 1420 1586 1469 primo,
1609 1421 1773 1458 ostendit
1796 1422 1996 1470 quomodo
2018 1421 2281 1466 manifestetur
2304 1423 2410 1472 quod
2429 1423 2522 1473 quid

1449 1480 1504 1510 est
1530 1485 1600 1522 per
1633 1473 2000 1511 demonstrationem
2033 1475 2071 1512 in
2101 1474 2306 1525 aliquibu83
2336 1477 2520 1526 secundo,

1449 1526 1611 1563 ostendit
1630 1527 1651 1547 ¹⁶
1670 1527 1777 1575 quod
1805 1539 1884 1563 non
1908 1535 1964 1564 est
1991 1527 2041 1564 ita
2069 1528 2108 1565 in
2136 1528 2337 1576 omnibus;
2362 1529 2430 1567 ibi:
2454 1531 2525 1568 Est

1448 1585 1574 1617 autem
1594 1580 1847 1628 quorumdam
1867 1580 1888 1601 *
1909 1587 1978 1617 etc.
2005 1580 2117 1617 Circa
2134 1581 2304 1629 primum
2328 1582 2398 1619 tria
2416 1584 2520 1622 facit:

1447 1633 1587 1682 primo,
1611 1632 1817 1682 praemittit
1844 1633 2036 1682 quaedam
2065 1646 2164 1683 quae
2193 1642 2281 1672 sunt
2308 1636 2522 1674 necessaria

1449 1687 1497 1724 ad
1515 1686 1757 1736 propositum
1778 1686 2079 1733 ostendendum;
2100 1688 2287 1736 secundo,
2308 1689 2524 1728 manifestat

1448 1740 1710 1790 propositum;
1739 1740 1811 1776 ibi:
1845 1740 2017 1782 Quorum
2047 1741 2164 1790 igitur
2181 1742 2363 1779 habemus
2383 1744 2403 1764 *
2423 1751 2520 1790 etc.;

1449 1794 1570 1840 tertio,
1593 1793 1771 1842 epilogat;
1792 1792 1864 1829 ibi:
1889 1794 2086 1835 Quomodo
2105 1795 2254 1842 quidem
2274 1796 2392 1846 igitur
2411 1798 2432 1818 *³
2451 1803 2520 1834 etc.

1507 1848 1539 1884 5.
1571 1847 1682 1883 Circa
1709 1846 1879 1895 primum
1906 1846 2112 1896 praemittit
2139 1847 2229 1894 tria;
2250 1861 2417 1898 quorum
2444 1850 2523 1900 pri-

1449 1912 1559 1937 mum
1589 1907 1644 1937 est
1672 1899 1909 1949 comparatio
1935 1901 2126 1949 quaedam
2155 1901 2274 1950 ipsius
2306 1903 2409 1951 quod
2433 1903 2526 1952 quid

1449 1959 1504 1990 est
1521 1954 1570 1990 ad
1590 1954 1783 2002 *propter
1809 1953 1909 2001 quid.
1940 1953 2040 1990 Dicit
2068 1966 2157 2002 ergo
2186 1955 2291 2003 quod
2315 1955 2364 1993 ad
2397 1963 2523 1994 osten·
2550 1968 2563 1979 ⁵

1450 2006 1622 2044 dendum
1650 2007 1850 2055 quomodo
1881 2006 2072 2055 contingat
2100 2007 2272 2056 accipere
2300 2009 2408 2057 quod
2431 2010 2524 2058 quid

1451 2068 1506 2097 est
1524 2072 1594 2109 per
1622 2059 1999 2106 demonstrationem,
2022 2068 2172 2109 oportet
2191 2061 2328 2098 iterum
2347 2074 2370 2099 a
2388 2062 2526 2112 princi-

1449 2114 1514 2163 pio
1537 2115 1556 2135 ’Β
1576 2125 1782 2151 resumere.
1804 2113 1878 2150 Ubi
1899 2113 2219 2151 considerandum
2239 2115 2402 2153 occurrit
2420 2117 2526 2166 quod

1451 2167 1648 2217 dupliciter
1661 2179 1702 2204 se
1721 2167 1836 2204 habet
1851 2167 1984 2215 aliquis
2001 2168 2021 2189 ’¹²
2040 2168 2089 2205 ad
2106 2169 2418 2216 cognoscendum
2436 2182 2525 2220 pro-

1451 2229 1535 2271 pter
1562 2221 1666 2270 quid.
1694 2220 1938 2269 Quandoque
1959 2221 2061 2258 enirn
2080 2222 2271 2259 habemus
2289 2223 2378 2271 quia
2398 2223 2437 2260 in
2456 2236 2524 2262 no-

1453 2282 1529 2312 stra
1548 2274 1775 2322 cognitione,
1797 2282 1833 2311 et
1851 2274 2072 2323 quaerimus
2091 2275 2217 2312 adhuc
2234 2284 2393 2325 propter
2415 2277 2523 2325 quid;

1452 2328 1686 2378 quandoque
1718 2335 1847 2365 autem
1881 2327 1992 2365 simul
2021 2329 2221 2366 manifesta
2251 2330 2271 2351 ²¹¹
2300 2338 2386 2367 sunt
2413 2331 2525 2368 nobis

1452 2390 1633 2430 utraque3
1662 2381 1814 2419 tertium
1839 2389 1968 2419 autem
1998 2390 2053 2419 est
2081 2382 2331 2432 impossibile,
2360 2391 2402 2421 ut
2430 2384 2524 2424 scili-

1454 2443 1513 2472 cet
1539 2435 1644 2484 prius
1673 2443 1878 2483 cognoscat
1905 2435 2039 2484 aliquis
2067 2435 2115 2473 de
2148 2436 2274 2485 aliqua
2302 2449 2342 2474 re
2369 2445 2528 2488 propter

1454 2489 1547 2537 quid
1566 2501 1683 2537 quam
1703 2488 1804 2537 quia.
1826 2489 1876 2525 Et
1894 2488 2064 2526 similiter
2091 2497 2146 2526 est
2165 2489 2213 2527 de
2234 2501 2280 2527 eo
2300 2490 2407 2539 quod
2434 2491 2527 2541 quid

1455 2550 1534 2579 erat
1562 2554 1662 2579 esse:
1692 2541 1783 2591 quia
1811 2541 2015 2591 aliquando
2044 2542 2186 2580 scimus
2215 2555 2297 2580 rem
2327 2555 2426 2592 esse,
2457 2556 2528 2582 nec

1456 2695 1514 2728 ipso
1532 2696 1604 2728 quod
1623 2703 1670 2720 ens
1693 2700 1748 2726 est,
1769 2695 1901 2728 propriam
1919 2694 1997 2720 habet
2014 2695 2164 2725 essentiam,
2183 2695 2281 2721 scillcet
2299 2697 2370 2729 quod
2389 2697 2452 2729 quid
2472 2702 2528 2729 est,

1456 2738 1508 2763 qua
1526 2731 1688 2755 constituitur
1701 2738 1754 2755 una
1772 2735 1798 2756 et
1813 2730 1921 2755 indivisa
1940 2730 1966 2755 in
1986 2737 2022 2760 se,
2038 2731 2119 2756 divisa
2133 2739 2148 2756 a
2160 2731 2277 2764 qualibet
2295 2732 2353 2758 alia.
2368 2732 2435 2757 Hinc
2452 2737 2529 2758 outo-

1456 2766 1540 2798 logice
1567 2766 1701 2798 loquendo
1720 2770 1849 2798 repugnat
1867 2766 1939 2798 quod
1958 2765 2033 2791 unius
2052 2766 2225 2800 eiusdemque
2238 2767 2275 2791 rei
2291 2767 2342 2792 sint
2356 2768 2438 2793 multa
2456 2768 2528 2801 quod

1456 2801 1522 2834 quid
1533 2804 1581 2826 est.
1597 2802 1645 2826 Hic
1663 2806 1750 2826 tamen
1765 2809 1817 2826 non
1836 2800 1984 2834 ontologice
2002 2801 2142 2834 loquimur,
2158 2802 2204 2827 sed
2220 2802 2303 2835 logice
2317 2808 2343 2827 et
2356 2803 2382 2828 in
2396 2803 2528 2829 exclusivo

1456 2837 1547 2861 ordine
1566 2837 1750 2870 syllogizandi:
1771 2836 1797 2861 in
1811 2844 1865 2869 quo
1883 2836 1975 2861 ordine
1994 2836 2116 2867 definitio,
2130 2845 2177 2862 seu
2195 2838 2268 2870 quod
2282 2838 2354 2871 quid,
2375 2843 2416 2863 est
2433 2839 2528 2872 princi-

1456 2872 1528 2905 pium
1549 2880 1596 2897 seu
1615 2872 1680 2897 ratio
1699 2877 1833 2904 assumpta
1847 2872 1873 2896 in
1888 2872 2048 2905 praemissis,
2062 2877 2091 2897 ut
2105 2873 2229 2903 medium,
2245 2874 2278 2898 ad
2292 2873 2453 2899 inferendam
2473 2875 2528 2907 syl-

1457 2907 1574 2940 logistice
1592 2907 1794 2932 conclusionem.
1810 2907 1935 2938 Quamvis
1955 2913 2042 2933 autem
2060 2916 2112 2933 una
2131 2908 2164 2933 sit
2178 2916 2255 2934 causa
2271 2909 2387 2934 formalis
2405 2910 2528 2935 uniuscu-

1456 2943 1550 2975 iusque
1568 2943 1613 2974 rei,
1628 2943 1720 2968 dantur
1738 2948 1825 2968 tamen
1840 2943 1904 2968 aliae
1923 2943 2040 2968 eiusdem
2055 2943 2091 2969 rei
2111 2951 2212 2974 causae,
2228 2945 2283 2970 sive
2302 2945 2457 2977 materiales,
2471 2946 2528 2971 sive

1457 2977 1604 3009 efficientes,
1624 2978 1680 3003 sive
1698 2977 1803 3003 finales:
1822 2986 1904 3011 quae,
1924 2983 1981 3003 esto
1999 2986 2051 3004 non
2071 2979 2229 3005 constituant
2247 2980 2283 3005 rei
2303 2981 2452 3011 essentiam,
2467 2985 2530 3006 sunt

1456 3019 1543 3039 tamen
1562 3014 1633 3039 ratio
1652 3022 1699 3047 per
1717 3021 1796 3047 quam
1816 3014 1927 3039 essentia
1946 3014 2002 3047 ipsa
2021 3015 2177 3045 declaratur,
2192 3020 2222 3040 ut
2240 3016 2265 3040 in
2284 3020 2421 3049 assumpto
2440 3023 2527 3041 exem-

1456 3050 1501 3082 plo
1515 3050 1547 3074 de
1561 3050 1640 3074 domo
1653 3049 1801 3074 manifestat
1815 3057 1837 3075 s.
1849 3049 1966 3074 Thomas
1981 3049 2031 3082 (Cf.
2046 3050 2104 3075 lect.
2118 3058 2175 3083 seq.
2185 3055 2211 3076 et
2224 3050 2268 3076 lib.
2283 3051 2300 3081 1,
2316 3052 2374 3076 lect.
2384 3059 2434 3082 xvx,
2448 3059 2475 3077 n.
2491 3050 2528 3084 5).

1457 3085 1515 3116 Qua
1529 3086 1562 3110 de
1575 3092 1604 3110 re
1618 3093 1680 3118 prae
1693 3085 1776 3110 oculis
1792 3084 1910 3110 habenda
1924 3090 1964 3110 est
1978 3086 2036 3110 lect.
2051 3093 2107 3118 seq.
2123 3094 2148 3111 n.
2166 3094 2188 3117 1,
2203 3086 2341 3119 praecipue
2350 3094 2415 3112 vero
2426 3087 2484 3112 lect,
2490 3089 2528 3118 ιι,

1456 3121 1482 3145 in
1501 3128 1553 3154 qua
1571 3129 1602 3146 ex
1620 3120 1740 3154 professo
1759 3120 1909 3153 expenditur
1927 3121 2061 3154 quomodo
2080 3121 2156 3146 unius
2176 3121 2347 3155 eiusdemque
2366 3122 2403 3148 rei
2426 3122 2529 3155 possint

1457 3164 1517 3182 esse
1535 3156 1653 3182 diversae
1672 3163 1778 3186 causae,
1798 3161 1824 3181 et
1843 3156 1976 3189 quomodo
1995 3156 2112 3182 diversae
2131 3157 2194 3183 istae
2209 3165 2302 3182 causae
2320 3162 2487 3183 assumantur
2499 3162 2530 3183 ut

1457 3193 1572 3217 medium
1591 3191 1819 3217 demonstrationis
1838 3192 1863 3216 in
1883 3192 1961 3217 rebus
1981 3191 2099 3217 diversis.
2113 3193 2186 3218 Hanc
2205 3200 2228 3218 s.
2246 3192 2528 3218 'rhomae-doctrinam

1456 3227 1534 3252 refert
1552 3233 1629 3260 atque
1648 3227 1774 3260 approbat
1792 3228 1884 3252 Scotus
1904 3228 1929 3252 in
1948 3227 1969 3252 11
1987 3227 2091 3253 Foster.
2107 3227 2158 3258 Qu.
2173 3235 2220 3253 Lv:
2234 3227 2311 3254 Sicut
2324 3228 2390 3254 dicit
2408 3228 2529 3260 Exposi-

1457 3267 1527 3289 tor...
1542 3263 1673 3288 Similiter
1690 3263 1740 3288 hoc
1758 3262 1879 3288 declarat
1897 3263 2049 3295 Expositor
2062 3270 2115 3295 per
2132 3263 2294 3296 exemplum.
2311 3264 2469 3297 Exemplum
2487 3268 2528 3289 est

1455 3299 1518 3324 illud
1538 3299 1571 3324 de
1590 3299 1676 3329 domo,
1696 3299 1732 3323 uti
1752 3298 1904 3331 proponitur
1923 3298 1949 3323 in
1968 3298 2082 3324 cit.1ect.
2102 3306 2145 3324 ενι
2163 3299 2239 3331 primi
2253 3299 2334 3324 Libri.
2348 3299 2402 3324 Sub
2422 3299 2528 3324 nomine

1458 3334 1632 3367 Expositoris
1646 3334 1796 3366 designatur
1814 3341 1836 3359 s.
1851 3333 1968 3359 Thomas
1982 3331 2025 3367 (cf.
2039 3334 2048 3359 l
2068 3334 2166 3364 Perrh„
2182 3335 2239 3359 lect.
2253 3342 2271 3365 1,
2286 3340 2340 3360 not.
2352 3342 2369 3368 γ
2387 3333 2447 3368 fin.)
2462 3334 2529 3359 sicut

1458 3370 1609 3395 nominatim
1627 3370 1653 3395 in
1671 3370 1681 3394 1
1701 3369 1754 3400 lib„
1768 3377 1813 3402 qu.
1825 3377 1880 3400 xvi,
1899 3374 2007 3394 vocatur
2029 3369 2144 3395 Thomas
2162 3370 2312 3402 expositor.

1510 3405 1537 3439 η)
1556 3405 1674 3438 Aliquod
1689 3405 1795 3431 illorum
1811 3405 2005 3430 monstrabitur·
2019 3404 2375 3431 etc.—BDEFGlKLMOST
2389 3404 2427 3437 (et
2439 3403 2471 3439 C)
2486 3403 2526 3429 bis

1457 3441 1552 3466 habent
1561 3441 1672 3474 aliquid,
1684 3441 1743 3465 loco
1754 3441 1802 3465 τοῦ
1814 3441 1925 3472 aliquod
1929 3447 1938 3470 ,·
1951 3445 1977 3465 et
1989 3448 2091 3470 omnes,
2102 3448 2156 3466 exc.
2170 3440 2207 3471 Q,
2220 3441 2332 3466 istorum
2342 3448 2392 3474 pro
2405 3440 2527 3467 morum:

1457 3477 1503 3502 AN
1522 3482 1548 3502 et
1566 3485 1592 3509 p.
1606 3484 1641 3501 m.
1656 3476 1677 3501 C
1695 3484 1748 3501 om.
1763 3479 1790 3501 et
1807 3475 1918 3509 aliquod
1936 3483 1988 3502 non
2009 3476 2216 3506 monstrabitur-‚-
2234 3477 2258 3501 H
2273 3474 2315 3509 (et
2333 3477 2356 3500 Α
2369 3483 2392 3501 s.
2406 3475 2458 3507 m.)
2471 3481 2525 3499 om.

1458 3512 1650 3538 monstrabitur
1668 3515 1695 3537 et
1713 3511 1823 3544 aliquod
1829 3518 1838 3540 ,·
1861 3511 1900 3542 Q;
1921 3511 2025 3544 aliquid
2043 3511 2150 3537 illorum
2169 3515 2195 3537 ει
2213 3511 2316 3544 aliquid
2334 3509 2526 3536 monstrabitur

1457 3551 1483 3573 et
1501 3548 1604 3580 aliquid
1622 3555 1674 3572 non
1694 3547 1963 3572 monstrabitura-FI
1982 3552 2008 3572 et
2026 3555 2051 3581 p.
2066 3555 2102 3572 m.
2116 3547 2148 3578 K,
2166 3547 2232 3572 intre
2256 3547 2378 3571 omittunt
2396 3551 2447 3570 non
2467 3548 2526 3569 ante

1456 3583 1592 3616 sequitur:
1608 3583 1655 3608 sed
1670 3588 1710 3608 est
1723 3582 1832 3608 omissio
1851 3589 1967 3608 erronea.

2547 1324 2559 1335 ¹⁵
2568 1324 2652 1351 Codd.‚
2661 1331 2711 1347 exc.
2721 1331 2762 1352 Q.-

2549 1362 2560 1367 -
2571 1357 2596 1372 a:
2608 1353 2698 1379 potest.

2548 1384 2600 1431 ᾆίιιε
2612 1382 2762 1405 demonstra-

2548 1541 2650 1564 ⁸Codd.-
2655 1544 2764 1565 moslen-

2549 1569 2624 1591 ditur.

2548 1599 2560 1610 “
2573 1599 2637 1622 Leet.
2647 1606 2698 1629 seq.

2547 1754 2559 1766 ⁸
2573 1754 2647 1778 Num.
2660 1755 2683 1777 8.

2549 1809 2561 1817 “
2575 1808 2648 1831 Νιιιιι.
2661 1814 2686 1837 9.

2553 2125 2562 2134 ·
2573 2129 2594 2145 n
2603 2128 2653 2145 om.
2662 2128 2678 2145 a
2687 2123 2770 2152 princ.

2552 2181 2564 2192 ⁸
2573 2180 2650 2203 codd.
2661 2192 2672 2198 -
2682 2187 2710 2203 r:
2720 2180 2768 2203 ati-

2552 2207 2617 2236 quid.

2550 2339 2562 2351 ⁸
2577 2339 2662 2367 codd„
2672 2345 2721 2362 exc.
2732 2345 2768 2366 οα

2550 2372 2591 2388 ro:
2602 2366 2771 2396 manifestata,-

2552 2399 2592 2441 ἓαί
2608 2393 2770 2442 ἓὲῗἺζξῗῖὟϊ.

2552 2452 2601 2468 om.
2616 2445 2691 2470 nobie.

2778 3739 2788 3774 ‘um
2774 3693 2788 3733 {A
2781 3654 2788 3686 -.ι
2786 3624 2788 3629 „
