2788 4204
90 616 166 638 'Dua
174 622 220 638 om.
227 616 305 642 codd.‚

91 649 141 664 exc.
151 649 172 664 ε.

93 777 103 787 ‘⁸
112 776 187 798 Codd.
195 787 203 791 -
212 782 238 796 p:
260 781 305 796 non

92 803 150 824 insit
162 803 196 823 B:
210 802 284 829 accip.

94 831 104 854 ἴ
112 829 186 850 Codd.
195 835 235 850 -Ρε
245 828 305 849 acci-

91 856 193 883 piamus.

92 929 102 939 ⁸
118 935 132 949 ο
140 936 144 949 :
160 928 266 949 sumitur.

96 983 105 993 ’
111 988 140 1003 ΑΒ
148 988 153 1003 :
162 980 306 1008 comprehen-

92 1014 150 1030 sum.

190 1034 204 1067 β

331 199 403 234 302

331 282 519 322 strationis
539 282 734 330 negativae
757 290 792 318 et
812 282 982 319 ducentis
1011 282 1059 319 ad
1080 282 1326 330 impossibile.
1358 284 1399 320 Si

333 349 422 384 ergo
452 335 655 385 accipiatur
684 336 788 384 quod
816 338 850 372 A
878 336 916 372 in
945 336 1046 372 nullo
1076 336 1106 371 B
1136 335 1199 382 sit,
1231 343 1266 372 et
1293 336 1324 372 B
1354 336 1400 373 sit

331 391 369 428 in
389 390 494 426 omni
525 391 568 437 C,
599 397 634 426 et
655 389 900 426 concludatur
919 391 953 425 A
981 401 1061 425 esse
1082 388 1120 425 in
1140 389 1243 425 nullo
1265 390 1308 437 C,
1332 390 1400 427 erit

334 443 604 482 demonstratio
634 442 818 490 negativa.

389 499 422 534 3.
452 497 600 534 Deinde
630 508 717 533 cum
747 495 850 532 dicit:
886 496 991 537 Quae
1009 507 1099 531 vero
1120 501 1174 531 est
1194 496 1247 532 ad
1263 497 1398 544 impos-

332 551 436 588 sibile
465 559 546 596 etc.,
576 549 789 587 manifestat
822 561 919 598 quae
949 548 994 585 sit
1026 548 1300 586 demonstratio
1331 550 1398 587 du-

334 617 423 641 cens
443 604 463 624 ’²‘
484 604 531 640 ad
550 602 793 652 impossibile.
820 604 869 638 Et
889 601 978 638 dicit
998 602 1102 651 quod
1124 603 1398 640 demonstratio

335 659 476 695 ducens
505 656 552 693 ad
581 655 812 705 impossibile
854 657 929 692 hoc
957 655 1076 692 modo
1112 669 1152 693 se
1187 657 1312 694 habet.
1345 657 1400 694 Sit

333 712 383 748 ita
403 710 506 759 quod
526 716 699 758 oporteat
727 709 988 746 demonstrare
1018 709 1124 758 quod
1143 712 1177 746 A
1197 723 1275 748 non
1296 710 1342 747 sit
1360 711 1399 747 in

333 766 380 811 B,
404 770 439 799 et
458 764 477 783 *
507 763 737 811 accipiamus
758 763 977 812 oppositum
998 763 1078 800 eius
1104 765 1209 812 quod
1233 764 1397 813 probare

332 817 523 864 volumus,
553 816 692 853 scilicet
729 828 840 853 omne
872 819 908 853 Β
926 823 981 853 εει
1005 818 1058 863 A,
1090 825 1125 854 et
1153 817 1358 867 accipiatur
1378 818 1397 838 ²⁸

333 870 435 919 quod
464 870 494 905 B
524 870 569 906 sit
596 869 635 906 in
664 870 695 906 C
723 882 792 919 per
819 871 918 907 hanc
942 870 1256 920 propositionem,
1287 883 1399 908 omne

337 925 370 960 C
393 929 447 959 est
472 924 526 967 B‚·
554 935 599 960 ex
619 924 756 972 quibus
776 924 945 974 sequitur
966 926 986 946 ’⁸‘
1005 925 1211 973 conclusio,
1232 937 1344 962 omne
1368 926 1401 962 C

331 982 385 1013 est
409 977 466 1013 A:
492 984 528 1013 et
555 977 601 1014 sit
628 978 678 1014 ita
707 979 812 1026 quod
840 986 975 1015 notum
1005 978 1051 1015 sit
1071 986 1106 1015 et
1130 991 1355 1016 concessum
1377 980 1396 1000 '³‘

332 1030 433 1079 apud
467 1043 602 1067 omnes
636 1032 742 1080 quod
769 1033 844 1068 hoc
879 1039 933 1070 est
961 1032 1194 1082 impossibile
1214 1032 1242 1070 β.
1274 1034 1323 1069 Et
1352 1045 1397 1070 ex

330 1084 405 1120 hoc
425 1084 687 1122 concludimus
714 1086 880 1134 primam
903 1086 1207 1135 propositionem
1228 1099 1309 1124 esse
1331 1087 1394 1124 fal-

331 1150 425 1185 sam,
456 1138 595 1175 scilicet
623 1151 734 1176 omne
761 1142 796 1176 Β
823 1146 877 1176 εει
893 1140 940 1176 Α.
967 1140 1016 1176 Et
1038 1139 1089 1176 ita
1114 1140 1303 1189 oportebit
1334 1142 1396 1177 vel

332 1192 437 1240 quod
465 1191 609 1229 nullum
638 1195 673 1229 B
699 1194 747 1230 sit
771 1194 818 1239 A,
843 1194 905 1230 vel
924 1194 1056 1230 saltem
1082 1194 1187 1242 quod
1206 1194 1394 1242 quoddam

304 1286 307 1289 Δ
330 1247 365 1281 Β
393 1258 467 1282 non
495 1246 542 1282 sit
568 1247 614 1282 A.
647 1246 723 1283 Sed
751 1247 826 1283 hoc
854 1254 983 1284 tamen
1011 1247 1296 1295 intelligendum
1326 1255 1393 1295 est,

92 1365 102 1374 ⁴·
110 1370 124 1385 o
133 1370 216 1386 erron.:
226 1365 249 1385 si
258 1371 303 1386 mm

91 1391 249 1419 manifestum.

91 1419 99 1426 ⁴
119 1424 144 1438 L:
165 1418 226 1439 hanc
244 1423 303 1445 pro-

87 1444 229 1471 positionem
244 1450 305 1465 esse.

189 1481 205 1506 Υ

34 1596 38 1600 ,
91 1578 99 1585 ·
109 1576 216 1598 Conclus.
226 1583 273 1598 om.
281 1584 302 1598 A.

89 1630 98 1639 ⁸
112 1635 171 1654 HLQ:
186 1629 262 1651 altera
269 1637 278 1655 ,·
288 1636 302 1650 ι)

87 1661 111 1693 p.
122 1662 153 1677 m.
164 1662 211 1677 om.

112 1682 176 1703 Lect.
195 1689 272 1708 xxvii,

89 1715 153 1736 seqq.
169 1721 179 1725 -
195 1715 209 1730 ο
225 1715 272 1730 om.

87 1741 170 1762 supra.

85 1899 95 1909 ⁴*
101 1905 127 1920 0:
137 1899 296 1925 similitudine,

86 1929 107 1946 et
121 1931 169 1947 om.
179 1925 268 1951 ordin.;
283 1933 296 1947 B

86 1958 134 1973 om.
149 1952 227 1974 simili.

83 2219 92 2228 ⁶
107 2218 176 2246 Prop.
189 2225 235 2240 om.
251 2226 274 2241 o.

181 2427 195 2452 δ

81 2482 159 2504 ‘Haec
165 2484 293 2507 om.codd..

83 2515 131 2530 cxc.
147 2516 185 2530 uo.

180 2595 189 2610 Ε

76 2855 87 2865 '
101 2855 153 2876 Hoc
167 2861 215 2876 orn.
225 2861 246 2876 ι..

331 1299 435 1347 quod
464 1299 632 1348 sequitur
659 1301 695 1336 A
723 1312 796 1340 non
826 1313 905 1337 esse
935 1301 973 1337 in
1002 1302 1056 1345 B,
1091 1301 1245 1349 quando
1275 1301 1394 1337 mani-

330 1353 468 1390 festum
490 1360 544 1389 est
562 1355 598 1389 Β
616 1365 693 1390 εεεε
712 1354 748 1390 in
774 1354 825 1390 C:
846 1354 934 1403 quia
953 1354 982 1390 si
999 1355 1017 1372 ⁴‘
1033 1353 1276 1390 manifestum
1298 1362 1396 1391 esset

329 1407 429 1443 hanc
448 1407 468 1428 '¹‘
484 1419 564 1442 esse
585 1407 729 1454 falsam,
760 1419 870 1443 omne
903 1408 936 1444 C
960 1412 1013 1443 est
1038 1408 1094 1452 A,
1126 1414 1162 1443 et
1189 1419 1268 1443 non
1297 1415 1395 1444 esset

330 1460 573 1497 manifestum
588 1465 603 1487 ⁷
617 1461 716 1496 hanc
736 1472 816 1496 esse
836 1472 981 1507 veram,
998 1471 1110 1496 omne
1134 1461 1167 1496 C
1182 1466 1237 1497 est
1251 1462 1298 1506 B,
1315 1473 1393 1498 non

332 1522 430 1550 esset
456 1526 524 1562 per
553 1525 789 1562 consequens
819 1514 1060 1550 manifestum
1089 1514 1188 1550 hanc
1218 1526 1299 1550 esse
1328 1514 1392 1550 fal—

330 1579 424 1614 sam,
441 1579 552 1603 omne
570 1568 604 1602 B
622 1572 677 1603 est
692 1567 746 1611 A,·
762 1567 850 1615 quia
865 1567 1003 1604 falsitas
1024 1566 1277 1603 conclusionis
1291 1567 1311 1588 *
1324 1579 1393 1616 po-

329 1627 423 1656 terat
440 1619 647 1669 procedere
674 1632 718 1655 ex
737 1621 912 1657 alterutra
926 1621 946 1642 *
959 1620 1269 1669 praemissarum,
1286 1628 1328 1657 ut
1348 1633 1393 1657 ex

328 1685 443 1720 supra
463 1675 481 1692 ⁹⁶*
503 1673 608 1709 dictis
635 1680 748 1722 patet.

379 1738 415 1772 4.
455 1726 603 1763 Deinde
642 1739 730 1763 cum
766 1726 869 1763 dicit:
908 1726 1078 1763 Termini
1109 1726 1258 1775 quidem
1290 1727 1391 1764 simi-

325 1779 408 1815 liter
437 1787 518 1826 etc.,
549 1780 739 1817 concludit
763 1780 1090 1829 comparationem
1110 1780 1306 1829 utriusque
1327 1780 1391 1817 de-

325 1833 609 1870 monstrationis
628 1833 992 1882 praemanifestatae.
1010 1834 1059 1870 Et
1077 1833 1202 1882 primo
1229 1834 1393 1870 ostendit

324 1885 362 1922 in
391 1899 467 1935 quo
502 1887 754 1933 conveniunt,
791 1887 879 1935 quia
913 1887 951 1923 in
985 1886 1134 1923 simili*
1153 1886 1390 1924 ordinatione

324 1939 585 1977 terminorum.
617 1941 720 1976 Nam
749 1939 844 1976 sicut
867 1940 905 1978 in
926 1939 1248 1977 demonstratione
1278 1952 1390 1988 nega-

323 1992 400 2029 tiva
429 1993 608 2042 accipitur
636 1995 666 2030 B
696 1993 868 2030 medium
896 1994 993 2030 inter
1020 1995 1054 2029 A
1085 2000 1120 2030 et
1140 1994 1188 2041 C,
1217 1994 1268 2030 ita
1287 1993 1324 2030 in
1346 2006 1390 2030 ea

324 2058 421 2094 quae
442 2046 543 2083 ducit
562 2047 611 2084 ad
635 2046 879 2095 impossibile.
902 2047 1081 2084 Secundo
1108 2055 1236 2084 autem
1265 2055 1389 2084 osten-

324 2099 377 2136 dit
406 2099 673 2146 differentiam,
704 2100 792 2149 quia
821 2100 946 2137 differt
973 2101 1011 2137 in
1039 2108 1198 2149 utraque
1229 2100 1388 2138 demon—

323 2153 501 2190 stratione
518 2166 615 2203 quae
631 2154 805 2201 negativa
819 2154 1030 2203 propositio
1046 2154 1097 2191 sit
1111 2154 1247 2201 notior,
1259 2162 1387 2191 utrum

323 2206 461 2243 scilicet
480 2207 548 2244 ista
567 2207 777 2256 propositio
795 2209 826 2255 *,
848 2207 991 2244 nullum
1021 2209 1056 2244 B
1079 2214 1134 2244 est
1158 2209 1205 2253 A,
1222 2208 1283 2244 vel
1305 2207 1385 2255 ista,

322 2260 466 2297 nullum
500 2262 533 2297 C
552 2267 606 2297 est
631 2262 685 2298 A:
714 2261 802 2309 quia
822 2261 860 2298 in
881 2261 1204 2298 demonstratione
1225 2261 1387 2298 ducente

323 2313 371 2350 ad
404 2314 635 2363 impossibile
674 2314 854 2363 accipitur
888 2314 957 2351 ista
985 2315 1217 2364 propositiO,
1253 2316 1286 2352 C
1311 2326 1385 2351 non

322 2372 376 2403 εει
401 2368 454 2413 A,
484 2375 525 2404 ut
553 2367 694 2413 notior;
725 2367 814 2416 quia
843 2380 887 2404 ex
915 2369 989 2405 hoc
1024 2369 1129 2417 quod
1164 2376 1219 2405 est
1246 2369 1282 2405 A
1311 2380 1385 2405 non

322 2431 399 2456 esse
427 2421 463 2456 in
498 2421 532 2457 C
556 2418 585 2465 δ,
616 2421 824 2458 ostenditur
851 2422 887 2457 A
921 2434 993 2458 non
1027 2434 1104 2458 esse
1132 2422 1169 2459 in
1198 2423 1253 2467 B,
1281 2421 1385 2458 unde

321 2473 416 2509 haec
444 2474 478 2519 ³¹²,
514 2475 547 2510 C
572 2487 646 2510 non
684 2480 738 2511 est
767 2475 823 2521 A,
863 2475 1024 2511 sumitur
1056 2483 1098 2512 ut
1130 2475 1266 2512 notior.
1307 2474 1385 2511 Sed

322 2526 475 2574 quando
505 2526 565 2563 illa
599 2539 696 2576 quae
725 2527 878 2576 ponitur
905 2535 947 2564 ut
978 2528 1188 2576 praemissa
1211 2528 1249 2565 in
1273 2529 1383 2577 syllo-

321 2579 455 2627 gismo,
477 2580 657 2629 accipitur
683 2588 725 2616 ut
753 2581 877 2617 notior
896 2586 918 2627 ¹,
948 2588 1037 2617 tunc
1064 2589 1119 2618 est
1148 2582 1383 2619 demonstra-

320 2632 408 2680 tiva,
438 2633 534 2670 idest
562 2633 753 2670 ostensiva
782 2634 1054 2670 demonstratio
1083 2635 1269 2682 negativa.

378 2687 409 2723 5.
449 2686 597 2723 Deinde
642 2699 730 2723 cum
775 2687 882 2724 dicit:
918 2687 1072 2724 Natura
1116 2694 1241 2724 autem
1274 2687 1386 2736 prior

320 2745 374 2775 est
387 2747 468 2786 etc.,
486 2740 650 2777 ostendit
662 2740 902 2789 propositum
918 2740 992 2776 hoc
1007 2740 1138 2777 modo.
1157 2742 1229 2778 Ista
1243 2753 1384 2789 propo-

320 2792 421 2840 sitio,
438 2795 473 2829 B
496 2805 570 2830 non
595 2799 649 2830 est
669 2794 721 2840 A,
748 2801 803 2830 est
821 2793 1037 2830 naturaliter
1054 2794 1160 2843 prior
1178 2806 1295 2843 quam
1314 2793 1384 2830 ista

318 2843 549 2895 propositio,
575 2847 608 2883 C
624 2859 698 2884 non
719 2853 773 2884 est
788 2848 835 2884 A.
858 2848 906 2884 Et
924 2847 999 2883 hoc
1014 2847 1034 2868 *
1054 2847 1192 2896 probat
1210 2859 1278 2896 per
1297 2847 1382 2894 hoc,

370 2993 395 3028 β)
412 2995 490 3025 Quod
504 2995 552 3020 hoc
565 2999 603 3020 est
616 2995 774 3027 impossibile
784 3001 858 3020 etc.-
868 2996 997 3021 Addimus
1007 2997 1055 3022 hoc
1066 3005 1095 3022 ex
1106 2996 1299 3021 codicibus.—-C
1314 2996 1386 3021 addit

315 3030 340 3054 in
360 3031 474 3062 margine
493 3031 633 3063 superiori:
652 3031 752 3056 scilicet
770 3039 846 3056 omne
869 3032 892 3056 C
910 3035 949 3057 est
966 3034 998 3057 A.
1015 3033 1088 3062 Quae
1107 3037 1168 3057 nota
1187 3032 1336 3065 explicativa
1350 3032 1382 3057 ad

314 3070 411 3090 textum
431 3074 483 3090 non
503 3067 646 3098 pertinet.—
662 3067 686 3092 O
705 3067 783 3092 verba
802 3070 828 3092 et
846 3067 882 3092 sit
901 3068 939 3092 ita
957 3068 1050 3092 omittit
1068 3075 1153 3100 usque
1177 3068 1208 3092 ad
1227 3071 1266 3093 est
1285 3068 1381 3100 impos-

314 3101 387 3126 sibile
406 3102 566 3126 inclusive.—
578 3102 668 3133 Codd.,
689 3109 741 3127 exc.
756 3103 790 3126 13:
811 3103 847 3127 Et
865 3110 902 3127 ex
918 3103 966 3128 hoc
988 3103 1173 3128 concludemus
1180 3110 1188 3131 ,·
1208 3104 1227 3128 P
1246 3111 1299 3128 orn.
1315 3110 1381 3135 pro-

310 3137 477 3168 positionem,
498 3137 568 3170 quod
587 3137 706 3162 addimus
723 3145 754 3162 ex
773 3138 913 3163 codicibus.
924 3137 1030 3169 AELM,
1049 3147 1074 3171 p.
1085 3147 1120 3163 m.
1140 3138 1207 3164 CDN
1228 3144 1253 3164 et
1271 3147 1292 3164 s.
1308 3147 1343 3164 m.
1357 3139 1379 3163 Κ

313 3179 435 3197 erronee:
450 3179 504 3198 esse
519 3180 624 3202 veram,·
639 3173 688 3197 OT
703 3178 728 3198 et
747 3181 768 3197 s.
784 3181 819 3198 m.
833 3174 867 3198 C:
887 3181 938 3198 non
963 3181 1018 3199 esse
1033 3181 1139 3203 veram,·
1154 3174 1179 3205 Q
1197 3182 1311 3207 corrup.:
1325 3181 1381 3200 esse

306 3207 426 3239 firmam,
442 3216 490 3240 pro
504 3215 559 3233 esse
570 3209 682 3242 salsam.
702 3209 736 3233 B:
751 3209 788 3233 Et
797 3216 835 3234 ex
847 3209 895 3234 hoc
909 3210 1112 3235 excludet-emus
1121 3210 1263 3242 propriam
1269 3217 1379 3243 propos.

312 3249 366 3267 esse
376 3251 502 3268 veram.—
514 3244 663 3268 Retinernus
675 3244 779 3277 salsam
799 3252 857 3268 cum
878 3245 928 3275 Hs,
944 3253 969 3278 p.
984 3253 1019 3270 m.
1033 3247 1056 3271 K
1076 3250 1101 3270 et
1121 3254 1142 3270 s.
1157 3254 1192 3270 m.
1207 3245 1262 3270 DN.

364 3279 390 3312 γ)
412 3280 447 3303 Et
466 3286 517 3303 non
533 3282 600 3304 esset
623 3280 802 3313 manifestum.
824 3294 843 3298 -
862 3280 958 3311 Codd.,
981 3289 1034 3305 exc.
1050 3281 1082 3306 H.
1097 3282 1155 3306 PH:
1178 3284 1205 3306 ει
1222 3281 1246 3306 εἰ
1267 3288 1319 3306 non
1339 3288 1379 3306 εε-

311 3317 349 3338 set
368 3319 424 3344 etc.;
441 3315 465 3344 Q
483 3323 535 3339 om.
555 3315 919 3346 et.-ABCDELMNOQST:
939 3324 1015 3341 omne
1030 3317 1054 3341 Β
1069 3317 1124 3349 (Μ,
1143 3324 1221 3342 omne
1240 3317 1282 3349 D)
1302 3319 1342 3342 est
1358 3317 1382 3342 C

312 3348 358 3379 (A,
378 3353 416 3374 est
435 3350 513 3382 AC),
538 3358 589 3375 non
610 3353 677 3375 esset
695 3355 743 3375 etc.
764 3351 786 3375 K
811 3359 836 3383 p.
851 3359 886 3376 m.
907 3351 967 3384 legit
986 3359 1046 3376 cum
1065 3353 1101 3381 A,
1122 3352 1168 3377 sed
1193 3352 1327 3385 corrigitur
1350 3358 1378 3377 ut

311 3384 364 3414 PH,
378 3390 403 3409 et
421 3385 502 3410 bene:
517 3394 577 3410 nam
597 3385 761 3411 manifestum
782 3392 821 3411 est
840 3394 870 3411 ex
889 3387 1102 3419 praecedentibus
1122 3388 1193 3420 quod
1218 3387 1304 3412 minor
1323 3388 1377 3420 syl—

310 3419 421 3451 logismi,
437 3420 467 3444 de
487 3429 537 3453 qua
556 3421 646 3453 agitur,
662 3429 713 3446 non
733 3426 772 3446 est
791 3429 867 3447 omne
886 3423 910 3447 B
928 3426 967 3448 est
988 3424 1015 3452 C,
1032 3423 1078 3447 sed
1097 3430 1174 3448 omne
1195 3423 1218 3448 C
1232 3427 1272 3448 est
1291 3423 1323 3448 B.

1425 3387 1653 3419 praemissarum,·
1673 3387 1713 3412 M:
1731 3387 1836 3420 aliquid
1849 3387 2128 3419 praemissarum-P
2148 3392 2173 3413 et
2196 3388 2287 3413 codd.:
2307 3394 2359 3413 non

915 197 1301 235 POSTERIORUM
1329 199 1760 240 ANALYTICORUM
1787 204 1881 241 LIB.
1914 206 1940 241 1.

1447 282 1562 331 quod
1579 283 1801 332 praemissa,
1819 296 1865 320 ex
1885 284 2022 332 quibus
2042 284 2198 323 infertur
2218 287 2424 336 conclusio,
2442 297 2528 327 sunt

1456 336 1673 373 naturaliter
1686 338 1815 385 priora
1831 338 2087 375 conclusione.
2107 339 2184 376 Sed
2203 339 2242 376 in
2262 341 2395 379 ordine
2414 343 2433 364 ’¹‘
2452 344 2525 391 syl-

1455 388 1624 437 logismi,
1660 391 1693 427 C
1718 403 1792 428 non
1823 397 1878 428 est
1902 392 1939 428 A
1962 391 2117 440 ponitur
2144 400 2185 429 ut
2214 395 2427 443 conclusio,
2458 397 2527 434 sed

1454 444 1490 478 B
1519 454 1594 479 non
1624 449 1678 480 est
1699 445 1736 480 A
1771 444 1927 494 ponitur
1953 452 1995 481 ut
2019 444 2057 482 id
2087 458 2131 482 ex
2161 459 2237 495 quo
2259 449 2452 486 conclusio
2472 450 2526 488 in-

1456 496 1592 542 fertur;
1615 509 1703 545 ergo
1724 499 1759 534 Β
1778 511 1852 535 ηοη
1873 504 1928 535 εει
1943 499 1980 535 A
2000 506 2055 535 est
2074 500 2291 537 naturaliter
2310 501 2426 549 prior.

1509 550 1544 585 6.
1577 549 1866 600 Consequenter
1896 564 1984 588 curn
2014 551 2117 590 dicit:
2146 554 2238 591 Non
2268 554 2368 591 enim
2386 555 2422 591 si
2437 567 2525 593 con-

1454 601 1566 651 tingit
1589 610 1671 651 etc.,
1693 613 1868 642 removet
1896 605 2107 655 quamdam
2128 607 2401 645 obviationem.
2432 610 2525 646 Pos-

1454 661 1510 691 set
1530 655 1632 692 enim
1653 657 1785 706 aliquis
1816 658 1940 695 dicere
1970 659 2075 707 quod
2105 660 2218 697 etiam
2243 660 2313 697 ista
2336 662 2524 711 negativa,

1459 708 1493 744 C
1517 720 1591 745 non
1621 716 1676 746 est
1699 711 1751 756 A,
1783 719 1839 748 est
1867 712 1905 748 id
1935 723 1979 748 ex
2008 724 2084 760 quo
2122 714 2359 751 concluditur
2392 716 2431 752 in
2461 715 2525 753 de-

1454 763 1728 800 monstratione
1759 764 1807 800 ad
1834 764 2068 813 impossibile
2099 768 2204 814 quod
2231 769 2267 803 B
2295 780 2370 804 non
2399 775 2454 805 est
2474 770 2522 806 A.

1455 814 1532 851 Sed
1550 815 1626 852 hoc
1646 817 1818 863 excludit,
1841 817 1969 855 dicens
1999 819 2105 866 quod
2122 831 2193 867 per
2213 820 2288 856 hoc
2307 821 2414 869 quod
2434 834 2524 859 con-

1454 867 1570 904 clusio
1599 868 1824 907 interimitur
1859 878 1895 907 et
1924 884 1969 908 ex
1999 871 2078 908 eius
2111 872 2403 922 interemptione
2431 874 2524 912 inte-

1453 920 1600 958 rimitur
1619 922 1772 971 aliquod
1790 925 2105 973 praemissorum,
2135 938 2215 963 non
2239 927 2400 964 efficitur
2418 929 2524 977 quod

1451 973 1490 1011 id
1518 975 1623 1023 quod
1650 976 1756 1024 prius
1776 976 1790 1003 ζ
1819 981 1898 1014 erat
1931 979 2124 1015 conclusio
2154 979 2200 1016 sit
2226 979 2457 1029 principium
2487 990 2523 1019 et

1453 1040 1472 1063 e
1489 1040 1689 1076 converso,
1719 1030 1937 1079 simpliciter
1958 1039 1993 1068 et
2012 1032 2225 1070 secundum
2245 1041 2433 1081 naturam,
2454 1035 2523 1072 sed

1451 1082 1575 1118 solum
1609 1083 1739 1131 quoad
1767 1084 1932 1133 aliquem
1961 1086 1992 1122 ⁴⁵.
2024 1086 2128 1122 Nam
2156 1085 2226 1123 ista
2255 1094 2310 1123 est
2338 1087 2521 1125 habitudo

1452 1135 1705 1173 conclusionis
1743 1144 1779 1173 et
1814 1138 2116 1187 principiorum,
2151 1139 2256 1188 quod
2293 1140 2521 1191 interempta

1451 1189 1707 1236 conclusione,
1723 1189 1949 1228 interimitur
1966 1191 2209 1241 principium.
2231 1194 2309 1231 Sed
2327 1194 2419 1232 illud
2439 1195 2519 1244 qui-

1452 1241 1540 1278 dem
1571 1250 1626 1279 est
1648 1243 1668 1264 *
1696 1243 1792 1280 sicut
1818 1245 2064 1294 principium,
2095 1259 2140 1283 ex
2174 1258 2250 1295 quo
2280 1248 2521 1296 syllogismus

1449 1295 1641 1343 procedit,
1681 1297 1786 1345 quod
1815 1311 1855 1334 se
1888 1299 2003 1335 habet
2038 1299 2087 1336 ad
2123 1300 2410 1338 conclusionem
2437 1310 2479 1339 ut
2501 1303 2520 1324 *

1449 1355 1573 1385 totum
1602 1349 1652 1386 ad
1678 1358 1845 1398 partem;
1869 1359 1904 1388 et
1933 1353 2126 1389 conclusio
2156 1366 2195 1390 se
2215 1354 2331 1391 habet
2349 1354 2399 1392 ad
2417 1355 2520 1404 prin—

1451 1401 1592 1450 cipium
1620 1410 1662 1439 ut
1687 1416 1777 1452 pars
1805 1405 1854 1442 ad
1887 1412 2022 1443 totum.
2053 1407 2157 1443 Nam
2184 1407 2398 1445 subiectum
2428 1421 2518 1446 con-

1450 1454 1627 1492 clusionis
1655 1457 1853 1505 negativae
1882 1459 2044 1496 sumitur
2072 1460 2143 1496 sub
2173 1461 2343 1498 subiecto
2371 1462 2519 1511 primae

1447 1508 1730 1556 propositionis.
1767 1511 1859 1548 Non
1888 1519 2017 1549 autem
2045 1513 2095 1549 ita
2123 1526 2163 1550 se
2192 1515 2335 1552 habent
2361 1517 2396 1552 A
2418 1516 2448 1552 C
2484 1524 2520 1553 et

1448 1562 1483 1597 A
1503 1562 1533 1597 B
1552 1563 1835 1611 propositiones
1860 1565 1909 1602 ad
1937 1565 2103 1602 invicem
2123 1567 2155 1613 *,
2186 1568 2291 1616 quod
2310 1570 2345 1604 A
2361 1569 2392 1605 C
2414 1581 2518 1606 com-

1447 1622 1601 1663 paretur
1626 1616 1675 1653 ad
1698 1618 1732 1653 A
1761 1618 1792 1653 B
1812 1618 1832 1638 *
1849 1626 1891 1655 ut
1909 1626 2033 1655 totum
2053 1619 2103 1656 ad
2120 1627 2281 1668 partem.
2303 1622 2396 1658 Non
2415 1622 2518 1660 enim

1447 1669 1478 1704 B
1498 1670 1533 1705 A
1553 1669 1734 1718 accipitur
1754 1670 1774 1691 ⁸⁸
1794 1671 1864 1707 sub
1895 1672 1926 1708 C
1946 1674 1992 1719 A,
2014 1672 2082 1709 sed
2109 1673 2236 1721 potius
2266 1686 2286 1711 e
2315 1686 2516 1714 converso.

1447 1721 1558 1759 Unde
1579 1723 1800 1772 relinquitur
1819 1725 1924 1773 quod
1943 1725 2027 1762 licet
2054 1725 2282 1776 interempto
2303 1728 2334 1764 C
2354 1730 2401 1776 A,
2427 1741 2518 1767 con-

1448 1775 1620 1813 cludatur
1638 1776 1880 1826 interemptio
1902 1779 1981 1816 eius
2011 1779 2117 1828 quod
2137 1788 2193 1817 est
2211 1781 2242 1817 B
2257 1783 2292 1818 A
2313 1783 2344 1828 ⁴⁶,
2367 1789 2517 1820 natura-

1447 1828 1529 1865 liter
1552 1837 1681 1867 tamen
1701 1831 1732 1868 C
1748 1833 1783 1868 A
1804 1839 1860 1868 est
1879 1833 2073 1869 conclusio
2095 1840 2131 1870 et
2158 1835 2189 1871 B
2209 1836 2244 1870 A
2265 1842 2321 1872 est
2339 1835 2360 1856 *
2379 1835 2516 1885 princi-

1445 1882 1572 1930 pium;
1594 1891 1630 1920 et
1657 1896 1727 1933 per
1750 1897 1990 1934 consequens
2017 1887 2054 1922 B
2077 1899 2151 1924 non
2181 1893 2236 1924 εει
2259 1889 2296 1925 Α
2322 1895 2377 1925 est
2408 1897 2516 1927 natu-

1445 1935 1570 1973 raliter
1598 1937 1724 1974 notior
1743 1939 1762 1957 ⁹
1792 1951 1908 1988 quam
1943 1940 1976 1976 C
2001 1952 2075 1977 non
2104 1945 2159 1977 εει
2183 1941 2231 1978 A.

1499 2002 1535 2037 7.
1565 1991 1615 2027 Et
1643 2003 1686 2028 ex
1710 1991 1785 2028 hoc
1805 1992 1858 2029 sic
1877 2000 2172 2040 argumentatur.
2194 1994 2259 2031 Illa
2278 1994 2515 2034 demonstra-

1444 2042 1495 2078 tio
1525 2051 1581 2080 est
1609 2043 1777 2092 dignior,
1807 2058 1905 2095 quae
1930 2046 2104 2095 procedit
2132 2059 2178 2084 ex
2204 2047 2417 2086 notioribus
2438 2049 2459 2071 *
2478 2057 2515 2086 et

1442 2095 1644 2144 prioribus.
1664 2098 1740 2136 Sed
1757 2098 2031 2137 demonstratio
2051 2100 2227 2149 negativa
2242 2101 2262 2123 ²⁸
2276 2101 2450 2150 procedit
2469 2115 2515 2140 ex
2539 2117 2662 2167 :naum

1443 2149 1581 2187 notiori
1611 2158 1647 2188 et
1673 2152 1791 2200 priori
1815 2153 1835 2174 *
1864 2165 1981 2202 quarn
2011 2154 2284 2192 demonstratio
2303 2156 2344 2177 **
2369 2155 2513 2194 ducens

1443 2202 1492 2240 ad
1520 2203 1766 2253 impossibile.
1797 2206 1966 2256 Utraque
1995 2207 2098 2244 enim
2119 2208 2205 2245 facit
2233 2207 2328 2246 scire
2355 2221 2426 2258 per
2449 2209 2513 2247 ali-

1442 2269 1559 2305 quam
1588 2258 1804 2306 negativam
1828 2260 2149 2309 propositionem;
2179 2261 2247 2299 sed
2275 2261 2512 2301 demonstra-

1441 2311 1492 2347 tio
1512 2311 1532 2332 *
1551 2312 1726 2360 negativa
1741 2313 1914 2361 procedit
1932 2314 1982 2351 ad
2002 2314 2215 2352 faciendam
2235 2315 2355 2353 fidem
2376 2329 2421 2353 ex
2439 2317 2513 2354 hac

1440 2365 1701 2414 propositione
1731 2366 1921 2414 negativa.
1943 2369 1979 2404 Β
1998 2380 2072 2405 non
2092 2374 2148 2405 εει
2163 2370 2217 2415 A,
2247 2381 2345 2418 quae
2372 2377 2427 2407 est
2445 2382 2511 2408 na—

1439 2418 1606 2456 turaliter
1633 2419 1757 2468 prior;
1788 2420 2061 2458 demonstratio
2091 2429 2219 2459 autem
2249 2422 2393 2460 ducens
2415 2423 2434 2445 *
2461 2423 2511 2462 ad

1439 2471 1673 2521 impossibile
1702 2473 1876 2521 procedit
1903 2474 1952 2511 ad
1976 2475 2194 2512 faciendum
2223 2475 2343 2513 fidem
2369 2489 2414 2514 ex
2438 2477 2511 2514 hac

1438 2525 1700 2574 propositione
1729 2527 1916 2575 negativa,
1942 2528 1976 2564 C
1991 2540 2066 2566 non
2089 2535 2143 2566 est
2159 2529 2213 2575 A,
2243 2541 2341 2578 quae
2367 2537 2423 2567 est
2439 2541 2509 2579 po·

1439 2579 1573 2616 sterior
1586 2580 1607 2600 *
1621 2579 1848 2617 naturaliter.
1866 2580 2105 2629 Relinquitur
2119 2594 2210 2630 ergo
2227 2582 2332 2630 quod
2348 2582 2508 2620 demon-

1439 2631 1567 2669 stratio
1586 2633 1606 2654 *
1625 2632 1801 2680 negativa
1824 2633 1870 2670 sit
1892 2633 2019 2682 potior
2052 2647 2097 2671 ea
2121 2647 2219 2684 quae
2245 2634 2347 2672 ducit
2365 2635 2415 2673 ad
2438 2635 2508 2672 im·
2536 2653 2588 2701 20...
2607 2682 2683 2708 ”ew

1438 2685 1630 2735 possibile.
1652 2686 1730 2723 Sed
1749 2686 1978 2724 affirmativa
2003 2694 2058 2724 est
2076 2687 2203 2737 potior
2221 2688 2397 2736 negativa
2414 2689 2446 2737 *,
2467 2696 2509 2726 ut

1439 2751 1554 2788 supra
1574 2739 1594 2759 '¹‘
1623 2746 1819 2775 ostensum
1839 2739 1881 2760 *³¹²
1902 2747 1972 2786 est;
1994 2752 2083 2788 ergo
2109 2740 2382 2778 demonstratio
2407 2742 2508 2780 affir-

1439 2792 1582 2830 mativa
1610 2791 1802 2829 ostensiva
1831 2800 1886 2830 est
1910 2794 2030 2830 multo
2062 2793 2190 2843 potior
2215 2807 2259 2831 ea
2278 2807 2376 2844 quae
2407 2795 2508 2834 ducit

1439 2846 1487 2884 ad
1515 2844 1764 2894 impossibile.

1436 3003 1488 3021 non
1508 2999 1547 3021 εει
1565 2997 1604 3026 Α,·
1623 3001 1648 3021 at
1673 2996 1771 3026 dicere,
1792 2999 1832 3021 est
1851 2995 2010 3028 impossibile
2034 2997 2057 3021 A
2077 3003 2129 3022 non
2154 3004 2210 3022 esse
2229 2998 2254 3022 in
2273 2998 2305 3028 C,
2325 2997 2394 3024 idem
2413 3003 2454 3024 eat
2477 3006 2522 3031 tq„

1436 3032 1458 3056 si
1477 3032 1616 3057 diceretur:
1637 3031 1813 3057 necessarium
1833 3035 1873 3057 εει
1894 3033 1918 3057 C
1932 3039 1987 3057 esse
2004 3033 2029 3056 A
2049 3031 2099 3064 (Cf.
2119 3032 2139 3057 ll
2159 3033 2261 3063 Perih„
2281 3034 2340 3059 lect.
2358 3041 2386 3066 x,
2405 3042 2432 3059 n.
2454 3033 2505 3067 ¹8),

1435 3075 1530 3100 nempe
1548 3066 1656 3092 habetur
1670 3067 1813 3100 propositio
1828 3066 1979 3092 affirmativa
1998 3072 2087 3092 contra
2100 3067 2276 3101 hypothesim.
2295 3069 2366 3101 Ergo
2384 3069 2506 3096 autreti-

1434 3103 1518 3128 nenda
1531 3108 1572 3128 est
1585 3103 1661 3128 lectio
1674 3103 1702 3133 Ρ,
1713 3108 1756 3128 aut
1771 3103 1911 3135 legendum
1926 3111 1985 3128 cum
1995 3102 2019 3128 T
2033 3108 2059 3128 et
2077 3110 2099 3128 s.
2114 3111 2150 3129 m.
2163 3103 2224 3128 DK:
2245 3107 2284 3130 εει
2303 3104 2462 3137 impossibile
2479 3106 2504 3130 A

1433 3145 1489 3164 esse
1507 3138 1534 3164 in
1557 3139 1584 3164 C.

1486 3173 1509 3208 ε)
1531 3174 1560 3199 1η
1579 3174 1750 3207 syllogismo,
1776 3173 1908 3206 accipitur
1927 3177 1957 3199 ut
1975 3174 2072 3200 notior;
2091 3188 2110 3193 —
2128 3174 2211 3200 Codd.
2225 3174 2459 3207 ABCELMNQST
2477 3181 2504 3202 et

1432 3218 1458 3242 p.
1472 3217 1507 3235 m.
1523 3209 1584 3234 DK:
1604 3209 1630 3234 ἰη
1650 3209 1815 3243 syllogismo,
1835 3210 1935 3236 scilicet
1954 3210 1985 3242 (B
2005 3214 2064 3235 ets.
2081 3218 2116 3235 m.
2136 3209 2167 3241 D,
2187 3210 2266 3243 idest)
2286 3217 2354 3243 quae
2371 3214 2412 3237 εει
2429 3210 2462 3246 (Β
2476 3215 2504 3237 et

1432 3253 1457 3278 p.
1474 3253 1510 3270 m.
1524 3246 1547 3270 A
1565 3253 1618 3270 om.
1633 3244 1688 3278 εει)
1703 3245 1862 3277 praemissa,
1883 3245 2023 3278 accipitur.
2038 3259 2058 3264 —
2072 3245 2111 3270 De
2130 3245 2352 3272 demonstratione
2369 3246 2502 3273 osten-iv·

1431 3288 1461 3305 ac
1480 3281 1512 3306 de
1531 3280 1752 3305 demonstratione
1771 3281 1881 3306 ducente
1900 3281 1931 3306 ad
1955 3280 2117 3314 impossibile
2141 3281 2197 3306 cf.1
2215 3281 2342 3307 Pri‘orum
2361 3281 2500 3316 analytie„

1431 3323 1486 3349 cap.
1500 3323 1565 3346 xx1x,
1585 3320 1611 3341 et
1629 3316 1663 3347 11,
1683 3323 1738 3349 cap.
1751 3323 1802 3341 xiv.

1484 3350 1510 3385 ζ)
1526 3351 1693 3377 Inter-imitar·
1710 3351 1828 3384 aliquod,
1835 3352 2048 3384 praemissorum
2061 3352 2211 3378 etc.-HN:
2230 3351 2396 3378 interimitur
2407 3353 2437 3378 al

2428 3389 2500 3413 entur

1429 3423 1500 3455 quod
1508 3422 1603 3455 prius:
1615 3427 1640 3447 at
1659 3422 1685 3447 in
1699 3422 1728 3453 C,
1742 3427 1802 3448 ante
1814 3423 1894 3455 prius
1913 3428 1981 3448 recte
1998 3423 2136 3456 apponitur
2157 3423 2182 3448 in
2203 3427 2264 3448 nota
2278 3422 2308 3448 id
2324 3429 2376 3456 quo
2395 3440 2404 3452 ,
2418 3426 2448 3447 ut
2461 3422 2499 3447 le-

363 3453 387 3487 ὃ)
409 3456 487 3485 Quod
499 3459 538 3480 est
551 3458 573 3480 A
589 3464 640 3481 non
656 3463 710 3482 esse
725 3457 750 3482 in
769 3458 797 3482 C.
807 3471 825 3476 —
835 3458 943 3482 Codices
964 3458 1032 3490 (exc.
1054 3459 1086 3489 H,
1101 3459 1146 3491 qui
1165 3458 1224 3483 hab.
1239 3458 1375 3492 lacunam)
1429 3463 1504 3490 gatur
1518 3458 1584 3483 sicut
1603 3466 1652 3483 nos
1672 3458 1793 3490 legimus,
1807 3463 1832 3483 et
1846 3458 1912 3483 sicut
1929 3458 2031 3484 videtur
2042 3466 2131 3484 revera
2150 3458 2289 3491 legendum
2301 3465 2331 3484 ex
2345 3457 2401 3490 ipsa
2414 3457 2498 3483 forma

310 3490 462 3515 unanimiter
475 3491 582 3516 habent:
602 3492 673 3524 quod
687 3495 726 3517 εει
745 3493 911 3524 impossibile,
927 3499 960 3523 et,
975 3501 1028 3518 exc.
1044 3493 1067 3518 T
1082 3499 1106 3518 et
1120 3502 1142 3519 ε.
1158 3502 1193 3519 m.
1208 3494 1269 3519 DK:
1282 3495 1307 3519 A
1321 3501 1374 3519 non
1430 3494 1574 3518 locutionis.
1588 3494 1663 3518 Adde
1687 3494 1759 3526 quod
1777 3494 1887 3519 omissio
1913 3494 2026 3526 praefata
2045 3494 2070 3519 in
2089 3494 2165 3519 codd.
2185 3494 2302 3527 explicari
2320 3492 2394 3518 facile
2411 3497 2499 3525 potest

311 3531 365 3550 esse
384 3525 409 3549 in
431 3527 460 3550 C.
475 3527 547 3556 Quae
562 3527 613 3551 duo
629 3535 679 3559 qua
693 3528 791 3552 ratione
805 3534 872 3553 stare
887 3529 989 3561 possint
1007 3529 1032 3553 in
1052 3537 1113 3554 casu
1128 3537 1181 3554 non
1200 3529 1309 3555 videtur.
1324 3530 1374 3554 Ac-

1429 3536 1459 3554 ex
1477 3537 1584 3554 recursu
1601 3529 1654 3554 fere
1673 3529 1822 3554 immediato
1837 3529 1955 3555 eiusdem
1968 3529 2041 3555 vocis
2059 3528 2213 3562 quod.-O:
2227 3532 2287 3554 erat
2304 3527 2498 3561 conclusiofiat

310 3559 401 3591 cipitur
424 3562 564 3594 propositio
589 3563 713 3594 negativa,
736 3564 759 3588 C
775 3571 826 3588 non
847 3567 885 3588 εει
909 3565 941 3593 A,
962 3571 992 3589 ex
1011 3572 1062 3596 qua
1081 3563 1187 3590 infertur
1206 3565 1331 3598 negativa,
1351 3565 1375 3589 B
1427 3564 1496 3590 sicut
1510 3564 1690 3597 principium
1708 3564 1746 3589 T:
1758 3565 1796 3598 fit
1810 3564 1983 3597 principium.

2554 353 2563 364 u

2572 358 2598 374 n:
2610 353 2768 376 ordinatione.

2649 989 2664 1019 ζ

2549 1096 2560 1107 “
2565 1102 2705 1124 Βουῑικοατ
2710 1102 2733 1121 et
2739 1105 2765 1127 p·

2549 1129 2765 1180 ῗιὶιῖἇιῖὦῖῗῗῖ

2548 1175 2646 1204 aliquia.

2548 1310 2558 1320 ι

2572 1260 2619 1283 Est
2629 1267 2679 1284 om.
2692 1268 2715 1284 Α.

2569 1315 2596 1331 o:
2607 1310 2682 1338 sicat,
2697 1314 2719 1333 et
2731 1311 2765 1334 ita

2548 1336 2615 1359 infru.

2546 1582 2556 1592 a

2575 1582 2615 1604 Ad
2639 1583 2709 1607 inn'c.
2732 1591 2763 1607 ex

2546 1608 2616 1651 fode.

2545 1672 2559 1687 Ρ

2545 1693 2556 1704 u

2563 1640 2648 1667 codd..
2656 1647 2760 1665 umor.-

2565 1666 2763 1718 attinet:

2545 1719 2604 1748 cipit

2543 1798 2555 1810 ¹·
2569 1799 2658 1828 Codd.,
2677 1807 2726 1824 exc.
2735 1808 2760 1824 o:

2542 1825 2562 1847 A

2543 1852 2556 1863 υ

2564 1825 2616 1875 ἔτι
2626 1859 2676 1877 om.
2686 1861 2708 1876 ι.

2543 1959 2692 1988 *exp-lor.

2542 2061 2553 2072 ι

2540 2174 2553 2186 ⁸

2561 2067 2576 2082 ο
2584 2069 2589 2084 :
2598 2061 2759 2090 dignior-ibn.

2572 2123 2600 2140 u:
2621 2117 2682 2140 dem.
2699 2125 2757 2148 neg.

2540 2175 2758 2226 ..exam

2539 2227 2582 2250 bue
2597 2230 2623 2250 ee
2631 2229 2756 2257 priora-u

2539 2259 2650 2304 a'‘''''1>.·....
2670 2288 2718 2305 οη.
2732 2289 2756 2305 t.

2562 2336 2590 2352 u:
2605 2330 2756 2354 dei-‚oeten-

2538 2357 2592 2379 siva
2606 2362 2662 2386 nee.

2538 2468 2552 2483 Ι.

2537 2435 2638 2458 ‘Antea
2645 2435 2755 2460 dunum.

2537 2599 2575 2620 'ot
2582 2601 2751 2628 ert-onnpnbr.

2535 2706 2547 2717 υ

2577 2659 2601 2675 u:
2629 2654 2750 2676 mm

2568 2711 2714 2730 euml-NH:

2552 2738 2606 2754 uam
2620 2739 2675 2762 nee.

2557 2759 2621 2781 Leet.
2633 2759 2742 2788 praeced.

2570 2792 2584 2807 ι
2592 2793 2597 2808 :
2610 2786 2723 2814 possm.
