2788 4204
132 506 143 517 ’
151 512 177 527 A:
192 506 258 527 insit.

132 605 228 626 ‘Autem
243 610 290 626 om.
304 611 326 626 Λ.

378 259 451 306 396
940 253 1322 292 POSTERIORUM
1349 251 1778 289 ANALYTICORUM
1807 252 1901 288 LIB.
1933 253 1965 287 II

373 338 408 373 D
439 344 495 373 est
521 337 591 372 sub
617 337 647 372 B
672 343 691 383 ¹,
718 343 753 372 et
776 335 805 371 si
833 335 863 371 C
893 334 939 371 sit
966 346 1080 370 causa
1099 334 1133 369 D
1158 333 1264 381 quod
1290 333 1319 367 B
1349 331 1435 368 insit
1490 331 1669 367 nifestum
1691 338 1746 367 est
1771 343 1815 367 ex
1838 330 2073 379 praemissis,
2095 338 2173 367 tam
2194 330 2232 368 in
2256 331 2353 368 libro
2382 333 2560 371 Priorum

373 389 418 426 ei.
450 390 498 426 Et
526 401 571 425 ex
598 389 672 425 hoc
701 388 868 436 sequitur
895 386 1049 423 ulterius
1078 385 1183 434 quod
1204 385 1234 420 C
1255 384 1301 420 sit
1320 396 1433 420 causa
1489 396 1605 432 quarn
1626 384 1664 420 in
1688 384 1763 420 hoc
1783 384 1802 404 ‘¹‘
1827 384 1923 420 libro
1949 384 2229 432 Posteriorum,
2260 385 2309 422 de
2337 386 2559 434 syllogismo

372 443 476 490 quod
504 443 538 478 A
566 442 652 478 insit
671 443 723 486 D;
746 449 782 477 et
801 440 904 488 quod
923 442 957 475 A
986 438 1072 475 insit
1101 439 1143 484 C,
1164 439 1195 473 B
1226 445 1281 474 est
1305 449 1430 473 causa.
1488 444 1525 472 et
1545 436 1592 473 de
1609 437 1628 457 ’³‘
1650 436 1986 483 demonstratione,
2011 437 2104 486 quid
2129 437 2174 475 sit
2203 445 2240 475 et
2262 439 2463 488 quomodo
2493 441 2560 478 fiat

372 495 446 543 Ipsi
477 502 604 531 autem
633 496 663 531 B
692 494 787 530 inest
814 494 834 514 '¹‘
861 494 895 528 A
922 504 992 540 per
1026 491 1194 539 seipsum
1230 498 1266 526 et
1297 490 1432 526 imme·
1486 497 1709 538 utrumque;
1732 497 1768 526 et
1783 489 1952 526 similiter
1967 490 2241 528 manifestum*
2260 500 2316 529 est
2335 492 2383 530 de
2403 493 2559 539 scientia

371 548 480 584 diate.
1487 542 1799 589 demonstrativa,
1826 543 2027 591 quomodo
2047 544 2115 581 fiat
2133 544 2172 582 in
2191 545 2314 583 nobis.
2346 546 2433 583 Hoc
2453 546 2558 584 enim

423 613 458 648 7.
481 599 619 637 Ultimo
640 605 766 635 autern
787 598 807 618 ²¹²
833 597 994 645 epilogat
1023 608 1068 632 ea
1092 608 1190 644 quae
1217 595 1315 632 dieta
1343 602 1430 632 sunt
1486 596 1535 632 ad
1563 595 1667 632 idern
1695 595 1868 644 pertinet,
1895 596 1984 645 quia
2018 597 2294 636 demonstratio
2325 607 2380 636 est
2407 600 2557 648 syllogi-

368 653 405 689 in
434 661 511 689 tota
530 651 698 688 doctrina
716 650 1020 698 Analyticorum3
1044 657 1079 685 et
1108 649 1320 697 dicitquod
1348 660 1429 684 ma—
1485 660 1591 685 smus
1620 647 1762 685 faciens
1791 648 1904 697 scire,
1933 656 1976 686 ut
2003 662 2119 699 supra
2140 653 2160 673 ⁵⁵
2188 653 2363 690 habitum
2392 660 2449 690 est
2467 651 2491 690 λ.

419 807 437 841 ι)
452 808 526 833 Sicut
537 808 561 832 si
570 808 597 832 D
609 810 648 832 est
659 807 706 831 sub
721 807 745 830 Β
757 811 804 831 etc.
814 806 862 830 -F
873 814 925 831 om.
938 806 1021 836 sicut5
1035 805 1141 830 Itsicut
1150 805 1219 830 enim
1231 806 1258 829 D
1264 814 1274 835 ,·
1287 805 1328 829 alii
1343 806 1427 836 codd.,
1482 809 1535 834 est,·
1555 806 1638 836 codd.,
1657 814 1711 831 exc.
1730 806 1862 832 ABEGN:
1881 810 1907 832 et
1931 806 1995 841 (ΚΟ
2014 809 2136 834 omittunt
2154 808 2197 844 et)
2219 810 2344 836 similiter
2366 812 2447 837 etiam
2468 813 2555 838 mani.

365 852 417 868 exc.
428 844 462 868 G:
476 843 543 867 sicut
556 843 579 867 si
593 843 620 866 D
625 850 634 871 ;
648 842 682 866 P:
697 842 764 866 sicut
779 841 908 866 D.-Item
923 842 1006 871 codd.,
1018 848 1071 865 exc.
1083 841 1143 870 BQ:
1158 841 1205 865 sub
1220 841 1251 870 B,
1261 840 1330 865 sicut
1344 840 1387 873 (G,
1401 844 1427 865 et
1475 842 1578 874 festum
1598 844 1645 866 est.

363 879 440 910 sicut)
459 879 481 902 C
493 878 522 909 (F
532 885 585 918 ⁰..m'
599 876 631 910 C)
644 877 679 902 sit
693 876 762 910 (CH,
773 877 822 908 est)
836 884 917 901 causa
932 877 972 905 D;
985 877 1018 900 B:
1033 876 1080 901 sub
1096 876 1126 905 B,
1141 876 1180 900 sic
1197 876 1222 900 E
1229 876 1280 900 erit
1292 883 1374 901 causa
1385 877 1427 905 D,·
1535 875 1562 908 λ)
1582 877 1616 901 Ut
1629 884 1712 909 supra
1726 877 1846 902 habitum
1856 880 1929 902 est.—
1939 878 2009 903 Haec
2023 879 2102 904 verba
2116 887 2170 905 om.
2180 881 2242 912 BQ;
2258 882 2297 906 H:
2311 884 2342 906 ut
2353 887 2437 914 supra
2451 882 2552 908 dictum

364 913 401 943 Q:
420 914 466 938 sub
480 913 510 942 B,
525 920 547 937 st
566 913 588 936 C
597 916 632 937 szt
643 919 723 937 causa
739 912 773 936 D.
1482 915 1530 936 est.
1550 912 1583 936 P:
1604 915 1633 937 ut
1651 920 1735 944 supra
1750 913 1776 937 in
1786 913 1878 945 primo
1901 913 2019 939 habitum
2039 917 2093 940 est:
2112 916 2160 940 sed
2179 924 2239 941 cum
2256 917 2345 942 nullus
2363 918 2444 942 codex
2458 917 2553 944 habeat

355 967 359 971 .
415 949 439 980 κ)
460 948 495 972 Et
517 948 638 973 similiter
661 947 829 980 manifestum
854 949 900 971 est.
918 960 937 965 -
955 947 994 971 E:
1019 950 1046 971 et
1071 946 1135 971 dicit
1159 946 1231 978 quod
1254 946 1425 980 manifestum
1482 947 1512 981 in¹
1523 947 1623 979 primo,
1643 948 1781 973 existimari
1796 954 1883 981 potest
1897 954 2022 983 tanquam
2036 955 2098 975 nota
2112 951 2259 984 marginalis
2274 952 2352 977 textui
2371 953 2476 978 inserta.

2590 402 2599 410 '
2607 400 2661 423 Hoc
2674 407 2703 423 ex
2717 402 2786 425 codd.

2588 433 2637 449 exc.
2644 433 2671 454 Q.
2681 434 2727 450 zen
2733 429 2788 452 Mn:

2585 455 2596 466 ’⁸
2610 454 2648 476 De
2661 461 2690 476 ex
2705 455 2775 478 codd.

2686 513 2701 529 χ

2585 617 2596 628 ⁸
2610 616 2662 639 Lib.
2672 617 2759 675 lileet.
2768 623 2788 640 n
