2548 4192
915 516 1560 582 DISSERTATIO
1619 520 1642 581 Ι

269 690 512 731 Adversus
540 691 863 732 monachatum
891 691 1235 733 Benedictinum
1268 705 1306 734 s.
1333 691 1538 735 Thomae
1566 694 1812 745 Aquinatis
1845 695 1964 746 apud
1993 695 2280 738 Casinenses

401 765 647 813 antequam
675 763 733 803 ad
761 763 1108 804 Dominieanum
1135 764 1503 805 Praedicatorum
1531 765 1745 807 Ordinem
1773 778 1826 807 se
1854 767 2139 809 transferret.

304 1335 411 1349 „st—⁴>
434 1326 466 1333 ⁷*
535 1308 540 1309 ⁷
571 1314 772 1352 CAPUT
811 1315 838 1351 1.

163 1427 234 1455 hta·
251 1428 397 1455 monachos
415 1428 608 1460 Benedictinos,
628 1429 742 1454 solemni
761 1429 895 1462 religionis
909 1434 973 1453 voto
988 1428 1141 1459 obnoxium,
1155 1429 1246 1462 plures

234 1473 320 1491 annos
334 1465 422 1498 egisse
436 1465 527 1491 divum
540 1464 674 1490 Thomam
695 1470 845 1498 propugnat
867 1465 1006 1490 cuiusdam
1024 1464 1164 1490 historicae
1188 1465 1241 1490 dis-

235 1501 386 1535 quiain'ouia
416 1501 525 1526 Auctor.
550 1501 651 1526 Eadem
676 1501 729 1526 iam
754 1501 856 1534 dudum
880 1500 966 1526 fuerat
989 1500 1084 1534 Angeli
1116 1501 1149 1526 de
1172 1501 1246 1526 Nuce

235 1537 373 1563 oententia.
387 1536 511 1563 Obscure
525 1536 629 1570 loquuti
650 1542 713 1562 sunt
733 1537 922 1562 Constantinus
946 1536 1086 1561 Caietanus
1101 1541 1127 1561 et
1141 1537 1244 1562 Marcus

235 1573 367 1599 Antonius
392 1573 488 1606 Scipio.
508 1573 619 1598 Nonnisi
647 1573 767 1598 oblatum
792 1580 822 1598 ac
847 1573 976 1598 novitium
1001 1571 1085 1598 fuisse
1109 1572 1243 1598 Thomam

234 1608 324 1635 Casini
353 1614 445 1635 censet
467 1609 582 1634 Ioannes
615 1608 767 1634 Caramuel:
791 1609 834 1634 vel
860 1609 938 1634 etiam
963 1609 1089 1634 saeculari
1113 1610 1245 1634 dumtaxat

232 1649 308 1671 vente
325 1644 458 1676 indutum,
477 1645 574 1670 sanctis
594 1645 713 1670 moribus
732 1645 915 1676 imbuendum,
935 1653 989 1670 non
1008 1645 1099 1671 abnuit
1117 1645 1244 1671 Erasmus

386 1828 393 1833 .
410 1821 412 1824 v
454 1826 465 1835 ,
496 1803 569 1845 ypis
610 1801 882 1844 Lugdunensibus
896 1826 906 1842 ,
948 1813 1056 1834 revera
1092 1804 1242 1843 Venetis,

381 1856 395 1891 3⁷
496 1858 582 1879 anno
619 1857 703 1890 1724
738 1847 771 1879 in
807 1848 914 1880 lucem
942 1847 1062 1890 prodiit
1089 1849 1244 1880 historica

376 1902 404 1935 ,ς
494 1893 702 1934 Disquisitio,
732 1903 905 1934 suppresso
929 1893 1062 1924 nomine
1086 1894 1243 1933 auctoris,

473 1978 475 1980 η
494 1937 547 1968 De
564 1938 760 1969 monachatu
779 1938 990 1969 Benedictino
1017 1938 1086 1972 divi
1105 1939 1245 1971 Thomae

462 1984 479 2024 ,⁴
494 1982 668 2024 Aquinatis
687 1982 777 2024 apud
793 1982 987 2015 Casinenses
1005 1991 1178 2025 antequam
1201 1985 1246 2016 ad

427 2025 472 2058 ‚vd
494 2028 747 2059 Dominicanum
762 2028 1029 2060 Praedicator-um
1044 2029 1199 2061 Ordinem
1209 2039 1245 2061 se

495 2072 702 2114 transferret.
727 2073 924 2104 Doctissimo
947 2074 1029 2114 viro,
1049 2074 1105 2116 qui
1129 2084 1245 2115 magna

160 2118 286 2153 virtutis
309 2125 341 2151 et
359 2118 547 2150 eruditionis
561 2117 717 2159 opinione
736 2117 879 2157 florebat,
897 2118 1039 2159 opellam
1053 2119 1245 2151 adiudicavit

161 2163 346 2197 communis
361 2163 460 2195 fama:
480 2163 654 2204 ipsumque
673 2162 805 2204 proprio
825 2163 958 2194 nomine
973 2165 1112 2205 appellat
1130 2164 1243 2195 Maria-

161 2217 224 2243 nus
238 2208 434 2240 Armellinus
448 2208 482 2239 in
497 2207 696 2239 Bibliotheca
709 2207 1112 2247 Benedictino-Casinensi‚
1132 2209 1243 2240 Assisii

161 2263 248 2287 anno
269 2254 348 2297 1731
367 2253 536 2294 impressa,
555 2252 590 2283 in
609 2252 715 2293 elogio
734 2252 849 2293 Angeli
867 2253 906 2283 de
921 2253 1021 2285 Nuce.
1046 2254 1159 2285 Nolim
1182 2264 1243 2294 ego

160 2298 355 2335 celeberrimi
368 2298 427 2329 viri
441 2298 506 2329 iam
520 2297 645 2339 pridem
663 2297 728 2328 vita
751 2297 852 2328 functi
876 2298 1002 2329 turbare
1026 2299 1098 2340 pios
1117 2307 1242 2330 manes:

158 2343 300 2386 satisque
314 2343 393 2375 mihi
412 2343 471 2374 erit
484 2345 663 2374 Auctorem
677 2342 908 2384 disquisitionis
922 2342 1091 2374 historicae
1106 2344 1156 2374 vel
1171 2344 1242 2375 Dis-

159 2388 349 2432 quisitorem
373 2388 521 2428 deinceps
540 2397 672 2426 vocare,
697 2387 843 2428 quisquis
867 2387 920 2418 ille
944 2387 1048 2419 fuerit.
1074 2388 1186 2429 Spargi
1210 2389 1243 2419 in

158 2433 276 2475 vulgus
299 2433 513 2474 manibusque
532 2432 589 2463 teri
607 2432 659 2463 vix
678 2439 826 2473 coeperat
846 2432 1055 2471 elucubratio,
1075 2433 1116 2463 ad
1131 2433 1243 2464 fucum

159 2477 344 2510 faciendum
362 2477 541 2518 aptissima,
557 2487 632 2507 cum
647 2476 731 2507 edita
749 2477 834 2518 typis
853 2477 999 2508 Andreae
1018 2477 1166 2508 Mercurii
1190 2488 1243 2508 ve-

161 2523 227 2555 neti
241 2522 550 2563 responsiqpaucos
569 2528 644 2562 post
659 2521 724 2552 dies
739 2521 891 2562 opposita
910 2528 971 2560 est,
987 2531 1070 2563 quae
1085 2522 1243 2553 benevolo

161 2567 320 2600 lectorum
334 2567 444 2598 animo
459 2566 644 2611 iudicioque
659 2573 695 2597 ut
709 2566 914 2606 exciperetur,
926 2576 983 2607 per
996 2576 1064 2597 sese
1079 2567 1245 2607 splendida

161 2622 275 2646 causae
293 2612 421 2650 merita,
437 2621 537 2653 quam
559 2611 727 2642 tutandam
750 2620 968 2652 susceperam,
993 2610 1172 2643 effecerunt.
1189 2612 1244 2642 Ti-

161 2656 250 2690 tulus
264 2663 346 2688 erat:
363 2657 415 2687 De
429 2656 554 2698 sabula
569 2656 781 2687 monachatus
794 2655 998 2687 Benedictim'
1015 2656 1083 2687 divi
1105 2657 1245 2688 Thomae

161 2702 352 2746 Aquinatis:
373 2702 551 2742 Responsio
570 2701 614 2732 ad
635 2701 821 2731 historicam
845 2700 1098 2742 disquisitionem
1123 2708 1181 2733 etc.

230 2746 350 2787 Elapso
382 2746 446 2777 fere
465 2745 644 2784 decennio,
673 2745 779 2776 lucem
807 2745 887 2776 vidit
914 2746 1066 2776 Historia
1089 2746 1246 2777 Abbatiae

165 2791 369 2829 Casinensis,
390 2790 532 2823 Venetiis
551 2800 636 2821 anno
662 2790 744 2833 1733
771 2800 885 2821 excusa
915 2790 1003 2831 apud
1021 2790 1244 2822 Sebastianum

161 2834 333 2869 coletum:
358 2836 392 2867 in
416 2846 481 2877 qua
499 2835 703 2866 doctissimus
722 2842 835 2866 auctor
852 2835 1005 2866 Erasmus
1025 2835 1155 2878 Gattula
1174 2847 1244 2877 par-

109 2881 114 2885 “
161 2887 193 2913 te
209 2881 253 2921 11,
268 2891 359 2912 num.
378 2882 394 2911 5
418 2887 449 2912 et
466 2880 501 2911 in
514 2880 694 2920 Addendis,
714 2881 801 2911 idem
819 2886 988 2921 pertractat
1006 2888 1243 2920 argumentum,

161 2935 272 2969 presso
296 2925 428 2968 quidem
452 2931 681 2967 contractoque
705 2925 846 2964 calamo,
871 2925 927 2955 sed
950 2935 989 2956 eo
1013 2925 1130 2956 robore
1154 2927 1244 2957 omni

162 2970 253 3012 quod
275 2970 320 3001 rei
344 2970 487 3002 conditio
511 2970 591 3000 ferre
614 2977 748 3011 poterat.
778 2969 952 3011 Utriusque
982 2970 1153 3010 superioris
1183 2971 1244 3001 dis-

163 3013 340 3050 sertationis
369 3015 471 3046 altum
499 3014 605 3055 priore
628 3015 702 3046 loco
727 3015 906 3045 silentium:
937 3025 972 3046 ac
995 3015 1170 3046 leviuscula
1193 3026 1244 3046 so-

162 3059 335 3090 lummodo
373 3059 407 3089 in
438 3059 603 3090 Addendis
640 3060 762 3091 mentio
796 3060 968 3090 historicae
1001 3060 1245 3101 Disquisitionis

163 3104 203 3135 ab
227 3113 393 3145 anonymo
416 3104 580 3144 vulgatae;
609 3111 646 3135 ut
668 3115 750 3146 quae
774 3104 899 3145 pridem
923 3104 1092 3144 collegerat
1115 3105 1245 3136 Gattula

162 3149 204 3180 de
223 3147 418 3179 monachatu
447 3148 511 3178 divi
529 3148 693 3187 Thomae,
714 3159 751 3180 ex
771 3149 930 3190 opusculo
949 3150 1064 3190 Angeli
1084 3150 1123 3180 de
1141 3150 1243 3189 Nuce,

164 3193 204 3224 de
223 3203 290 3235 quo
311 3192 483 3223 dicendum
501 3192 598 3232 infra,
617 3193 716 3224 dubio
736 3194 850 3235 procul
870 3195 1055 3235 desumpta,
1075 3194 1159 3235 typis
1179 3195 1244 3225 edi-

162 3238 247 3269 disse
277 3237 441 3276 videatur,
472 3237 551 3278 quin
580 3238 734 3279 anonymi
765 3238 1041 3280 disquisitionem,
1073 3249 1244 3281 meamque

163 3282 302 3314 voluerit
331 3292 419 3312 novo
449 3281 616 3322 insumpto
644 3282 753 3314 labore
780 3294 895 3314 vocare
919 3284 960 3314 ad
983 3294 1125 3314 examen.
1151 3285 1244 3322 Quae

162 3337 239 3358 vero
259 3326 394 3368 protulit
411 3326 490 3366 ipse,
511 3326 692 3366 diligentius
711 3337 772 3368 ego
792 3328 927 3368 expendi
947 3328 1071 3359 omnia:
1087 3339 1243 3368 pronum-

164 3382 229 3413 que
247 3371 327 3402 mihi
347 3371 407 3402 fuit
426 3377 462 3402 ut
481 3371 677 3411 opusculum
696 3372 843 3403 secundis
863 3373 945 3403 curis
964 3372 1135 3411 reficerem,
1151 3374 1244 3404 novis

163 3423 297 3448 auctum
332 3415 526 3456 argumentis
556 3415 766 3457 pluribusque
794 3417 1122 3447 animadversionibus
1154 3417 1244 3448 locu-

103 3490 113 3501 ,
164 3461 342 3502 pletatum,
373 3471 440 3502 quo
471 3459 599 3491 fictitius
630 3460 694 3490 divi
724 3460 873 3491 Thomae
902 3461 1113 3491 monachatus
1143 3462 1244 3502 magis

163 3506 331 3547 magisque
354 3506 573 3536 innotesceret.

233 3551 286 3581 Ad
303 3550 407 3591 ipsam
426 3550 648 3591 quaestionem
662 3549 789 3580 accedo.
819 3549 969 3580 Auctoris
983 3550 1156 3580 historicae
1180 3550 1245 3581 dis-

163 3595 347 3635 quisitionis
370 3595 541 3626 consilium
567 3605 603 3625 ac
627 3594 816 3625 sententiam
839 3594 942 3624 verbis
961 3594 1029 3624 eius
1047 3593 1112 3624 iam
1131 3593 1243 3625 refero.

168 3651 186 3667 ‹
208 3639 308 3677 Quod
335 3639 386 3670 hic
420 3639 707 3670 demonstrandum
740 3638 809 3681 (ait
837 3639 892 3669 ille
915 3639 1018 3679 capite
1040 3649 1069 3678 1,
1097 3649 1184 3669 num.
1205 3638 1244 3682 t)

1303 1326 1318 1342 »
1341 1315 1517 1355 aggredior,
1542 1320 1607 1347 est:
1630 1315 1736 1356 primo
1756 1315 1922 1346 Thomam
1945 1316 2140 1358 Aquinatem
2164 1326 2249 1348 anno
2273 1317 2383 1348 aetatis

1303 1371 1318 1386 »
1341 1369 1417 1390 suae
1441 1360 1555 1401 quinto
1575 1361 1616 1391 ad
1639 1360 1847 1391 Coenobium
1871 1360 2044 1392 Casinense
2068 1372 2087 1392 a
2105 1361 2287 1402 parentibus
2307 1362 2382 1392 mis-

1303 1416 1318 1431 »
1341 1414 1415 1435 sum
1430 1414 1508 1443 esse,
1521 1415 1589 1436 non
1603 1405 1664 1446 piis
1679 1405 1843 1436 dumtaxat
1858 1405 2002 1436 moribus
2017 1405 2192 1447 primisque
2206 1406 2383 1437 litterarum

1303 1461 1318 1476 ι
1340 1449 1529 1480 rudimentis
1552 1450 1634 1481 inter
1657 1450 1736 1480 alios
1756 1450 1880 1481 nobiles
1903 1460 2022 1490 pueros
2045 1450 2305 1490 informandum
2327 1451 2382 1482 sed

1302 1505 1318 1520 ›
1340 1493 1411 1524 Deo
1431 1494 1490 1525 sub
1510 1494 1574 1525 divi
1595 1494 1758 1526 Benedicti
1777 1495 1953 1526 monastica
1981 1495 2147 1536 disciplina
2166 1495 2322 1534 oblatum,
2347 1505 2382 1526 ac

1302 1550 1317 1565 ιν
1340 1538 1428 1569 velut
1450 1538 1484 1569 in
1507 1539 1707 1570 monachum
1730 1546 1951 1570 consecratum
1974 1549 2034 1580 pro
2058 1539 2127 1570 iure
2150 1539 2268 1580 patriae
2292 1546 2381 1580 pote-

1302 1595 1317 1610 »
1340 1583 1438 1622 statis,
1459 1590 1495 1615 ut
1513 1584 1578 1614 iam
1597 1590 1674 1615 tunc
1693 1584 1842 1624 religioso
1859 1584 2192 1617 institutoadstrictus
2211 1594 2378 1625 nunquam

1301 1639 1317 1654 »
1339 1628 1440 1658 redire
1463 1635 1573 1669 posset
1596 1629 1636 1659 ad
1659 1628 1841 1667 saeculum;
1866 1629 1922 1660 sed
1950 1628 2059 1670 potius
2083 1629 2226 1659 adultam
2252 1629 2381 1660 tandem

1298 1685 1316 1712 K»
1339 1679 1475 1703 aetatem
1496 1673 1646 1715 adeptus,
1671 1673 1869 1704 oblationem
1896 1673 1935 1704 de
1959 1683 1992 1704 se
2016 1684 2034 1704 a
2057 1673 2240 1714 parentibus
2265 1673 2381 1704 saetam

1301 1729 1317 1744 »
1340 1723 1442 1748 ratam
1471 1717 1620 1757 haberet,
1650 1717 1814 1759 vitamque
1844 1718 2057 1749 monasticam
2087 1718 2207 1749 ibidem
2237 1727 2381 1758 expresse

1301 1774 1317 1789 »
1340 1761 1590 1804 solemniterque
1620 1762 1836 1803 profiteretur:
1867 1763 1957 1804 quod
1981 1769 2011 1794 et
2034 1762 2087 1793 ille
2110 1763 2311 1803 pubertatem
2333 1762 2381 1792 in·

1301 1818 1316 1834 ι
1338 1815 1475 1847 gressus,
1495 1817 1555 1848 pro
1570 1807 1655 1838 illius
1670 1807 1738 1838 aevi
1754 1817 1854 1846 more,
1871 1815 1901 1838 et
1921 1818 1958 1838 ex
1977 1807 2071 1838 sacris
2086 1807 2244 1838 Ecclesiae
2258 1807 2381 1847 legibus

1301 1863 1316 1878 »
1340 1851 1519 1882 executioni
1535 1852 1756 1890 demandavit;
1773 1862 1812 1882 eo
1829 1852 1923 1893 plane
1947 1852 2048 1883 modo
2072 1862 2139 1893 quo
2165 1852 2256 1882 divus
2279 1851 2379 1882 Placi-

1301 1908 1316 1923 ιν
1339 1896 1411 1934 dus,
1427 1896 1611 1927 Bonifatius
1626 1897 1837 1937 Moguntinus
1852 1896 2132 1938 Archiepiscopus,
2144 1896 2381 1927 Hildebrandus

1301 1953 1316 1968 »
1339 1940 1372 1971 in
1396 1941 1478 1972 Sede
1500 1940 1668 1972 Ponfificia
1691 1941 1864 1982 Gregorius
1890 1942 1947 1973 VII
1973 1947 2189 1982 nuncupatus,
2213 1947 2381 1982 septennes

1301 1998 1316 2013 :o
1339 1985 1410 2016 Deo
1435 1986 1495 2017 sub
1519 1986 1583 2016 divi
1606 1986 1769 2017 Benedicti
1793 1986 1902 2027 regula
1925 1996 1942 2017 a
1962 1986 2145 2027 parentibus
2170 1986 2234 2016 suis
2266 1985 2380 2024 oblati;

1301 2043 1316 2058 ι»
1339 2029 1431 2061 divus
1455 2031 1587 2062 Maurus
1611 2031 1812 2070 duodennis3
1837 2030 2043 2069 Godefridus,
2070 2031 2181 2061 Petrus
2205 2030 2379 2068 Diaconus,

1301 2087 1316 2103 ›
1338 2075 1526 2106 venerabilis
1537 2076 1657 2107 Beda...
1668 2076 1903 2118 quinquennes;
1915 2075 2032 2117 aliique
2046 2076 2126 2106 bene
2141 2075 2235 2106 multi
2250 2085 2268 2105 a
2278 2074 2381 2115 prima

1301 2133 1316 2148 »
1339 2120 1484 2161 pueritia,
1510 2121 1689 2152 monastico
1713 2120 1858 2151 instituto
1884 2130 1920 2151 ex
1943 2127 2114 2162 parentum
2136 2126 2214 2151 voto
2243 2119 2381 2150 adstricti

1298 2178 1315 2208 ι»
1339 2172 1370 2196 et
1400 2165 1549 2206 obligati,
1581 2172 1617 2196 ut
1647 2175 1705 2196 nec
1733 2165 1807 2196 inde
1831 2165 1930 2196 redire
1966 2166 2006 2196 ad
2037 2165 2201 2195 saeculum
2231 2170 2381 2205 possent;

1300 2222 1315 2238 2
1338 2211 1475 2251 puberes
1498 2210 1629 2241 tandem
1652 2210 1736 2248 facti,
1762 2209 2002 2251 egressiquebex
2030 2209 2171 2250 ephebiS,
2196 2219 2282 2240 sacra
2305 2215 2381 2239 vota

1300 2268 1315 2283 »
1338 2255 1456 2296 quibus
1480 2255 1560 2286 olim
1584 2265 1621 2285 ex
1654 2255 1754 2296 patria
1777 2261 1933 2295 potestate
1958 2254 2098 2285 damnati
2123 2253 2265 2293 fuerant,
2297 2252 2379 2283 sole-

1300 2312 1315 2328 »
1338 2299 1454 2331 mniter
1478 2300 1688 2330 exsolverunt.
1707 2312 1722 2327 »

1366 2345 1446 2375 Heic
1469 2355 1536 2375 non
1561 2345 1641 2375 sistit
1664 2343 1732 2374 ille:
1758 2343 1915 2384 promissa
1942 2343 2059 2383 largius
2089 2342 2271 2381 effundens,
2297 2342 2379 2372 ultra

1298 2389 1516 2430 progreditur:
1540 2402 1555 2417 α
1577 2389 1724 2419 Alterum
1749 2387 1939 2430 (inquiens)
1969 2388 2059 2429 quod
2083 2387 2133 2418 hic
2162 2387 2379 2417 demonstrare

1301 2447 1316 2462 »
1338 2433 1483 2472 instituo,
1495 2434 1552 2464 etsi
1569 2443 1605 2464 ex
1619 2433 1675 2464 illo
1690 2433 1796 2474 primo
1811 2439 1927 2473 sponte
1941 2432 2006 2462 iarn
2020 2432 2100 2471 fluit,
2111 2432 2198 2462 istud
2212 2438 2275 2462 est:
2291 2431 2380 2462 Tho-

1301 2491 1315 2506 »
1338 2489 1427 2509 marn
1450 2478 1656 2519 Aquinatem,
1681 2488 1748 2508 non
1773 2487 1870 2515 anno,
1894 2484 1931 2508 ut
1953 2476 2094 2517 fingitur,
2111 2476 2193 2507 vitae
2217 2486 2306 2506 nono
2330 2476 2381 2506 vel

1301 2536 1315 2551 »
1339 2523 1464 2554 decimo
1489 2533 1506 2554 e
1530 2523 1767 2554 monachorum
1786 2521 2012 2553 casinensium
2036 2531 2111 2552 cura
2139 2528 2170 2552 et
2193 2520 2381 2551 educatione

1300 2580 1316 2596 »
1339 2575 1542 2606 revocatum,
1572 2568 1613 2598 ad
1636 2567 1780 2598 scholam
1804 2566 2041 2607 neapolitanam
2067 2566 2247 2597 auditorem
2271 2575 2380 2596 saecu-

1301 2625 1316 2640 »
1338 2613 1438 2644 larem
1457 2619 1488 2643 et
1505 2612 1625 2643 laicum
1641 2622 1659 2643 a
1678 2611 1862 2653 parentibus
1884 2611 2020 2642 missum
2036 2618 2120 2649 esse;
2146 2610 2232 2641 unde
2255 2610 2307 2640 ille
2331 2609 2380 2640 sui

1301 2670 1316 2686 »
1339 2658 1552 2699 postmodum
1575 2657 1653 2688 iuris
1672 2657 1785 2695 factus,
1805 2656 1913 2687 relicto
1933 2655 2073 2694 saeculo,
2089 2655 2129 2686 ad
2150 2655 2380 2686 Dominicanos

1301 2715 1316 2730 ¹·
1340 2702 1517 2734 accesserit:
1548 2702 1604 2733 sed
1634 2708 1744 2733 contra
1774 2701 1883 2742 potius
1913 2710 2015 2731 annos
2045 2700 2164 2731 circiter
2197 2699 2380 2740 quindecim

1301 2760 1316 2775 »
1339 2754 1463 2786 natum,
1488 2747 1667 2788 emissaque
1690 2746 1901 2787 professione,
1924 2745 1989 2776 veri
2013 2745 2078 2775 iam
2101 2744 2242 2775 nominis
2268 2754 2380 2774 mona—

1301 2805 1316 2820 »
1340 2793 1449 2831 chum,
1474 2792 1606 2823 Abbatis
1630 2791 1679 2822 sui
1703 2791 1792 2821 iussu
1817 2797 1912 2831 atque
1927 2790 2091 2828 mandato,
2106 2789 2279 2829 Neapolim
2302 2798 2379 2819 con-

1301 2850 1316 2865 »
1338 2837 1487 2875 tendisse,
1512 2836 1677 2867 altioribus
1700 2836 1743 2866 ibi
1768 2835 1879 2866 studiis
1903 2835 1962 2865 sub
1986 2844 2121 2865 suorum
2140 2841 2247 2864 tamen
2266 2843 2379 2863 mona—

1301 2895 1316 2910 »
1339 2882 1476 2913 chorum
1498 2881 1663 2922 disciplina
1691 2880 1954 2921 perpoliendum;
1979 2879 2064 2910 unde
2079 2879 2131 2909 ille
2155 2877 2282 2908 nonnisi
2306 2883 2380 2918 post

1301 2939 1316 2955 »
1339 2937 1441 2958 annos
1466 2926 1587 2957 circiter
1610 2932 1684 2956 octo
1714 2924 1852 2966 (aetatis
1874 2934 1962 2954 anno
1990 2923 2054 2966 23)
2083 2923 2185 2953 victus
2209 2922 2378 2963 cultusque

1301 2985 1316 3000 2
1339 2971 1524 3012 asperioris,
1549 2970 1755 3011 arctiorisque
1778 2968 1972 3010 paupertatis
1996 2968 2102 2998 studio
2127 2977 2315 3005 succensus,
2340 2966 2380 2996 ad

1300 3029 1316 3045 »
1339 3023 1522 3056 surgentem
1551 3015 1810 3046 Praedicatorum
1838 3013 1994 3044 Ordinem
2018 3022 2051 3042 se
2079 3011 2287 3050 transtulerit3
2312 3021 2379 3041 non

1301 3074 1315 3090 ιν
1338 3060 1448 3091 relicto
1477 3067 1554 3091 tunc
1584 3060 1727 3100 primum
1757 3058 1901 3097 saeculo,
1933 3057 1984 3088 cui
2008 3057 2063 3087 diu
2094 3063 2186 3087 antea
2216 3055 2380 3086 cucullum

1300 3119 1315 3134 »
1338 3106 1474 3136 induens
1506 3104 1715 3143 valedixerat,
1748 3103 1803 3134 sed
1832 3112 1916 3133 nova
1949 3101 2112 3142 religiosae
2143 3101 2225 3132 vitae
2258 3100 2380 3131 ratione

1301 3164 1316 3179 »
1339 3156 1494 3190 suscepta.
1514 3162 1529 3177 a>

1366 3195 1450 3226 Hinc
1473 3194 1556 3224 vitae
1584 3199 1813 3233 gestorumque
1841 3191 1989 3222 Thomae
2018 3189 2308 3230 chronographiam
2335 3189 2379 3219 sic

1299 3240 1411 3280 digerit
1430 3239 1650 3279 digestamque
1669 3237 1838 3278 proponit:
1872 3249 1887 3264 α
1903 3238 2001 3266 Anno
2024 3245 2107 3266 1220
2127 3235 2178 3265 die
2202 3235 2239 3264 16
2271 3233 2378 3274 aprilis

1301 3297 1316 3312 »
1339 3284 1478 3314 nascitur
1516 3283 1608 3313 divus
1643 3282 1788 3312 Thomas
1828 3281 1862 3311 in
1897 3287 1999 3311 castro
2037 3279 2256 3317 Rocca-sicca,
2291 3285 2378 3318 patre

1301 3342 1316 3356 >›
1339 3327 1500 3359 Landulfo
1534 3327 1663 3358 Comite
1696 3325 1875 3367 Aquinate,
1910 3331 2009 3355 matre
2042 3324 2215 3355 Theodora
2248 3322 2378 3353 Theatis

1301 3386 1316 3401 »
1340 3372 1478 3404 Comitis
1500 3371 1575 3401 filia.
1589 3384 1604 3398 »
1953 3404 1956 3407 ,

1369 3430 1384 3445 ‹<
1402 3419 1499 3447 Anno
1525 3416 1619 3452 1225,
1640 3414 1748 3445 aetatis
1766 3415 1795 3452 5,
1811 3414 1852 3443 ad
1866 3413 2038 3444 Casinense
2057 3411 2288 3443 Monasterium
2307 3410 2378 3440 mit-

1302 3474 1316 3489 »
1339 3461 1416 3492 titur
1446 3471 1464 3490 a
1487 3459 1688 3499 parentibus,
1719 3458 1844 3488 oblatus
1873 3458 1943 3487 Deo
1972 3463 2067 3497 atque
2092 3456 2212 3486 dicatus
2241 3455 2300 3485 sub
2330 3464 2378 3485 re-

1302 3518 1317 3533 »
1340 3505 1414 3545 gula
1438 3503 1501 3534 divi
1525 3503 1696 3533 Benedicti.
1715 3515 1730 3529 »

1370 3562 1384 3576 «
1402 3550 1499 3578 Anno
1525 3548 1619 3585 1235,
1640 3546 1748 3577 aetatis
1772 3547 1822 3584 15,
1842 3545 2053 3576 monasticam
2072 3544 2191 3575 ibidem
2205 3543 2377 3584 professio—

1302 3607 1317 3622 »
1339 3603 1415 3623 nem
1430 3592 1558 3622 emittit:
1579 3601 1614 3622 ac
1638 3598 1710 3621 turn
1727 3591 1767 3621 ad
1787 3590 1897 3620 altiora
1912 3590 2015 3620 studia
2028 3589 2200 3629 Neapolim
2214 3589 2253 3618 ab
2272 3588 2380 3618 Abba-

1303 3651 1318 3666 »
1340 3645 1371 3668 te
1390 3637 1535 3675 mittitur,
1553 3636 1612 3666 sub
1631 3635 1913 3675 Benedictinorwn
1926 3634 2153 3675 magistrorum
2172 3632 2346 3674 disciplina.
2359 3645 2376 3659 ιν
