2548 4192
923 267 978 303 IN
1009 267 1047 303 S.
1069 265 1311 303 THOMAM
1337 266 1662 313 AQUINATEM

195 347 471 389 praesumptionis
500 347 677 386 repressio,
707 349 791 386 quate
820 351 867 376 est
897 351 1002 376 mater
1029 345 1160 376 erroris.
1190 345 1274 375 Sunt

201 393 285 423 enim
316 391 446 432 quidam
477 396 602 421 tantum
632 390 672 420 de
701 400 760 420 suo
792 391 923 431 ingenio
946 394 1204 430 praesumenteS,
1239 395 1274 420 ut

201 441 299 467 totam
329 441 481 466 naturam
505 435 647 465 divinam
671 443 706 464 se
735 439 883 474 reputent
910 444 968 464 suo
993 434 1154 464 intellectu
1177 442 1275 474 posse

201 482 325 511 metiri:
354 480 560 510 aestimantes
587 479 708 509 scilicet
743 484 842 509 totum
877 488 945 509 esse
974 488 1086 509 verum
1115 478 1200 518 quod
1229 479 1275 508 eis

201 524 328 556 videtur
351 529 382 554 et
393 522 524 564 salsum
548 522 633 563 quod
657 524 702 553 eis
726 533 789 553 non
814 523 949 553 videtur.
978 522 1020 552 Ut
1043 532 1123 563 ergo
1152 522 1191 552 ab
1214 522 1275 553 hac

195 568 460 609 praesumptione
492 568 654 598 humanus
681 568 810 597 animus
838 567 993 597 liberatus
1027 566 1070 597 ad
1099 566 1273 597 modestam

202 613 438 653 inquisitionem
463 612 608 643 veritatis
629 612 812 651 perveniat,
838 612 1065 648 necessarium,
1086 611 1137 641 vel
1161 620 1274 641 conve-

201 656 292 687 niens
311 662 342 687 et
360 656 437 687 utile
447 655 530 696 fuit,
550 656 672 686 homini
687 656 826 696 proponi
843 655 1001 695 quaedam
1020 655 1175 686 divinitus
1193 665 1276 695 quae

202 702 332 731 omnino
356 700 550 731 intellectum
580 701 650 730 eius
678 700 878 730 excederent.
910 697 1019 736 Quid?
1047 699 1146 736 Quod
1169 709 1275 730 rerum

202 744 475 775 nobilissimarum
496 744 648 784 cognitio,
673 750 972 785 quantumcumque
995 743 1189 784 imperfecta,
1207 754 1275 774 ma-

201 790 324 820 ximam
350 789 583 830 perfectionem
617 790 746 819 animae
776 788 919 829 confert:
946 788 1032 818 unde
1053 790 1201 829 quamvis
1223 798 1273 826 ea,

202 843 286 874 quae
307 843 409 874 supra
433 834 590 864 rationem
606 838 693 871 sunt,
710 834 794 863 ratio
809 833 952 863 humana
961 833 1060 873 plene
1079 842 1194 873 capere
1210 842 1274 863 non

196 878 302 918 possit
308 885 322 915 ‚²
341 883 447 908 tamen
471 878 608 908 multum
631 877 691 908 sibi
708 877 921 918 perfectionis
943 878 1142 917 acquiritur,
1159 878 1188 908 si
1209 877 1275 908 sal-

203 927 265 953 tem
290 931 328 952 ea
352 922 628 963 qualitercumque
647 927 755 952 teneat
766 922 849 962 fide.

269 966 366 997 Hisce
389 966 558 1007 praecipue
581 965 774 1007 argumentis
802 965 908 996 nobile
941 965 1115 1005 ingenium*
1128 965 1276 996 Thomae

205 1011 336 1051 agebat,
361 1017 398 1042 ut
426 1011 539 1041 divinis
568 1010 724 1042 attributis
752 1019 929 1040 consonam
958 1009 1115 1049 nobisque
1139 1009 1276 1039 maxime

202 1055 316 1086 utilem
340 1055 485 1086 suaderet
506 1055 742 1092 revelationem,
769 1064 832 1094 qua
855 1063 1044 1093 supremum
1071 1054 1200 1083 Numen
1223 1063 1276 1083 ve-

203 1099 309 1130 ritates
333 1099 471 1138 divinas,
496 1109 578 1139 quae
601 1108 719 1129 nexum
742 1097 955 1128 necessarium
988 1103 1043 1127 aut
1067 1097 1276 1128 sufficientem

203 1153 271 1174 non
294 1143 412 1173 habent
434 1153 510 1173 cum
532 1143 570 1173 iis
593 1152 675 1184 quae
698 1142 780 1173 facta
802 1147 896 1179 sunt,
922 1151 1027 1181 neque
1050 1150 1106 1181 per
1134 1151 1171 1172 ea
1194 1151 1276 1182 quae

202 1187 284 1218 facta
300 1194 374 1218 sunt
396 1187 592 1217 innotescere
608 1193 754 1227 possunt,
771 1185 919 1223 voluerit,
936 1185 1028 1215 sicuti
1052 1191 1186 1225 poterat,
1202 1195 1276 1225 pro-

202 1241 323 1272 ponere
346 1241 382 1261 ac
405 1230 615 1262 manifestare.
632 1231 760 1261 Praesto
785 1236 859 1260 sunt
883 1229 978 1259 etiam
1002 1235 1033 1259 et
1063 1229 1222 1260 decentiae
1247 1236 1277 1260 et

203 1275 345 1306 utilitatis
368 1275 516 1314 rationes,
534 1281 570 1306 ut
585 1275 696 1306 eadem
712 1274 818 1305 divina
841 1273 990 1304 revelatio
1007 1273 1047 1303 ad
1070 1282 1122 1303 eas
1145 1283 1277 1315 quoque

202 1319 621 1362 protendereturrveritates,
637 1330 719 1360 quae
742 1319 902 1350 humanae
924 1317 1054 1348 rationis
1077 1317 1277 1358 inquisitioni

201 1364 328 1405 perviae
352 1363 509 1395 dicuntur.
534 1364 658 1402 Quarto
685 1363 828 1394 eiusdem
849 1362 920 1392 libri
949 1361 1043 1402 primi
1072 1363 1277 1402 praecedente

203 1409 305 1449 capite
327 1418 395 1439 rem
418 1408 500 1439 hanc
518 1408 658 1450 ‘illustrat
680 1406 896 1438 sanctissimus
920 1406 1051 1437 Doctor.
1073 1406 1107 1437 Si
1138 1417 1277 1448 namque

202 1453 346 1484 veritates
378 1452 412 1483 id
434 1462 535 1493 genus
567 1452 702 1483 naturali
731 1452 894 1483 dumtaxat
925 1450 1039 1481 rationi
1071 1450 1277 1491 inquirendae

202 1497 437 1539 relinquuntur,
453 1504 637 1538 sequeretur
652 1497 742 1538 quod
759 1497 877 1537 paucis
892 1495 1073 1526 hominibus
1087 1496 1151 1526 Dei
1167 1498 1277 1537 cogni-

203 1542 248 1573 tio
271 1542 396 1573 inesset.
422 1541 556 1573 Plurimi
573 1547 712 1583 propter
740 1541 970 1581 complexionis
1002 1540 1274 1580 indispositionem

202 1586 311 1617 minus
335 1587 400 1627 apti
423 1592 498 1617 sunt
513 1586 554 1616 ad
577 1587 759 1618 sciendum:
776 1584 995 1625 impediuntur
1017 1584 1069 1614 alii
1091 1587 1278 1616 necessitate

203 1631 253 1662 rei
266 1630 462 1672 familiaris,
480 1631 656 1671 quominus
679 1632 743 1661 otio
767 1629 1032 1669 contemplativae
1062 1630 1277 1670 inquisitionis

203 1674 300 1716 potiri
323 1681 451 1716 queant,
475 1680 511 1706 ut
525 1675 569 1706 ad
585 1685 746 1706 summum
761 1674 940 1715 fastigium
957 1674 1120 1704 humanae
1143 1675 1275 1715 inquisi-

204 1720 301 1750 tionis
328 1719 522 1759 pertingant,
554 1719 614 1750 Dei
638 1719 754 1751 scilicet
786 1719 918 1759 eiusque
941 1717 1166 1749 attributorum
1194 1719 1276 1749 noti-

203 1763 292 1795 n‘am.
309 1764 470 1795 Laborant
486 1764 538 1794 alii
547 1765 699 1805 pigritia,
717 1774 782 1804 qua
804 1768 943 1793 renuunt
959 1771 1093 1802 magnos
1110 1763 1276 1794 adsumere

203 1807 328 1838 labores
351 1807 458 1846 studii,
478 1808 545 1838 sine
568 1808 685 1849 quibus
708 1808 752 1839 ad
767 1807 959 1848 praedictae
974 1808 1119 1837 veritatis
1142 1809 1274 1848 inquisi-

204 1853 322 1883 tionem
334 1853 502 1892 perveniri
516 1862 582 1883 non
592 1858 708 1893 potest.
727 1852 786 1883 Vel
805 1852 854 1883 illi
872 1857 1041 1892 praeterea,
1061 1852 1117 1892 qui
1137 1852 1177 1882 ad
1194 1853 1276 1883 eius-

205 1896 280 1927 dem
307 1897 453 1927 veritatis
481 1897 695 1938 cognitionem
730 1897 781 1927 vel
809 1897 1022 1927 inventionem
1049 1898 1278 1938 pertingerent

203 1940 256 1972 vix
271 1945 349 1981 post
363 1940 497 1982 longum
513 1946 638 1981 tempus
659 1941 692 1971 id
711 1941 969 1982 adsequerentur,
986 1947 1057 1972 tum
1067 1946 1205 1981 propter
1219 1942 1276 1972 hu-

204 1985 342 2016 iusmodi
365 1986 510 2016 veritatis
526 1985 798 2026 profunditatem,
824 1993 894 2016 tum
918 1993 1048 2027 propter
1066 1986 1278 2016 necessarium

204 2029 433 2070 multiplicium
443 2029 666 2070 cognitionum
675 2030 842 2071 praevium
851 2038 1051 2071 apparatum,
1062 2038 1133 2062 tum
1148 2037 1278 2071 propter

203 2073 393 2115 passionum
407 2080 528 2113 motus,
544 2074 661 2115 quibus
679 2074 786 2105 anima
802 2082 965 2106 commota
990 2085 1052 2106 non
1074 2081 1120 2106 est
1143 2080 1218 2115 apta
1235 2075 1279 2106 ad

205 2123 270 2150 tam
296 2118 384 2149 altae
399 2119 545 2149 veritatis
568 2120 793 2160 cognitionem.
816 2119 904 2158 Quid
920 2117 1018 2160 ergo?
1033 2121 1276 2151 Remaneret...

204 2163 382 2194 humanum
405 2172 543 2204 genus...
569 2165 602 2194 in
626 2165 778 2194 maximis
799 2165 1007 2205 ignorantiae
1030 2164 1187 2195 tenebris:
1205 2174 1277 2195 cum

204 2207 269 2238 Dei
291 2207 450 2248 cognitio,
476 2217 560 2248 quae
589 2208 733 2239 homines
762 2210 904 2239 maxime
927 2208 1092 2250 perfectos
1120 2214 1151 2239 et
1181 2209 1279 2239 bonos

194 2250 305 2292 facit,
333 2252 461 2282 nonnisi
483 2252 672 2292 quibusdam
686 2254 814 2293 paucis,
832 2258 863 2283 et
886 2254 935 2284 his
952 2255 1070 2294 paucis
1089 2254 1184 2284 etiam
1202 2258 1279 2294 post

205 2297 358 2336 temporis
381 2296 614 2337 longitudinem
632 2298 832 2337 proveniret.

271 2340 384 2381 Neque
400 2347 589 2381 praetereas:
606 2341 692 2382 quod
708 2342 950 2383 investigationi
964 2342 1101 2373 rationis
1116 2342 1280 2372 humanae

199 2384 394 2426 plerumque
407 2385 547 2426 falsitas
569 2386 766 2417 admiscetur
781 2392 918 2427 propter
937 2387 1131 2418 debilitatem
1157 2387 1278 2417 intelle-

205 2435 276 2460 ctus
299 2430 402 2460 nostri
425 2431 457 2460 in
477 2430 649 2460 iudicando
679 2436 710 2461 et
730 2431 996 2471 phantasmatum
1015 2432 1277 2471 permixtionem.

205 2473 290 2504 Hinc
313 2473 462 2504 facillime
481 2473 633 2505 accideret
656 2475 779 2514 primo:
799 2475 889 2516 quod
907 2475 995 2515 apud
1009 2475 1126 2505 multos
1140 2476 1173 2505 in
1188 2475 1278 2505 dubi-

206 2518 326 2548 tatione
351 2523 558 2548 remanerent
573 2528 624 2557 ea,
639 2528 723 2559 quae
744 2525 821 2549 sunt
846 2521 1010 2550 verissime
1034 2520 1128 2549 etiam
1148 2519 1278 2549 demon-

205 2566 321 2600 strata,
333 2562 409 2593 dum
421 2563 483 2593 vim
494 2562 777 2594 demonstrationis
787 2564 959 2604 ignorant:
974 2569 1004 2594 et
1014 2565 1190 2604 praecipue
1205 2573 1277 2594 cum

205 2606 336 2637 videant
354 2617 374 2637 a
398 2606 545 2644 diversis,
565 2608 621 2647 qui
642 2608 802 2647 sapientes
824 2608 988 2646 dicuntur,
1006 2608 1135 2638 diversa
1158 2608 1277 2639 doceri.

206 2650 414 2691 Contingeret
436 2651 548 2682 etiam:
569 2652 655 2682 inter
678 2652 781 2682 multa
806 2652 924 2683 scilicet
947 2663 1025 2684 vera
1048 2662 1132 2692 quae
1149 2652 1278 2683 demon-

204 2699 364 2733 strantur,
381 2695 553 2726 immisceri
576 2696 752 2736 aliquando
768 2696 911 2737 falsum,
931 2697 1017 2738 quod
1039 2696 1190 2738 equidem
1213 2707 1277 2727 non

206 2739 463 2778 demonstratur,
489 2740 547 2771 sed
569 2741 679 2781 aliqua
695 2741 860 2781 probabili
884 2742 935 2772 vel
956 2742 1126 2782 sophistica
1152 2742 1280 2772 ratione

206 2785 366 2816 asseritur
387 2794 471 2826 quae
487 2785 647 2816 interdum
669 2785 899 2817 demonstratio
923 2791 1104 2826 reputatur.
1122 2786 1218 2816 Hisce
1231 2786 1277 2816 vi-

203 2828 255 2860 tiis
287 2835 319 2860 et
338 2829 480 2860 absurdis
503 2835 570 2860 tota
589 2836 685 2861 scatet
708 2837 851 2861 veterum
875 2830 1043 2870 gentilium
1062 2830 1277 2871 philosophia,

205 2883 288 2914 quae
304 2873 425 2904 divinas
448 2874 612 2913 veritates,
638 2875 819 2916 caeteroqui
843 2875 965 2915 pervias
988 2875 1103 2905 lumini
1132 2875 1277 2914 naturali,

205 2924 262 2948 aut
276 2917 408 2948 minime
425 2918 572 2949 adsecuta
594 2925 641 2949 est
665 2925 721 2949 aut
739 2919 896 2950 erroribus
911 2926 942 2950 et
958 2920 1147 2950 commentis
1162 2920 1277 2960 turpis-

207 2961 295 2992 simis
317 2961 477 2993 immixtas
492 2963 654 3003 proponit.
677 2963 722 2993 Et
744 2964 814 2994 ideo
830 2965 981 3004 oportuit,
1000 2974 1064 3004 per
1082 2965 1166 2994 viam
1180 2964 1276 3005 fidei,

196 3005 276 3046 fixa
299 3006 500 3045 certitudine,
518 3008 619 3047 ipsam
648 3009 814 3038 veritatem
829 3008 870 3038 de
892 3008 988 3039 rebus
1003 3008 1121 3039 divinis
1143 3009 1277 3039 homini-

208 3049 267 3080 bus
290 3049 432 3080 exhiberi
441 3058 454 3087 ,·
472 3057 509 3081 ut
523 3053 571 3082 sic
585 3061 695 3082 omnes
711 3052 752 3082 de
759 3051 862 3092 facili
870 3058 1005 3092 possent
1021 3052 1150 3083 divinae
1168 3054 1278 3094 cogni-

207 3094 303 3124 tionis
319 3095 497 3134 partictpes
520 3105 587 3126 esse
611 3101 641 3126 et
657 3096 775 3136 absque
797 3097 995 3127 dubitatione
1011 3102 1041 3127 et
1064 3106 1186 3127 errore.

275 3137 343 3167 Iam
374 3138 487 3178 collige
527 3140 776 3180 intelligibilium
814 3141 996 3171 divinorum
1035 3141 1095 3171 alia
1127 3141 1278 3182 distingui

207 3189 374 3222 oportere,
401 3192 483 3223 quae
506 3183 650 3214 nativum
673 3184 803 3215 rationis
827 3192 946 3216 creatae
979 3186 1090 3216 lumen
1122 3196 1179 3226 per
1211 3195 1278 3216 sese

207 3233 385 3266 spectatum
408 3237 475 3257 non
499 3228 669 3258 excedunt:
689 3228 750 3258 alia
772 3239 964 3270 vero,-quae
988 3230 1116 3260 nonnisi
1140 3230 1277 3269 gratuito

208 3270 332 3301 divinae
355 3271 554 3301 revelationis
578 3271 684 3303 favore
707 3272 903 3304 innotescere
920 3274 1065 3314 possunt.
1092 3274 1166 3311 Qua
1189 3274 1222 3304 in
1245 3284 1278 3304 re

207 3314 270 3345 labi
294 3315 469 3345 nonnullos
499 3315 716 3347 animadverto
748 3317 829 3348 inter
860 3318 1073 3349 heterodoxos
1101 3318 1277 3357 Religionis

205 3359 358 3390 revelatae
380 3359 540 3398 vindices,
565 3360 622 3401 qui
645 3361 852 3392 necessariam
881 3372 916 3392 ac
949 3362 1060 3392 utilem
1092 3362 1278 3392 hominibus

205 3404 432 3435 revelationem
448 3404 590 3434 divinam
605 3404 809 3443 vindicantes,
826 3413 1051 3445 argumentum
1074 3412 1207 3436 sumunt
1224 3416 1277 3436 ve-

205 3447 265 3479 luti
289 3448 498 3488 praecipuum
531 3458 568 3478 ex
591 3458 629 3479 eo
663 3449 874 3488 corruptionis
899 3456 929 3480 et
959 3449 1154 3488 ignorantiae
1183 3456 1277 3487 statu,

205 3491 239 3522 in
262 3502 329 3533 quo
353 3493 439 3523 nasci
462 3492 609 3523 homines
633 3493 820 3533 experimur.
840 3496 884 3523 At
899 3493 1113 3533 splendidum,
1133 3503 1168 3523 ac
1186 3503 1277 3533 vege-

207 3542 289 3575 tum,
307 3543 337 3567 et
361 3536 468 3567 efficax
491 3537 586 3567 fuerit
608 3537 752 3568 nativum
776 3544 894 3567 creatae
918 3537 1033 3567 mentis
1055 3537 1183 3567 lumen:
1203 3544 1278 3568 sunt

208 3580 327 3621 absque
351 3581 450 3611 dubio
473 3581 637 3620 veritates,
665 3581 704 3611 ad
726 3581 833 3612 Deum
856 3581 1067 3622 pertinentes,
1092 3591 1173 3622 quae
1197 3581 1277 3612 illud

207 3625 340 3656 omnino
365 3625 528 3657 excedunt.

2233 280 2398 306 CLXXXVII

1397 345 1450 376 111.
1471 346 1603 376 Divinae
1627 346 1836 384 revelationis,
1852 357 1934 388 quae
1958 347 2122 388 utriusque
2145 348 2265 388 generis
2289 349 2398 380 verita-

1330 396 1375 420 tes
1400 390 1522 421 divinas
1537 390 1712 431 patefaciat,
1729 391 1919 431 possibilitas
1942 391 2121 430 innotescit,
2144 393 2293 432 decentia,
2315 395 2398 426 utili-

1330 441 1387 465 tas.
1405 437 1456 464 An
1473 445 1516 472 se,
1534 444 1666 476 suaque,
1685 435 1749 466 sive
1765 435 1923 466 humanae
1940 435 2054 466 rationi
2076 437 2183 476 pervia
2198 448 2254 477 per
2268 448 2304 468 ea
2317 449 2399 479 quae

1331 478 1412 509 facta
1436 485 1510 509 sunt
1536 479 1600 509 sive
1631 479 1760 510 rationis
1793 480 1951 510 humanae
1976 481 2239 521 perquisitionem
2268 492 2400 514 omnem

1332 523 1522 561 excedentia,
1540 524 1683 564 detegere
1699 534 1734 555 ac
1750 524 1885 555 revelare
1899 525 2035 555 voluerit
2056 535 2244 565 supremum
2259 527 2399 566 Numen,

1331 567 1476 607 quaestio
1501 567 1573 598 facti
1598 575 1653 599 est.
1672 568 1814 599 Huiusce
1838 569 2037 599 revelationis
2061 570 2256 608 exstantiam,
2282 571 2397 601 revela-

1331 617 1445 652 taeque
1468 612 1642 651 Religionis
1657 612 1821 643 veritatem
1837 613 1985 644 adserunt
2003 614 2139 644 Hebraei
2163 621 2194 645 et
2214 614 2399 646 Christiani:

1331 655 1508 696 Librosque
1532 656 1697 696 proferunt
1720 667 1757 688 ex
1780 657 1896 696 divina,
1913 664 1949 688 ut
1972 657 2071 697 aiunt,
2094 658 2300 698 inspiratione
2323 669 2400 690 con-

1332 699 1475 740 scriptos,
1495 701 1550 741 qui
1566 701 1707 731 divinam
1732 701 1988 742 complectuntur
2011 703 2252 742 revelationem;
2279 704 2400 734 divinas

1331 754 1447 785 nempe
1470 744 1614 776 veritates
1637 745 1699 776 fide
1715 746 1876 784 tenendas,
1893 746 2015 777 cultum
2038 748 2229 787 peculiarem
2253 748 2399 778 exhiben-

1332 788 1411 818 dum
1433 789 1524 827 Deo,
1550 799 1719 830 moresque
1750 790 1921 821 hominum
1943 790 1977 820 in
2007 791 2117 822 ordine
2146 793 2279 823 naturali
2313 799 2344 823 et
2366 793 2399 822 in

1332 832 1442 862 ordine
1467 833 1621 873 superiori
1644 834 1760 873 gratiae
1784 835 2036 874 componendos.

1398 879 1450 907 An
1467 883 1652 917 argumenta
1674 884 1799 917 praesto
1817 878 1942 916 fuerint,
1960 889 2041 919 quae
2065 880 2171 911 Deum
2186 880 2263 911 haec
2281 881 2400 912 voluis-

1332 931 1365 951 se
1393 921 1503 951 omnia
1526 921 1661 951 revelare
1694 922 1846 952 suadeant
1868 923 2015 962 prudenti
2046 925 2239 965 cordatoque
2263 924 2400 967 cuique?

1331 965 1472 995 Plurima
1495 971 1570 995 sunt
1592 975 1628 995 ac
1650 965 1915 1005 luculentissima,
1933 977 2014 1007 quae
2037 968 2081 998 rei
2105 970 2245 1000 conditio
2268 970 2399 1010 patitur:

1332 1009 1448 1049 quibus
1472 1018 1588 1049 nempe
1611 1010 1831 1049 quaestiones,
1858 1020 1940 1051 quae
1964 1011 2035 1042 facti
2059 1012 2192 1044 alicuius
2216 1014 2402 1045 exstantiam

1331 1059 1447 1083 vocant
1470 1053 1510 1082 ad
1534 1063 1685 1091 examen,
1711 1053 1832 1084 felicius
1856 1065 1892 1085 ac
1924 1055 2056 1086 solidius
2089 1057 2225 1097 expediri
2258 1069 2402 1099 unquam

1332 1103 1478 1136 possunt.
1496 1097 1558 1127 Pro
1582 1107 1639 1127 sua
1661 1097 1742 1127 virili
1766 1108 1834 1128 rem
1858 1098 1921 1138 agit
1954 1100 2183 1131 accuratissime
2207 1112 2231 1132 s.
2258 1103 2402 1133 Thomas

1333 1140 1434 1180 capite
1457 1150 1500 1178 vl,
1515 1141 1570 1170 ubi
1595 1151 1632 1171 ea
1647 1141 1807 1172 doctrinae
1832 1143 1952 1173 semina
1968 1144 2085 1184 spargit
2108 1145 2227 1184 omnia,
2245 1157 2326 1187 quae
2344 1157 2402 1187 po-

1332 1190 1398 1214 stea
1420 1184 1478 1214 viri
1502 1184 1587 1215 docti
1612 1185 1804 1224 evolventes,
1822 1196 1858 1216 ac
1881 1187 2089 1226 declarantes,
2112 1196 2143 1219 et
2165 1190 2401 1230 amplificantes,

1331 1227 1500 1258 latissimas
1532 1229 1728 1260 adornarunt
1751 1230 1914 1270 apologias
1938 1232 2106 1262 adversum
2138 1233 2254 1274 impios
2279 1235 2402 1266 divinae

1332 1272 1531 1303 revelationis
1546 1273 1762 1314 revelataeque
1786 1274 1960 1314 Religionis
1983 1276 2100 1307 hostes.

1400 1317 1561 1356 [ntegrum
1584 1317 1679 1348 affero
1695 1324 1827 1349 textum.
1847 1331 1862 1347 «
1881 1319 1996 1350 Divina
2012 1320 2202 1361 Sapientia...
2226 1322 2266 1352 ad
2289 1323 2401 1354 confir-

1335 1373 1350 1388 »
1372 1361 1528 1391 mandum
1543 1371 1590 1400 ea,
1601 1372 1683 1403 quae
1699 1363 1875 1394 naturalem
1895 1364 2111 1404 cognitionem
2131 1366 2294 1406 excedunt,
2305 1378 2401 1408 opera

1334 1417 1350 1432 2
1371 1405 1533 1437 visibiliter
1558 1407 1696 1438 ostendit
1725 1417 1807 1448 quae
1840 1408 1938 1439 totius
1964 1415 2092 1440 naturae
2125 1418 2273 1450 superant
2306 1412 2401 1442 facul-

1335 1462 1350 1477 »
1372 1456 1487 1481 tatem:
1507 1450 1652 1482 videlicet
1674 1451 1707 1481 in
1731 1452 1872 1483 mirabili
1895 1454 2062 1484 curatione
2084 1454 2292 1494 languorum,
2317 1466 2404 1486 mor-

1334 1505 1349 1521 »
1373 1499 1503 1525 tuorum
1526 1496 1744 1534 suscitatione,
1773 1497 1954 1528 caelestium
1978 1507 2151 1538 corporum
2181 1500 2322 1530 mirabili
2346 1502 2403 1530 im-

1334 1551 1350 1566 »
1372 1540 1568 1570 mutatione:
1586 1546 1617 1570 et
1632 1541 1722 1581 quod
1746 1547 1792 1572 est
1807 1541 1993 1580 mirabilius,
2010 1543 2226 1573 humanarum
2250 1546 2404 1575 mentium

1335 1595 1350 1610 2>
1373 1584 1593 1624 inspiratione,
1612 1591 1648 1615 ut
1670 1585 1787 1616 idiotae
1811 1593 1842 1617 et
1865 1586 2043 1627 simplices,
2067 1587 2154 1617 dono
2178 1588 2311 1628 Spiritus
2335 1600 2404 1620 san-

1335 1640 1350 1654 »
1373 1627 1414 1658 cti
1438 1628 1559 1668 repleti,
1577 1639 1738 1660 summam
1762 1630 1949 1670 sapientiam
1971 1638 2001 1662 et
2020 1631 2202 1662 facundiam
2225 1633 2258 1663 in
2277 1633 2405 1665 instanti

1335 1684 1350 1717 ἦν
1373 1679 1653 1713 consequerentur.
1673 1686 1688 1701 »
1709 1674 1771 1705 Sed
1786 1675 1866 1705 illud
1883 1675 2155 1706 animadversione
2172 1676 2406 1717 dignissimum:

1335 1729 1350 1744 ι
1371 1717 1550 1747 Praedictae
1574 1717 1770 1757 probationis
1794 1718 1980 1758 efficaciam,
2007 1730 2070 1750 non
2095 1731 2261 1752 armorum
2286 1723 2405 1753 violen-

1335 1773 1350 1788 x·
1374 1762 1430 1799 tia,
1448 1771 1515 1791 non
1539 1762 1738 1802 voluptatum
1756 1765 1990 1803 promissione,·
2009 1771 2040 1795 et
2063 1765 2151 1806 quod
2169 1772 2214 1796 est
2237 1766 2402 1797 mirabilis-

1335 1817 1350 1832 »
1373 1805 1503 1844 simum,
1521 1806 1606 1836 inter
1622 1813 1868 1847 persecutorum
1893 1809 2112 1849 tyrannidem,
2139 1810 2404 1842 innumerabilem

1336 1862 1351 1877 ι
1373 1850 1518 1889 turbam,
1545 1860 1612 1880 non
1645 1851 1751 1881 solum
1775 1852 1988 1892 simplicium,
2013 1854 2067 1883 sed
2091 1854 2185 1884 etiam
2208 1856 2403 1895 sapientissi-

1336 1906 1350 1921 »
1374 1904 1500 1925 morum
1523 1895 1699 1933 hominum,
1717 1896 1757 1926 ad
1780 1895 1877 1927 fidem
1901 1897 2114 1928 Christianam
2138 1899 2370 1931 convocavisse.
2385 1913 2400 1928 ›

1334 1938 1422 1976 Quid
1446 1946 1492 1969 est
1507 1949 1582 1969 vero
1606 1939 1683 1970 haec
1706 1939 1784 1971 fides
1803 1940 2003 1972 Christiana?
2023 1942 2078 1972 Illa
2101 1951 2234 1983 nempe:
2255 1956 2269 1971 «
2290 1944 2324 1974 In
2341 1955 2406 1985 qua

1337 1996 1351 2011 ›
1374 1993 1498 2014 omnem
1523 1984 1699 2015 humanum
1732 1986 1926 2016 intellectum
1951 1987 2136 2017 excedentia
2165 1988 2404 2028 praedicantur,

1337 2041 1351 2055 »
1375 2028 1554 2068 voluptates
1577 2030 1687 2059 carnis
1710 2029 1898 2060 cohibentur
1928 2037 1958 2061 et
1988 2031 2098 2061 omnia
2121 2042 2202 2072 quae
2225 2032 2259 2062 in
2282 2034 2405 2063 mundo

1337 2085 1351 2100 »
1374 2079 1450 2103 sunt
1471 2073 1583 2103 haberi
1606 2075 1800 2114 contemptui
1815 2075 1988 2106 docentur:
2006 2076 2119 2116 quibus
2137 2077 2263 2107 animos
2285 2083 2405 2108 morta-

1337 2129 1352 2144 »
1375 2117 1454 2147 lium
1471 2119 1624 2148 assentiri
1640 2125 1671 2149 et
1687 2118 1864 2149 maximum
1880 2119 2070 2150 miraculum
2087 2127 2133 2151 est
2149 2127 2180 2151 et
2201 2121 2406 2152 manifestum

1337 2174 1352 2189 »
1375 2161 1498 2192 divinae
1522 2162 1736 2202 inspirationis
1760 2173 1854 2204 opus,
1872 2171 1908 2194 ut
1931 2165 2121 2205 contemptis
2138 2165 2312 2196 visibilibus
2336 2166 2404 2196 sola

1337 2218 1352 2234 »
1374 2205 1542 2236 invisibilia
1566 2207 1743 2247 cupiantur.
1763 2220 1778 2235 ι»
1799 2208 1951 2245 Quonam
1975 2219 2049 2239 vero
2070 2210 2169 2239 modo
2185 2209 2261 2240 haec
2285 2210 2404 2240 accide-

1335 2250 1407 2289 rint,
1424 2261 1506 2291 quae
1530 2261 1626 2282 nemo
1660 2250 1883 2292 excogitasset?
1905 2266 1919 2280 ‹<
1942 2253 2013 2283 Hoc
2046 2260 2153 2284 autem
2186 2263 2252 2284 non
2280 2255 2403 2292 subito,

1338 2308 1352 2323 xo
1375 2305 1479 2336 neque
1503 2305 1580 2326 casu
1598 2296 1653 2326 sed
1675 2297 1785 2327 divina
1802 2297 2007 2337 dispositione
2030 2297 2149 2328 factum
2173 2308 2250 2336 esse,
2273 2298 2405 2329 manife-

1338 2352 1352 2367 ιν
1375 2346 1461 2370 stum
1478 2346 1524 2370 est
1540 2350 1577 2370 ex
1593 2340 1665 2378 hoc,
1682 2341 1770 2381 quod
1794 2341 1856 2371 hoc
1873 2351 1906 2372 se
1930 2341 2088 2372 facturum
2112 2343 2221 2373 multis
2235 2348 2311 2374 ante
2325 2344 2404 2374 Pro-

1337 2397 1352 2412 »
1368 2385 1543 2424 phetarum
1561 2385 1730 2424 praedixit
1752 2386 1914 2416 oraculis:
1933 2396 2072 2426 quorum
2088 2386 2158 2416 libri
2175 2397 2271 2427 penes
2295 2397 2354 2418 nos
2370 2387 2403 2418 in

1338 2441 1352 2456 »
1374 2428 1576 2459 veneratione
1600 2429 1765 2468 habentur,
1792 2437 1903 2470 utpote
1927 2437 2052 2461 nostrae
2080 2430 2153 2461 fidei
2184 2431 2403 2462 testimonium

1338 2486 1352 2500 >›
1375 2472 1568 2503 adhibentes.
1590 2486 1604 2500 »
1626 2474 1751 2515 Inquies
1775 2474 1917 2513 fortasse,
1944 2475 2033 2515 signa
2056 2482 2087 2505 et
2110 2482 2255 2515 portenta
2284 2476 2403 2515 afferri,

1334 2527 1416 2558 quae
1440 2517 1499 2547 sub
1524 2518 1636 2548 oculos
1655 2525 1782 2549 nostros
1797 2529 1863 2550 non
1880 2519 2007 2550 cadunt.
2024 2519 2140 2550 Nonne
2163 2530 2238 2550 vero
2258 2534 2273 2548 α
2292 2520 2401 2551 haec...

1337 2574 1352 2589 ιο
1375 2567 1439 2592 tam
1474 2562 1631 2593 mirabilis
1663 2563 1775 2593 mundi
1806 2564 1971 2594 conversio
2007 2564 2047 2593 ad
2073 2563 2169 2594 fidem
2193 2564 2405 2595 Christianam

1337 2605 1361 2634 »’
1375 2604 1492 2647 (quam
1517 2607 1619 2637 oculis
1635 2608 1819 2650 intuemur)
1838 2608 1993 2639 indicium
2017 2608 2226 2639 certissimum
2249 2616 2295 2639 est
2307 2620 2404 2649 prae-

1337 2663 1352 2678 »
1375 2651 1544 2681 teritorum
1567 2652 1757 2692 signorum,
1785 2659 1821 2683 ut
1844 2663 1880 2683 ea
1903 2652 2034 2683 ulten‘us
2058 2653 2159 2683 iterari
2184 2663 2309 2684 necesse
2338 2664 2404 2684 non

1337 2708 1352 2723 »
1375 2694 1425 2733 sit,
1443 2705 1518 2725 cum
1534 2696 1567 2726 in
1583 2705 1642 2726 suo
1666 2696 1781 2736 effectu
1797 2704 1968 2737 appareant
1988 2695 2166 2727 evidenter?
2185 2698 2275 2728 Esset
2297 2705 2405 2728 autem

1338 2752 1352 2767 »
1375 2739 1521 2770 omnibus
1542 2741 1646 2781 signis
1667 2741 1856 2779 mirabilius,
1875 2741 1900 2772 si
1925 2742 1964 2771 ad
1981 2742 2171 2772 credendum
2197 2747 2261 2772 tam
2285 2742 2402 2780 ardua,

1337 2797 1352 2812 »
1375 2784 1414 2814 ad
1438 2785 1638 2825 operandum
1661 2790 1726 2815 tam
1741 2785 1889 2826 difficilia
1899 2809 1910 2824 ,
1933 2793 1963 2816 et
1979 2786 2017 2816 ad
2034 2786 2225 2826 sperandum
2242 2792 2305 2816 tam
2322 2787 2402 2824 alta,

1337 2842 1351 2857 x>
1374 2829 1516 2860 mundus
1531 2830 1650 2870 absque
1665 2830 1864 2861 mirabilibus
1886 2832 1990 2871 signis
2005 2830 2153 2860 inductus
2169 2830 2278 2861 fuisset
2293 2841 2313 2860 a
2328 2831 2402 2860 sim-

1336 2886 1351 2901 »
1367 2874 1508 2914 plicibus
1536 2880 1567 2904 et
1589 2874 1782 2915 ignobilibus
1813 2875 2014 2905 hominibus:
2035 2874 2179 2915 quamvis
2210 2884 2275 2904 non
2305 2881 2403 2905 cesset

1336 2931 1351 2946 ›
1373 2918 1472 2957 Deus,
1489 2919 1585 2950 etiam
1608 2919 1723 2949 nostris
1746 2919 1954 2959 temporibus,
1975 2919 2014 2949 ad
2030 2918 2305 2949 confirmationem
2327 2918 2400 2949 fidei

1336 2975 1350 2990 »
1373 2973 1430 3003 per
1453 2970 1578 2994 sanctos
1602 2974 1678 2994 suos
1701 2963 1852 2994 miracula
1875 2963 2008 3004 operari.
2028 2976 2042 2990 :⁹

1400 3008 1513 3038 Paucis
1537 3008 1667 3038 collecta
1697 3008 1793 3038 habes
1822 3015 2006 3048 argumenta
2029 3007 2157 3044 omnia,
2183 3016 2264 3047 quae
2288 3007 2401 3037 adduci

1334 3061 1479 3092 unquam
1503 3052 1627 3092 possint
1650 3062 1685 3082 ac
1705 3052 1838 3083 debeant
1861 3053 1901 3082 ad
1924 3052 2004 3082 hanc
2025 3051 2096 3081 facti
2121 3051 2340 3091 quaestionem
2357 3051 2402 3081 di-

1334 3096 1528 3126 rimendam:
1559 3107 1639 3127 num
1670 3107 1703 3127 se
1732 3097 1819 3127 Deus
1854 3106 1974 3136 suaque
2003 3095 2187 3126 hominibus
2218 3095 2402 3126 immediata

1334 3139 1524 3171 revelatione
1547 3139 1812 3171 manifestaverit?
1830 3143 2026 3180 Argumenta
2041 3139 2183 3179 intelligo
2208 3139 2332 3170 omnia:
2353 3141 2401 3169 in-

1333 3186 1395 3215 sita
1419 3185 1499 3223 alia,
1525 3195 1607 3225 quae
1636 3195 1673 3215 ex
1696 3185 1772 3224 ipsis
1801 3184 1960 3215 doctrinae
1991 3184 2142 3214 revelatae
2174 3183 2401 3214 characteribus

1334 3229 1509 3259 ducuntur:
1530 3229 1590 3259 alia
1606 3229 1766 3259 adscititia
1789 3234 1820 3259 et
1843 3234 2010 3266 extranea,
2028 3237 2108 3268 quae
2130 3228 2275 3267 depromi
2299 3228 2401 3258 solent

1334 3282 1370 3302 ex
1394 3273 1523 3303 illorum
1547 3273 1741 3310 conditione,
1758 3273 1813 3313 qui
1830 3283 1862 3302 se
1887 3272 2035 3303 divinitus
2057 3272 2225 3312 inspiratos
2248 3272 2400 3312 praefere-

1334 3317 1419 3355 bant,
1437 3327 1474 3347 ex
1497 3317 1587 3347 editis
1611 3317 1781 3355 miraculis,
1799 3327 1835 3347 ex
1859 3317 2098 3356 prophetiarum
2122 3323 2247 3354 eventu,
2271 3326 2400 3346 conver—

1333 3361 1422 3390 sione
1446 3361 1579 3398 mundi,
1605 3361 1778 3401 Religionis
1802 3367 1992 3400 propagatae
2015 3360 2134 3398 modo,
2160 3366 2400 3399 persecutorum

1334 3405 1457 3435 tametsi
1490 3404 1664 3435 furentium
1693 3405 1925 3442 imbecillitate,
1953 3404 2127 3434 constantia
2156 3410 2331 3444 martyrum
2363 3414 2399 3434 ac

1333 3448 1463 3488 perenni
1487 3445 1635 3479 omnium
1665 3449 1865 3479 saeculorum
1895 3448 2089 3478 testimonio.
2116 3448 2302 3478 Innumerae
2325 3458 2399 3488 pro-

1334 3499 1416 3523 stant
1439 3492 1687 3531 elegantissimae
1711 3502 1746 3523 ac
1769 3493 1916 3522 robustae
1939 3492 2109 3529 vindiciae,
2133 3491 2250 3532 quibus
2274 3491 2335 3522 hoc
2352 3502 2399 3522 ar-

1333 3543 1521 3576 gumentum
1545 3536 1603 3566 viri
1626 3536 1778 3574 illustres,
1809 3542 1927 3566 veteres
1953 3543 1983 3566 et
2006 3542 2143 3566 recentes
2167 3535 2341 3574 illustrant,
2365 3536 2399 3566 in

1334 3590 1461 3610 arenam
1485 3580 1707 3610 descendentes
1722 3580 1890 3610 adversum
1912 3580 2035 3610 divinae
2059 3580 2256 3610 revelationis
2273 3580 2398 3611 hostes:

1333 3624 1412 3654 nihil
1435 3634 1510 3654 vero
1535 3624 1666 3663 dictum,
1682 3624 1761 3654 nihil
1785 3624 2037 3664 praeclarissimis
2056 3634 2168 3655 eorum
2191 3624 2225 3655 in
2247 3624 2398 3656 Disserta-
