2788 4204
85 593 97 604 ⁴
107 592 201 623 Codd.:
223 594 298 613 utrum

86 626 116 640 si.

88 700 95 708 ·
108 698 192 722 Codd..
204 703 298 718 exon.-

86 731 111 747 P:
123 727 160 745 est
172 725 196 745 in
201 726 280 751 parte.
288 735 298 739 -

88 757 114 773 G:
127 751 177 772 alia
192 751 272 771 mulla.

85 857 96 867 ⁴¹
105 856 188 882 Codd.,
198 861 298 877 exc.co.-

86 889 110 904 r:
122 882 282 910 praedicetur.

84 1226 199 1248 ’Codd.-
218 1232 243 1246 A:
259 1231 298 1246 or-

86 1252 169 1273 ainata
177 1260 185 1277 ‚·
194 1258 223 1273 ru
238 1258 297 1273 om.-

87 1279 123 1300 Cf.
134 1282 190 1300 text.

84 1327 94 1337 ⁶
102 1327 158 1348 Cum
169 1327 212 1348 hoc
219 1333 297 1348 om.a.

84 1354 105 1362 '¹'
115 1353 201 1375 Codd.·
210 1360 230 1375 r:
238 1360 296 1381 pos-

84 1382 146 1401 sunt.

185 1488 191 1502 ῑ

326 234 404 279 264

325 319 362 349 et
390 312 421 347 C
451 311 497 348 de
527 312 554 358 I,
576 318 612 346 et
640 312 654 347 1
685 311 732 347 de
761 310 803 346 B.
826 311 894 346 Est
922 321 1009 356 ergo
1045 306 1232 356 quaestio:
1261 314 1390 344 utrum

325 377 481 401 necesse
511 363 556 400 sit
584 363 646 399 hic
664 361 677 384 ⁰
697 362 965 400 descendendo
1000 368 1118 405 stare,
1155 367 1219 395 aut
1248 360 1391 397 contin-

326 425 387 466 gat
414 418 452 453 in
480 417 668 453 infinitum
698 414 778 452 ire?

380 483 415 518 9.
437 471 487 506 Et
505 470 668 506 ostendit
687 475 963 518 consequenter
982 465 1233 504 differentiam
1253 466 1390 502 harum

327 525 489 561 duarum
519 522 795 571 quaestionum,
827 520 915 568 quia
942 520 980 556 in
1007 521 1131 569 prima
1168 519 1391 567 quaestione

327 576 594 625 quaerebatur:
612 575 641 611 si
655 575 675 595 '¹‘
694 574 827 622 aliquis
846 573 998 621 incipiat
1017 586 1039 610 a
1057 572 1390 622 particularissimo

326 629 508 674 subiecto,
530 628 634 676 quod
662 627 751 663 nulli
771 627 867 662 inest
893 639 963 675 per
981 627 1144 663 modurn
1174 638 1251 675 quo
1267 633 1391 662 totum

325 681 539 719 universale
564 680 659 716 inest
682 680 778 727 parti
804 680 838 725 ²¹⁸,
869 680 937 716 sed
956 680 1028 716 alia
1047 679 1174 717 insunt
1194 679 1240 725 ei,
1261 686 1390 715 utrum

327 734 516 781 contingat
543 732 751 781 procedere
779 732 818 770 in
851 732 1042 769 infinitum
1079 731 1390 770 ascendendo?-

327 788 503 825 Secunda
530 798 623 822 vero
653 786 823 834 quaestio
854 794 925 822 est:
952 786 982 822 si
1011 786 1144 835 aliquis
1172 785 1324 834 incipiat
1343 786 1391 822 ab

325 839 647 878 universalissimo
668 839 897 887 praedicato,
920 840 1024 888 quod
1042 840 1283 888 praedicatur
1303 840 1323 860 '⁸
1344 840 1390 876 de

326 894 404 931 aliis
431 893 526 929 sicut
543 899 667 929 totum
686 892 901 929 universale
923 893 971 929 de
996 901 1120 941 parte,
1143 901 1179 930 et
1206 892 1297 929 nihil
1317 893 1392 929 hoc

325 946 444 984 modo
464 945 703 994 praedicatur
723 946 770 983 de
789 946 865 992 illo,
881 954 1010 983 utrum
1031 947 1221 994 contingat
1236 947 1391 983 descen-

326 1001 452 1037 dendo
481 999 691 1047 procedere
720 999 757 1035 in
786 998 1003 1036 infinitum?

384 1065 441 1089 io.
463 1052 612 1098 Tertio,
633 1052 705 1089 ibi:
725 1053 898 1101 Amplius
917 1053 1039 1090 media
1060 1060 1143 1100 etc.,
1165 1059 1297 1089 movet
1321 1061 1392 1090 ter-

324 1106 415 1142 tiam
445 1105 709 1154 quaestionem
739 1115 783 1142 ex
810 1114 917 1154 parte
946 1106 1062 1144 medii
1090 1106 1252 1143 termini.
1278 1107 1328 1142 Et
1354 1106 1393 1143 in

324 1160 397 1196 hac
425 1158 646 1207 quaestione
675 1167 943 1207 supponuntur
971 1160 1048 1196 duo
1074 1167 1243 1198 extrema
1271 1160 1392 1196 deter-

325 1213 467 1249 minata
486 1212 517 1258 *,
539 1212 678 1249 scilicet
705 1212 1073 1250 universalissimum
1107 1213 1391 1262 praedicatum,

326 1274 362 1302 et
375 1265 752 1315 particularissimum
776 1266 1006 1311 subiectum3
1029 1274 1065 1303 et
1088 1266 1280 1315 quaeritur
1304 1280 1392 1304 curn

324 1321 399 1356 hoc
419 1321 451 1365 ⁵,
471 1327 599 1356 utrum
619 1320 765 1368 possint
782 1320 822 1340 *³*
837 1332 919 1356 esse
938 1319 1085 1356 infinita
1103 1319 1248 1356 media:
1278 1328 1391 1368 puta,

325 1373 355 1410 si
383 1375 418 1409 A
447 1373 492 1409 sit
519 1372 886 1410 universalissimum
914 1373 1193 1421 praedicatum,
1222 1380 1258 1409 et
1287 1374 1318 1409 C
1348 1374 1394 1410 sit

324 1426 700 1475 particularissimum
729 1426 954 1470 subiectum,
977 1433 1013 1462 et
1041 1425 1137 1462 inter
1159 1427 1194 1462 A
1223 1433 1260 1462 et
1288 1426 1319 1462 C
1349 1427 1394 1463 sit

325 1479 497 1516 medium
526 1480 577 1525 B,
608 1487 644 1516 et
676 1479 773 1515 inter
800 1480 834 1515 A
864 1487 901 1515 et
928 1479 958 1515 B
987 1478 1126 1515 iterum
1160 1479 1206 1515 sit
1233 1478 1336 1516 aliud
1360 1486 1391 1526 ¹,

326 1540 361 1569 et
389 1532 557 1569 similiter
585 1532 680 1569 inter
699 1533 730 1568 Β
756 1540 792 1568 et
821 1532 864 1578 C,
887 1539 923 1568 et
940 1532 1081 1569 horum
1102 1532 1216 1569 etiam
1245 1533 1392 1569 medio-

325 1598 410 1622 rum
431 1586 503 1622 sint
522 1585 593 1621 alia
621 1585 759 1631 media,
780 1585 876 1622 inter
894 1585 976 1634 ipsa
995 1585 1135 1622 scilicet
1154 1593 1191 1622 et
1210 1593 1390 1633 extrema,

323 1646 402 1676 tam
444 1639 686 1675 ascendendo
725 1651 843 1687 quarn
883 1639 1165 1676 descendendo.
1196 1640 1265 1676 Est
1302 1652 1391 1687 ergo

324 1691 494 1741 quaestio
514 1697 548 1728 ³:
573 1699 702 1732 utrum
730 1692 805 1728 hoc
828 1692 948 1740 possit
975 1693 1184 1741 procedere
1209 1692 1247 1729 in
1267 1692 1391 1730 infini-

323 1753 417 1791 tum,
448 1751 512 1781 aut
539 1745 614 1781 hoc
643 1745 688 1781 sit
716 1744 980 1793 impossibile?

382 1811 439 1834 11.
469 1797 618 1835 Deinde
657 1810 746 1835 cum
776 1798 879 1835 dicit:
909 1800 1128 1836 Est'autem
1166 1799 1239 1835 hoc
1276 1799 1392 1836 inten-

322 1852 410 1888 dere
443 1858 534 1897 etc.,
567 1851 731 1888 ostendit
768 1852 817 1889 ad
846 1852 938 1901 quid
974 1851 1131 1889 tendant
1167 1852 1391 1890 huiusmodi

297 1909 300 1912 '
323 1905 582 1954 quaestiones;
612 1904 650 1941 in
679 1917 756 1954 quo
796 1905 1006 1942 declaratur
1035 1905 1141 1954 quod
1168 1905 1391 1943 huiusmodi

82 2291 91 2300 ·
100 2296 124 2311 c:
136 2295 294 2318 quaecunque.

323 1958 564 2008 quaestiones
592 1958 780 2007 pertinent
803 1959 852 1996 ad
881 1958 1092 2005 materiam,
1119 1959 1167 1996 de
1187 1971 1263 2007 qua
1290 1971 1392 1996 nunc

322 2012 453 2060 agitur,
465 2012 604 2048 scilicet
618 2012 667 2050 ad
683 2012 1038 2049 demonstrationes.
1055 2012 1155 2049 Dicit
1175 2024 1264 2060 ergo
1286 2013 1392 2061 quod

322 2065 517 2102 intendere
538 2064 768 2114 inquisitioni
786 2065 954 2103 veritatis
971 2064 985 2087 λ
1008 2065 1047 2102 in
1066 2066 1144 2102 istis
1164 2066 1392 2114 quaestioni-

321 2119 392 2156 bus
412 2118 516 2155 idem
542 2126 597 2155 est
624 2132 669 2156 ac
697 2118 728 2155 si
748 2126 964 2168 quaeratur,
990 2126 1120 2156 utrum
1150 2119 1387 2156 demonstra-

321 2172 443 2209 tiones
466 2172 676 2221 procedant
694 2172 732 2209 in
752 2172 960 2219 infinitum,
981 2173 1043 2209 vel
1064 2173 1307 2210 ascendendo
1327 2173 1390 2210 vel

322 2225 605 2263 descendendo.
627 2226 884 2264 Ascendendo
906 2225 1075 2275 quidem,
1087 2226 1138 2263 ita
1153 2227 1257 2275 quod
1274 2239 1388 2275 quae-

321 2280 411 2316 libet
424 2280 444 2301 *
456 2279 680 2328 propositio,
701 2292 747 2316 ex
762 2292 838 2328 qua
854 2279 1126 2317 demonstratio
1145 2279 1329 2329 procedit,
1345 2279 1392 2317 sit

376 2439 400 2472 θ)
419 2440 531 2465 Necesse
549 2440 584 2464 sit
603 2440 645 2465 hic
664 2440 846 2465 descendendo
865 2445 913 2465 etc.
926 2454 946 2461 -
959 2441 994 2465 P:
1014 2448 1117 2466 necesse
1135 2442 1170 2466 sit
1188 2442 1237 2467 hoc
1257 2442 1283 2467 in
1305 2442 1329 2466 C
1345 2441 1390 2466 de-

321 2475 470 2501 scendendo
490 2481 538 2500 etc.
558 2476 638 2500 Codd.
650 2475 929 2506 BCDEILMNQRST:
945 2483 1046 2502 necesse
1060 2477 1095 2501 sit
1108 2477 1157 2507 hic,
1169 2482 1195 2502 et
1206 2485 1300 2502 omnes
1315 2477 1391 2502 omit-

322 2516 380 2536 tunt
399 2511 426 2536 in
448 2511 475 2536 C.
493 2525 513 2530 —
530 2511 568 2535 Sit
586 2511 754 2543 syllogismus
780 2511 955 2543 supradictus:
974 2513 997 2536 A
1016 2517 1056 2537 est
1074 2513 1109 2542 B;
1129 2513 1150 2537 C
1169 2518 1208 2537 est
1226 2514 1263 2544 A;
1287 2520 1350 2545 ergo
1369 2512 1390 2537 C

323 2552 364 2572 est
381 2547 410 2571 B.
436 2547 462 2571 Si
487 2547 508 2571 C
533 2546 567 2571 ita
589 2551 629 2571 est
654 2546 799 2571 subiectum
818 2547 851 2577 Β,
877 2552 905 2571 ut
924 2547 956 2571 sit
981 2547 1058 2572 etiam
1084 2548 1260 2580 praedicatum
1285 2548 1390 2573 alterius

316 2582 429 2607 ‘subiecti
449 2582 479 2612 D,
499 2580 553 2606 fieri
572 2586 658 2614 potest
676 2582 860 2614 syllogismus:
879 2582 902 2606 D
921 2587 961 2606 est
976 2578 1011 2613 C;
1027 2583 1047 2607 E
1062 2588 1102 2607 est
1121 2583 1157 2613 D;
1173 2584 1194 2608 E
1209 2588 1249 2608 est
1263 2584 1293 2608 C.
1313 2583 1390 2614 Quod

323 2619 346 2643 si
365 2618 386 2642 E
406 2625 458 2642 non
477 2622 517 2642 est
535 2617 704 2642 solummodo
723 2617 880 2647 subiectum,
900 2617 1036 2642 habebitur
1054 2618 1074 2642 F
1094 2623 1134 2642 est
1148 2618 1177 2648 E,
1191 2623 1239 2644 etc.
1259 2619 1329 2650 Ergo
1347 2624 1391 2644 aut

324 2661 433 2678 necesse
457 2657 497 2677 est
515 2657 583 2677 stare
602 2652 628 2676 in
646 2652 738 2677 ultimo
757 2652 882 2683 subiecto,
901 2658 963 2684 puta
981 2653 1019 2683 G,
1039 2654 1111 2685 quod
1129 2654 1164 2678 ita
1182 2659 1221 2678 est
1245 2654 1390 2679 subiectum

324 2689 357 2713 de
375 2696 429 2721 quo
447 2693 532 2712 cetera
550 2688 736 2720 praedicantur,
749 2692 778 2712 ut
797 2688 892 2712 nullius
911 2688 1015 2713 alterius
1028 2689 1135 2713 subiecti
1150 2690 1232 2721 possit
1244 2697 1303 2714 esse
1317 2697 1391 2722 prae-

325 2724 446 2754 dicatum,
464 2728 508 2748 aut
526 2731 572 2755 per
591 2723 610 2748 F
630 2728 670 2748 est
688 2723 718 2754 E,
737 2731 783 2755 per
795 2723 819 2748 G
834 2728 874 2747 est
891 2723 921 2754 F,
935 2731 982 2756 per
996 2724 1019 2748 Η
1035 2729 1074 2748 est
1089 2724 1122 2754 G,
1137 2729 1197 2755 etc.‚
1217 2730 1258 2749 est
1276 2725 1346 2750 abire
1364 2725 1391 2750 in

324 2758 451 2784 infinitum
470 2759 502 2784 X.
521 2759 554 2783 Et
571 2758 635 2784 haec
652 2763 692 2783 est
706 2759 819 2783 secunda
833 2759 959 2791 quaestio.
979 2759 1076 2784 Dicitur
1090 2764 1176 2784 autem
1189 2767 1328 2792 processus
1343 2759 1392 2785 iste

325 2794 490 2820 descensivus
508 2794 542 2818 ob
561 2794 687 2819 rationem
705 2794 852 2826 oppositam
872 2794 915 2824 illi,
931 2802 998 2827 quae
1016 2794 1064 2819 fuit
1082 2795 1211 2826 assignata
1226 2795 1312 2828 quoad
1331 2803 1391 2828 pro—

325 2838 429 2855 cessum
449 2830 621 2855 ascensivum.
648 2829 696 2854 Hic
714 2830 784 2854 enim
808 2830 940 2862 quaeritur
958 2830 991 2854 de
1008 2830 1100 2854 ultimo
1125 2830 1256 2862 subiecto,
1276 2830 1347 2864 quod
1365 2832 1391 2856 in

324 2864 483 2890 affirmativis
502 2870 542 2890 est
560 2864 639 2895 infra,
658 2872 705 2890 seu
724 2865 811 2890 minus
830 2865 975 2890 universale
988 2873 1068 2898 quam
1086 2866 1269 2898 praedicatum.
1288 2867 1391 2899 Suppo-

324 2902 392 2926 nitur
411 2907 498 2926 autem
517 2901 542 2925 in
560 2900 608 2925 hac
626 2901 777 2933 quaestione
796 2900 850 2926 dari
868 2901 990 2926 ultimum
1009 2901 1198 2933 praedicatum,
1217 2902 1288 2935 quod
1307 2902 1342 2927 ita
1359 2901 1393 2927 sit

324 2937 507 2969 praedicatum,
525 2941 554 2961 ut
572 2944 625 2960 non
644 2935 677 2960 sit
695 2935 848 2961 subiectum.

378 2972 396 3005 ι)
418 2972 517 2997 Iterum
530 2972 566 2996 sit
577 2971 653 2996 aliud
666 2976 733 2996 etc.-
743 2971 826 2996 Codd.
846 2971 886 2996 CS
901 2979 955 2996 om.
966 2971 1072 2997 iterum.
1086 2972 1153 2997 Cum
1169 2973 1254 3003 codd„
1265 2981 1318 2998 exc.
1332 2973 1390 3004 CR,

324 3007 434 3040 legimus
452 3007 541 3037 aliud;
560 3007 593 3031 P:
612 3006 738 3039 aliquod5
762 3007 824 3031 GH:
844 3007 921 3032 aliud
946 3007 1077 3036 medicum
1096 3008 1135 3032 0:
1159 3008 1278 3040 aliqui&
1296 3009 1320 3033 R
1337 3016 1391 3033 om.

324 3043 446 3067 Absurde
465 3043 486 3067 Α
506 3042 567 3075 legit
581 3042 661 3067 tertia
680 3042 737 3067 loco
752 3043 801 3067 τοῦ
815 3042 926 3072 iterum,·
944 3043 967 3067 1:
987 3045 1093 3072 utrum;
1111 3043 1147 3067 T:
1167 3043 1305 3069 interim.—-
1315 3044 1392 3068 Prae—

325 3083 394 3103 terea
407 3078 431 3103 O
445 3086 499 3103 om.
510 3085 566 3110 seq.
575 3077 763 3102 similiter.-P:
778 3077 925 3103 mediorum
939 3081 1003 3103 sunt
1016 3078 1086 3108 a1ia;
1098 3078 1134 3103 T:
1147 3079 1216 3104 sicut
1229 3079 1312 3104 alia.-
1321 3079 1391 3104 1310:

325 3113 424 3139 scilicet
436 3117 575 3142 extrema,-
588 3113 612 3138 G
624 3120 688 3138 vero
697 3121 750 3138 om.
761 3115 787 3138 et
800 3116 961 3139 extremm-
969 3114 1088 3146 Denique
1097 3114 1133 3138 A:
1148 3117 1239 3139 utrum
1252 3115 1295 3140 hie
1304 3115 1393 3147 possit

321 3149 434 3181 procedi
453 3149 479 3174 in
499 3148 609 3174 ete-P:
627 3151 677 3173 aut
695 3148 854 3181 impossibile
872 3149 908 3174 sit
925 3149 989 3180 hoc,·
1015 3157 1083 3182 quae
1101 3149 1180 3175 verba
1198 3150 1222 3175 R
1240 3158 1308 3181 om„
1327 3151 1393 3175 sicut

324 3185 351 3209 M
368 3192 422 3209 om.
441 3184 498 3210 hoc.

378 3219 404 3252 κ)
425 3220 474 3245 Est
491 3227 557 3253 ergo
575 3219 694 3252 quaestio
713 3219 896 3244 etc.-Medius
914 3220 1039 3245 terminus
1058 3225 1098 3245 est
1115 3228 1183 3246 unus
1203 3228 1234 3246 ex
1252 3221 1333 3246 tribus
1351 3229 1392 3247 re-

326 3255 426 3287 quisitis
441 3255 472 3280 ad
487 3255 678 3288 syllogismum,
698 3259 723 3279 et
737 3255 795 3280 ideo
814 3255 846 3280 de
860 3255 917 3288 ipso
931 3256 1008 3280 etiam
1025 3256 1116 3280 eadem
1131 3257 1249 3289 quaestio
1263 3261 1392 3283 movetur.

325 3291 508 3323 Complicatior
522 3295 609 3315 autem
627 3290 730 3315 videtur
747 3289 810 3315 haec
827 3292 902 3316 tertia
921 3291 1052 3324 quaestiO,
1071 3292 1131 3324 quia
1145 3292 1246 3317 medius
1265 3293 1392 3318 terminus

326 3326 365 3350 bis
384 3326 508 3351 sumitur:
533 3330 659 3356 attamen,
678 3326 739 3358 quia
757 3326 783 3350 in
801 3334 852 3351 una
874 3327 1076 3359 praemissarum
1095 3332 1135 3352 est
1158 3327 1304 3353 subiectum
1323 3333 1349 3353 et
1367 3329 1392 3353 in

326 3361 405 3386 altera
423 3362 606 3393 praedicatum,
620 3361 733 3394 aliquam
753 3361 897 3394 analogiam
916 3362 1077 3394 praeseferre
1090 3362 1191 3388 videtur
1209 3370 1269 3388 curn
1287 3371 1391 3396 praece-

326 3396 454 3421 dentibus.
473 3397 510 3421 Sit
524 3397 708 3430 syllogismus:
726 3397 749 3421 A
765 3402 806 3422 est
823 3398 857 3428 B;
876 3397 897 3422 C
910 3402 950 3422 est
968 3396 1007 3428 A;
1027 3397 1048 3422 C
1066 3403 1106 3423 est
1124 3398 1154 3423 Β.
1173 3398 1199 3423 Si
1218 3399 1239 3423 B
1258 3398 1283 3423 in
1303 3399 1392 3424 maiori

326 3439 377 3456 non
391 3432 458 3456 inest
471 3432 619 3457 immediate
637 3433 674 3466 τῷ
692 3432 728 3463 A,
743 3437 773 3457 et
785 3433 809 3457 A
823 3440 875 3458 non
889 3433 956 3458 inest
970 3433 1118 3458 immediate
1136 3435 1173 3468 τῷ
1193 3434 1225 3464 C,
1245 3434 1294 3459 alia
1307 3434 1393 3460 media

326 3471 386 3491 sunt
405 3467 575 3498 assumenda,
601 3473 663 3500 puta
680 3467 717 3498 D,
735 3467 770 3498 E,
795 3476 863 3500 quae
877 3473 952 3493 erunt
971 3469 1036 3493 inter
1054 3468 1167 3502 primum
1191 3469 1307 3494 medium
1324 3470 1348 3495 A
1367 3474 1393 3495 et

327 3507 439 3526 extrema
457 3503 491 3533 Β,
511 3503 540 3527 C.
558 3503 695 3528 Videlicet:
719 3504 750 3534 ι’,
769 3503 792 3527 D
807 3509 847 3528 est
861 3504 894 3535 133
913 3504 935 3528 A
950 3509 990 3529 eat
1003 3503 1039 3535 D;
1059 3505 1082 3529 A
1095 3509 1135 3529 est
1148 3505 1247 3536 13.-2·,
1266 3505 1288 3530 E
1301 3510 1342 3530 est
1355 3505 1391 3536 A;

327 3537 348 3561 C
366 3542 406 3561 est
423 3537 457 3567 E;
476 3538 497 3562 C
511 3542 551 3562 est
565 3539 595 3562 Α.
614 3539 754 3570 supposito
772 3546 835 3571 ergo
855 3539 880 3564 in
894 3539 1023 3571 prioribus
1041 3539 1237 3572 quaestionibus
1254 3540 1326 3573 quod
1339 3545 1391 3565 ste·

327 3576 368 3596 tur
386 3572 412 3596 in
430 3572 651 3597 universalissima
670 3573 814 3605 praedicato
830 3578 856 3599 et
869 3574 1096 3606 particular-inimo
1115 3575 1240 3606 subiecto,
1259 3576 1390 3608 quaeritur

913 228 1298 266 POSTERIORUM
1325 228 1756 267 ANALYTICORUM
1785 231 1878 267 LIB.
1910 232 1924 267 Ι

1446 307 1751 346 demonstrabilis
1779 322 1848 358 per
1876 309 1988 346 aliam
2025 309 2194 358 priorem
2224 310 2514 349 demonstratio-

1446 373 1554 407 nem;
1585 369 1622 398 et
1640 363 1716 398 hoc
1735 370 1791 399 est
1810 363 1915 411 quod
1940 363 2141 411 subiungit,
2163 369 2198 400 et
2218 364 2253 400 si
2269 365 2514 402 est*dem0n-

1444 415 1573 451 stratio
1593 416 1726 461 omnis,
1749 416 1845 452 idest
1869 416 2068 453 cuiuslibet
2091 417 2373 465 propositionis.
2396 419 2514 465 Quod

1446 467 1602 515 quidam
1619 468 1886 515 existimantes,
1899 469 1997 506 circa
2006 470 2190 518 principia
2202 478 2435 517 erraverunt,
2446 473 2514 508 ut*

1447 520 1581 557 dicitur
1601 521 1639 558 in
1657 522 1708 558 IV
1723 523 2013 570 Metaphysicae
2026 523 2056 559 *.
2074 523 2356 560 Descendendo
2372 531 2512 570 autem,

1446 573 1476 609 si
1492 586 1537 610 ex
1557 575 1754 622 qualibet*
1763 575 2026 624 propositione
2046 576 2304 613 demonstrata
2317 577 2358 597 ἴῃ*
2371 577 2514 614 contin-

1445 634 1507 673 gat
1525 626 1663 664 iterum
1679 628 1727 665 ad
1748 628 1860 665 aliam
1881 628 2247 667 demonstrationem
2261 630 2514 678 posteriorem

1445 680 1666 728 procedere.
1695 682 1744 717 Et
1762 682 1837 718 hoc
1857 690 1913 718 est
1931 694 2053 718 unum
2073 684 2294 720 membrfim
2315 683 2514 720 dubitatio-

1445 732 1514 778 nis,
1545 733 1575 769 si
1596 733 1940 771 demonstrationes
1965 735 2004 771 in
2027 735 2218 772 infinitum
2242 737 2458 784 procedunt
2474 737 2514 783 ²¹⁸,

1445 786 1508 822 vel
1547 786 1817 824 descendendo
1854 789 1917 824 vel
1955 788 2210 825 ascendendo.
2241 789 2357 826 Aliud
2385 797 2514 826 autem

1446 839 1667 876 membrum
1706 840 1950 877 dubitationis
1988 848 2063 887 est,
2100 841 2130 878 si
2173 841 2517 879 demonstrationes

1446 892 1703 929 ad*invicem
1723 893 1985 940 terminantur,
2003 894 2053 930 ita
2073 894 2212 931 scilicet
2232 895 2337 943 quod
2355 907 2433 932 una
2454 895 2517 932 de-

1446 946 1669 983 monstratio
1700 947 1949 983 confirmetur
1966 959 2036 995 per
2064 947 2177 984 aliam
2204 948 2461 995 ascendendo,
2482 956 2519 985 et

1447 1012 1493 1035 ex
1520 1012 1598 1036 una
1627 999 1952 1037 demonstratione
1980 1000 2164 1049 procedat
2192 1001 2264 1037 alia
2284 1001 2518 1039 descenden-

1447 1052 1510 1099 do,
1533 1061 1569 1089 et
1596 1054 1671 1089 hoc
1698 1066 1822 1102 usque
1850 1053 1899 1090 ad
1927 1053 2094 1102 aliquem
2122 1054 2341 1091 terminum.

1506 1118 1563 1143 12.
1586 1106 1736 1143 Deinde
1758 1119 1847 1143 cum
1868 1106 1975 1144 dicit:
1997 1107 2175 1144 Similiter
2189 1113 2314 1145 autem
2330 1108 2413 1145 dico
2434 1115 2517 1155 ete,

1447 1159 1611 1196 ostendit
1639 1159 1744 1208 quod
1771 1160 1987 1208 praedictae
2017 1160 2270 1198 dubitationes
2295 1162 2437 1198 habent
2464 1162 2519 1198 lo-

1448 1225 1536 1250 cum
1566 1213 1680 1250 etiarn
1709 1213 1747 1249 in
1786 1213 2173 1251 demonstrationibus
2201 1214 2403 1262 negativis,
2430 1214 2519 1264 quia

1448 1266 1720 1303 demonstratio
1749 1267 1925 1314 negativa
1958 1275 2109 1316 oportet
2142 1267 2250 1316 quod
2276 1275 2403 1305 utatur
2430 1279 2518 1316 pro-

1446 1319 1634 1368 positione
1674 1320 1920 1367 affirmativa,
1941 1320 1979 1357 in
2017 1333 2093 1369 qua
2121 1321 2336 1358 subiectum
2366 1322 2519 1358 conclu-

1447 1373 1563 1409 sionis
1584 1373 1820 1410 contineatur
1839 1374 1910 1410 sub
1940 1374 2091 1419 medio,
2122 1387 2144 1411 a
2173 1387 2250 1423 quo
2272 1374 2292 1395 *
2321 1374 2518 1423 praedica-

1446 1433 1529 1462 tum
1568 1426 1821 1463 conclusionis
1859 1435 2115 1464 removeatur.
2164 1427 2388 1464 Secundum
2427 1439 2517 1476 ergo

1447 1478 1552 1527 quod
1582 1486 1637 1515 est
1664 1491 1845 1516 ascensus
1874 1488 1910 1516 et
1947 1480 2153 1517 descensus
2181 1481 2220 1518 in
2258 1481 2516 1528 affirmativis,

1447 1539 1598 1580 oportet
1625 1531 1731 1580 quod
1759 1532 1804 1569 sit
1832 1545 2012 1570 ascensus
2042 1541 2078 1570 et
2106 1534 2312 1571 descensus
2340 1534 2379 1571 in
2405 1546 2518 1582 nega-

1446 1585 1532 1622 tivis
1569 1584 1816 1633 syllogismis,
1848 1593 1885 1622 et
1920 1586 2264 1635 propositionibus;
2292 1594 2335 1624 ut
2367 1595 2460 1635 puta
2488 1587 2519 1624 si

1447 1637 1641 1675 conclusio
1671 1638 1960 1676 demonstrativi
1989 1640 2198 1688 syllogismi
2226 1640 2284 1687 sit,
2311 1640 2456 1677 nullum
2489 1641 2524 1678 C

1446 1697 1501 1728 est
1525 1692 1573 1737 A,
1595 1699 1631 1728 et
1650 1691 1855 1740 accipiatur
1884 1692 1980 1729 sicut
1998 1693 2172 1731 medium
2199 1694 2243 1740 B,
2265 1705 2288 1730 a
2307 1705 2384 1742 quo
2405 1695 2440 1730 A
2460 1705 2518 1730 re-

1446 1752 1651 1782 moveatur
1661 1746 1692 1781 *.
1710 1746 1779 1782 Est
1794 1757 1884 1793 ergo
1900 1746 2025 1794 primo
2048 1746 2370 1784 considerandum
2389 1754 2519 1784 utrum

1446 1800 1481 1835 A
1510 1805 1755 1835 removeatur
1783 1811 1805 1835 a
1824 1800 1855 1835 B
1874 1799 2014 1847 primo,
2035 1800 2116 1837 sive
2136 1800 2370 1847 immediate,
2391 1808 2456 1839 aut
2474 1800 2521 1838 sit

1446 1851 1631 1900 aliquod*
1642 1851 1815 1888 medium
1835 1852 2020 1901 accipere,
2042 1866 2064 1889 a
2083 1866 2160 1902 quo
2176 1853 2303 1902 primo
2319 1865 2520 1892 removea-

1445 1907 1550 1942 turA
1565 1917 1682 1953 quam
1698 1917 1720 1941 a
1731 1905 1750 1926 *¹
1762 1906 1805 1952 B,
1816 1913 1908 1954 puta
1928 1906 1958 1943 si
1977 1906 2082 1954 prius
2102 1915 2349 1944 removeatur
2368 1908 2416 1944 ab
2433 1908 2447 1944 1
2464 1907 2517 1955 *³¹2

1446 1958 1552 2007 quod
1563 1965 1713 2007 oportet
1722 1958 1984 1996 universaliter
1993 1960 2203 2008 praedicari
2215 1960 2262 1997 de
2273 1961 2316 2006 B;
2334 1960 2518 1998 etiterum

1446 2012 1515 2049 erit
1543 2011 1864 2048 considerandum
1893 2020 2022 2050 utrum
2050 2014 2085 2050 A
2110 2021 2356 2051 removeatur
2384 2015 2432 2051 ab
2453 2014 2516 2052 ali-

1446 2077 1523 2114 quo
1552 2077 1622 2113 per
1654 2065 1759 2113 prius
1791 2077 1909 2114 quam
1938 2066 1986 2103 ab
2018 2067 2085 2113 1⁹,
2116 2066 2256 2104 scilicet
2279 2079 2302 2103 a
2326 2067 2381 2114 T,
2411 2067 2516 2116 quod

1445 2118 1685 2167 praedicatur
1711 2118 1974 2156 universaliter
1994 2118 2040 2156 de
2062 2121 2088 2156 Ι.
2115 2121 2170 2157 Ita
2190 2132 2280 2168 ergo
2302 2127 2339 2157 et
2356 2121 2377 2142 *
2399 2120 2438 2158 in
2457 2120 2516 2158 his

1446 2179 1571 2221 potest
1600 2172 1620 2193 *
1646 2171 1804 2220 procedi
1833 2172 1875 2209 in
1900 2172 2092 2210 infinitum
2120 2173 2159 2210 in
2187 2173 2450 2222 removendo,
2474 2181 2518 2212 ut

1446 2236 1598 2274 semper
1618 2224 1664 2262 sit
1683 2225 1826 2274 aliquid
1845 2225 1865 2246 *
1885 2226 2069 2276 accipere,
2091 2239 2113 2263 a
2132 2239 2210 2276 quo
2238 2239 2308 2276 per
2334 2227 2440 2277 prius
2459 2240 2516 2266 re-

1445 2286 1666 2326 moveatur,
1686 2279 1748 2316 vel
1778 2286 1929 2328 oportet
1955 2279 2093 2316 alicubi
2121 2287 2220 2328 stare
2238 2286 2269 2317 μ.

2148 2366 2170 2381 ,ἶ

1443 2447 1531 2466 utrum
1549 2442 1572 2466 D
1592 2442 1625 2466 sit
1643 2442 1766 2466 ultimum
1785 2442 1900 2466 medium
1919 2442 1995 2472 Α-Β,
2020 2446 2045 2466 et
2064 2442 2086 2466 Ε
2104 2442 2226 2467 ultimum
2245 2442 2361 2468 medium
2382 2443 2457 2475 G-A;
2476 2444 2519 2469 vel

1447 2477 1497 2501 sint
1512 2477 1560 2501 alia
1577 2482 1602 2501 et
1617 2477 1665 2502 alia
1680 2484 1785 2509 semper
1798 2477 1895 2507 media,
1907 2482 1967 2509 puta
1986 2477 2007 2502 F
2009 2496 2015 2508 ‚
2029 2477 2061 2507 G,
2076 2478 2108 2507 Η,
2129 2483 2186 2508 etc„
2200 2482 2226 2502 et
2239 2477 2277 2503 sic
2295 2479 2320 2503 in
2340 2477 2469 2504 infinitum
2486 2480 2519 2505 X.

1444 2512 1492 2537 Est
1510 2512 1584 2537 tertia
1602 2512 1730 2545 quaestio.
1754 2513 1899 2537 Processus
1923 2513 1972 2537 iste
1996 2518 2037 2537 est
2062 2512 2140 2537 simul
2160 2520 2285 2538 ascensus
2311 2518 2337 2538 et
2361 2514 2520 2547 descensus,

1445 2547 1589 2572 secundum
1609 2548 1680 2580 quod
1699 2547 1815 2572 medium
1834 2548 1995 2581 praedicatur
2014 2548 2040 2572 in
2059 2556 2111 2573 una
2129 2549 2341 2580 praemissarum,
2361 2554 2387 2574 et
2400 2550 2427 2575 in
2439 2550 2520 2575 altera

1445 2582 1586 2608 subiicitur.
2291 2592 2293 2594 ·

1497 2614 1526 2652 λ)
1549 2618 1628 2648 Quod
1646 2618 1783 2643 intendere
1799 2623 1872 2643 etc.—
1882 2618 1946 2643 Cod.
1966 2619 2001 2643 A:
2021 2618 2093 2651 quod
2107 2618 2243 2651 inquisitio
2257 2619 2396 2649 veritati„
2414 2619 2518 2645 CDET:

1445 2653 1516 2686 quod
1529 2653 1667 2678 intendere
1686 2653 1883 2686 inquisitionem
1899 2653 2035 2683 veritatis;
2054 2654 2077 2678 1:
2096 2653 2169 2686 quod
2190 2654 2291 2679 intend.
2305 2655 2344 2680 ad
2363 2655 2518 2687 acquisitio-

1445 2696 1505 2714 nem
1524 2695 1588 2719 νει-4
1607 2689 1645 2713 M:
1671 2689 1743 2721 quod
1762 2689 1864 2714 intend.
1882 2689 2083 2722 acquisitionem
2102 2696 2167 2718 ver.,·
2186 2689 2224 2720 Q:
2244 2690 2316 2722 quod
2333 2691 2472 2716 attendere
2491 2690 2518 2717 in

1445 2723 1625 2757 quaestionem
1645 2731 1701 2749 ver.

1499 2759 1528 2793 p.)
1548 2759 1591 2784 lea
1605 2766 1670 2792 ergo
1683 2762 1710 2784 et
1724 2759 1750 2784 in
1765 2759 1807 2785 his
1821 2759 1961 2784 etc.-Non
1976 2759 2023 2784 abs
2038 2767 2066 2784 re
2079 2760 2127 2785 erit
2138 2760 2310 2786 transcribere
2324 2768 2392 2793 quae
2410 2761 2437 2786 in
2450 2760 2519 2787 hunc

1446 2794 1534 2819 locum
1543 2794 1689 2819 Aristotelis
1703 2794 1781 2820 habet
1795 2794 1820 2819 b.
1830 2794 1954 2820 Albertus
1966 2795 2075 2828 Magnus
2086 2796 2111 2820 in
2121 2795 2131 2820 1
2141 2796 2253 2826 Poster„
2266 2795 2352 2822 Tract.
2363 2803 2399 2826 ιν,
2409 2796 2472 2830 Cap.
2482 2804 2518 2828 rx,

1446 2830 1486 2854 ed.
1501 2830 1542 2854 cit.
1557 2837 1614 2862 pag.
1627 2829 1690 2863 579:
1702 2840 1714 2853 ι
1728 2830 1849 2855 Similiter
1862 2835 1950 2856 autem
1960 2835 2008 2861 est,
2018 2831 2111 2863 inquit,
2125 2831 2151 2856 in
2162 2831 2287 2864 negativis
2297 2831 2519 2864 propositionibus

1447 2875 1460 2888 ι
1477 2869 1503 2890 et
1521 2865 1680 2898 syllogismis
1699 2871 1825 2898 quantum
1845 2866 1877 2891 ad
1895 2866 1997 2891 tertiam
2016 2867 2204 2899 quaestionem,
2219 2874 2287 2899 quae
2306 2872 2346 2892 est
2365 2867 2397 2892 de
2410 2867 2519 2900 medii„

1447 2909 1462 2924 ›
1477 2901 1538 2934 quia
1552 2906 1678 2934 quantum
1692 2901 1724 2926 ad
1739 2906 1852 2926 extrema
1868 2906 1908 2926 est
1922 2901 2056 2927 dissimile.
2071 2902 2193 2927 Extrema
2212 2902 2282 2927 enim
2297 2910 2312 2927 ι
2332 2903 2459 2936 superiori
2473 2903 2519 2928 de-

1448 2946 1460 2959 »
1477 2936 1626 2961 scendendo
1640 2944 1692 2961 non
1705 2942 1839 2970 negantur,
1853 2937 1899 2962 sed
1912 2937 2091 2970 praedicantur
2110 2937 2143 2962 de
2157 2937 2334 2969 inferioribus;
2349 2943 2375 2963 et
2389 2938 2448 2964 ideo
2461 2946 2516 2964 non

1447 2980 1461 2995 s
1477 2972 1609 3004 quaeritur
1621 2979 1654 2996 an
1668 2977 1782 2997 extrema
1795 2972 1821 2997 in
1838 2973 1962 3006 negativis
1977 2973 2028 2997 sint
2047 2971 2159 2998 infinita?
2173 2973 2224 2998 Sed
2240 2974 2372 3007 quaeritur
2386 2981 2418 2999 an
2433 2973 2520 3000 media

1448 3017 1461 3030 »
1477 3005 1574 3032 infinita
1592 3006 1658 3032 sint?
1678 3007 1712 3033 Ut
1730 3008 1751 3032 si
1771 3008 1854 3033 dicam
1873 3008 1946 3041 quod
1964 3009 1987 3033 A
2006 3009 2073 3033 inest
2091 3009 2162 3033 omni
2180 3009 2221 3040 B;
2241 3014 2267 3034 et
2285 3009 2379 3034 iterum
2397 3010 2421 3034 A
2440 3010 2474 3034 sit
2491 3009 2518 3034 in

1448 3052 1461 3066 ›
1477 3042 1528 3068 alio
1542 3042 1629 3075 priori,
1643 3047 1671 3067 ut
1690 3043 1711 3068 si
1726 3043 1776 3068 hoc
1794 3044 1827 3068 sit
1846 3043 1876 3074 C,
1891 3044 1962 3076 quod
1982 3043 2016 3068 sit
2034 3044 2059 3069 in
2077 3044 2150 3069 omni
2163 3044 2186 3069 l:
2201 3044 2263 3077 quia
2274 3044 2341 3069 sicut
2355 3050 2396 3070 est
2407 3045 2433 3070 in
2448 3043 2518 3070 affir-

1449 3088 1461 3101 ι
1477 3078 1588 3109 mauvis,
1607 3078 1677 3111 quod
1691 3078 1717 3103 id
1732 3079 1876 3104 secundum
1891 3087 1921 3104 se
1934 3079 2009 3110 inest,
2023 3079 2094 3112 quod
2109 3087 2162 3105 non
2176 3080 2243 3105 inest
2257 3087 2303 3113 per
2317 3079 2387 3105 aliud
2400 3080 2517 3106 medium

1448 3123 1461 3136 »
1478 3113 1600 3147 (Cf.1ect.
1609 3121 1674 3144 xxvr,
1685 3122 1710 3139 n.
1723 3113 1745 3144 5,
1759 3114 1860 3147 seqq.);
1874 3115 1907 3140 ita
1925 3120 1965 3140 est
1984 3115 2055 3148 quod
2070 3115 2095 3140 id
2109 3116 2253 3141 secundum
2272 3123 2301 3140 se
2315 3121 2432 3149 negatur,
2446 3115 2518 3149 quod

1449 3159 1461 3172 ι
1479 3157 1531 3174 non
1545 3148 1623 3174 habet
1636 3149 1704 3175 aliud
1719 3150 1838 3182 superius
1852 3155 1958 3183 propter
1972 3150 2043 3183 quod
2055 3155 2164 3184 negetur
2177 3151 2210 3176 de
2224 3150 2283 3176 alio.
2302 3151 2373 3176 Sicut
2391 3151 2414 3176 si
2433 3151 2518 3176 dicam

1448 3194 1461 3208 »
1477 3185 1548 3218 quod
1558 3184 1638 3210 homo
1649 3193 1701 3210 non
1714 3190 1754 3210 est
1769 3185 1843 3216 linea,
1859 3186 1919 3218 quia
1931 3186 1998 3211 linea
2011 3194 2064 3211 non
2078 3191 2119 3211 est
2130 3186 2238 3218 animal3
2254 3190 2280 3212 et
2293 3195 2345 3211 non
2358 3191 2399 3212 est
2413 3187 2517 3218 animal,

1449 3230 1461 3243 ³
1478 3221 1539 3254 quia
1553 3228 1605 3245 non
1621 3225 1661 3245 est
1675 3221 1829 3252 animatum
1850 3226 1876 3246 et
1887 3229 1940 3246 non
1954 3226 1994 3246 est
2008 3222 2158 3254 animatum,
2170 3222 2231 3255 quia
2245 3230 2297 3247 non
2311 3227 2351 3247 est
2365 3222 2518 3248 substantia.

1448 3266 1461 3279 z
1477 3255 1510 3281 Et
1528 3263 1642 3289 namque
1665 3256 1691 3281 in
1709 3255 1749 3281 his
1768 3257 1908 3290 quaeritur,
1931 3262 2021 3282 utrum
2039 3256 2137 3283 infinita
2159 3262 2220 3282 sunt
2238 3257 2264 3283 in
2288 3257 2384 3291 quibus
2403 3258 2441 3283 sic
2463 3265 2517 3282 non

1448 3301 1461 3315 ›
1477 3292 1543 3317 inest
1553 3291 1675 3323 inferiori,
1686 3292 1747 3324 quia
1757 3297 1864 3325 negatur
1874 3300 1888 3318 a
1898 3293 2037 3325 superium
2051 3297 2095 3318 aut
2107 3298 2190 3318 statur
2202 3293 2229 3318 in
2248 3293 2344 3326 aliquo,
2360 3301 2376 3318 ι
2385 3301 2439 3326 quo
2450 3292 2518 3318 sicut

1448 3337 1460 3350 ι
1476 3334 1602 3360 supremo
1617 3327 1765 3353 immediate
1780 3334 1888 3360 negatur
1900 3332 1926 3354 et
1938 3327 2019 3360 gratia
2033 3329 2073 3354 sui
2083 3328 2174 3362 ipsius,
2187 3329 2222 3354 ita
2233 3329 2304 3362 quod
2315 3336 2367 3354 non
2380 3336 2427 3362 per
2438 3327 2516 3359 uliud,

1448 3372 1461 3385 ι
1475 3370 1490 3388 a
1509 3370 1562 3396 quo
1581 3362 1648 3388 sicut
1666 3363 1743 3395 priori
1767 3362 1888 3396 negetur?
1913 3364 1989 3389 Unde
2007 3363 2115 3397 quidam
2138 3363 2195 3389 libri
2214 3363 2310 3389 habent
2328 3364 2373 3390 sic.
2396 3363 2430 3389 Et
2447 3363 2469 3388 si
2492 3363 2516 3388 A

1448 3408 1460 3421 2
1475 3406 1527 3423 non
1546 3398 1613 3423 inest
1631 3398 1657 3423 in
1671 3399 1701 3430 Β,
1715 3399 1778 3424 nulli
1791 3404 1877 3424 autem
1890 3399 1983 3432 primo,
1993 3403 2037 3424 aut
2049 3399 2097 3425 erit
2109 3399 2206 3433 aliquid
2220 3399 2298 3431 infra,
2317 3399 2356 3424 cui
2371 3398 2449 3432 priori
2463 3405 2517 3423 non

1448 3442 1461 3457 »
1477 3433 1553 3465 inest,
1567 3439 1596 3459 ut
1614 3434 1637 3459 si
1651 3439 1692 3459 est
1710 3433 1843 3468 proprium
1859 3434 1880 3460 C
1895 3435 1966 3468 quod
1985 3435 2011 3460 in
2029 3435 2050 3460 B
2069 3440 2110 3460 est
2122 3435 2202 3466 omni,
2214 3439 2240 3460 et
2253 3434 2347 3460 iterum
2361 3433 2411 3459 hoc
2425 3434 2451 3458 in
2465 3433 2516 3459 alio

1448 3478 1462 3493 ι
1478 3469 1555 3494 etiam
1574 3470 1665 3502 priori,
1684 3474 1713 3495 ut
1730 3470 1752 3495 si
1771 3469 1792 3495 C
1806 3475 1846 3496 est
1864 3470 1936 3503 quod
1954 3475 1994 3495 est
2012 3471 2038 3495 in
2056 3470 2129 3496 omni
2147 3471 2170 3501 13
2190 3475 2216 3495 et
2233 3477 2348 3503 namque
2361 3474 2405 3495 aut
2418 3467 2517 3494 infinita

1447 3514 1459 3528 ι
1476 3510 1537 3530 sunt
1550 3505 1646 3538 quibus
1658 3513 1710 3530 non
1724 3505 1791 3530 inest
1809 3506 1946 3538 prioribus,
1962 3510 2005 3532 aut
2018 3504 2116 3531 statur?
2135 3505 2169 3531 Et
2183 3505 2247 3531 haec
2266 3505 2338 3530 litera
2356 3504 2449 3530 melior
2467 3509 2515 3536 est,

1447 3550 1460 3563 ›
1476 3545 1502 3565 et
1520 3546 1560 3565 est
1578 3540 1711 3566 translatio
1729 3541 1831 3566 Ioannis
1850 3548 1865 3566 a
1883 3548 1976 3573 graeco
1996 3540 2069 3572 facta,
2088 3541 2154 3566 sicut
2171 3541 2305 3566 uanslntio
2324 3539 2456 3565 Boethii.»

1498 3575 1615 3607 loannes,
1631 3575 1664 3601 de
1678 3584 1732 3609 quo
1746 3576 1787 3602 hic
1804 3577 1949 3609 explicitam
1963 3575 2121 3602 mentionem
2135 3575 2195 3602 facit
2212 3576 2238 3601 b.
2247 3576 2379 3606 albertus,
2394 3582 2409 3600 e
2422 3582 2517 3608 graeco

2527 373 2549 383 ’·
2567 373 2612 395 Est
2632 381 2660 396 ex
2677 375 2746 398 codd.

2539 406 2595 449 Ῑεέχεῑ.
2613 407 2673 423 cis-r.
2691 414 2702 418 -
2719 392 2757 424 cd

2543 477 2551 484 '
2557 477 2632 499 Codd.
2639 489 2649 494 -
2658 483 2678 498 r:
2687 478 2756 499 sicut.

2543 538 2551 547 ⁶
2563 538 2655 560 Comm.
2677 546 2695 560 s.
2710 539 2758 561 Th.

2541 565 2593 585 lect.
2605 572 2634 586 xv
2651 569 2673 586 et
2687 572 2732 587 xvr.
2741 578 2751 582 -

2542 591 2586 612 Ed.
2595 591 2647 612 Did.
2663 592 2702 613 lib.
2711 593 2756 620 111,

2542 623 2593 644 cap.
2602 624 2631 643 vi,
2642 624 2681 640 nn.
2691 625 2698 640 ι
2707 622 2728 640 et
2736 625 2758 646 2,

2542 648 2563 665 et
2572 650 2623 671 cap.
2632 651 2672 671 vn,
2682 651 2704 666 n.
2713 646 2736 666 8.

2541 672 2551 682 ⁸
2560 671 2636 692 Codd.
2648 683 2658 687 -
2669 678 2695 693 1²:
2710 672 2758 693 ali-

2559 703 2598 719 ua.

2542 703 2564 735 q·
2578 730 2638 745 anxa
2653 727 2675 745 et
2694 730 2714 746 s.
2725 730 2759 746 m.

2542 757 2570 771 n:
2590 750 2758 772 demonstrati—

2543 783 2588 802 va,-
2602 783 2629 798 οε
2644 777 2760 799 mediata.

2542 804 2552 814 ⁴*
2560 809 2658 825 ABlLuN:
2673 809 2757 831 proce-

2543 829 2617 855 dant;
2633 836 2660 851 o:
2670 836 2759 856 proce-

2544 856 2635 878 der-ent.

2545 906 2604 926 'mx
2620 905 2665 931 ab;
2679 911 2694 926 ο
2708 911 2759 927 om.

2545 1389 2764 1436 aiii·c'0¹3‘.1².‘2‘⁹2'i⁰si

2545 1447 2600 1469 quo.

2546 1759 2557 1772 '⁸
2571 1758 2648 1782 codd.
2658 1760 2716 1786 (ue.
2730 1765 2763 1782 eu

2546 1788 2592 1812 nul:
2606 1787 2748 1808 removetur.

2546 1866 2761 1888 'amarunt-¹³:

2546 1891 2762 1947 im'iffit:

2545 1951 2612 1983 5!OE
2615 1961 2622 1967 ·

2567 1977 2615 1994 cm
2634 1977 2650 1993 τ
2663 1977 2714 1996 om.
2723 1977 2748 1994 a.

2544 1998 2568 2010 ⁸·
2581 1998 2617 2020 Co
2634 1997 2668 2026 d..
2682 2003 2733 2021 exc.
2747 2004 2764 2020 p

2545 2030 2653 2050 :om-r:
2663 2029 2679 2046 a
2691 2024 2724 2051 C,-
2733 2031 2762 2047 c:

2545 2051 2575 2073 ab
2588 2051 2619 2074 A.

2546 2083 2554 2092 ¹
2570 2082 2648 2105 Codd.
2660 2094 2678 2100 -
2689 2089 2718 2106 r:
2732 2083 2764 2105 ab

2544 2108 2610 2136 aliie,
2621 2108 2672 2131 scu.

2545 2140 2593 2176 τοι
2609 2140 2680 2169 quod.
2691 2167 2697 2172 ·

2544 2173 2596 2215 0153?
2613 2169 2707 2216 &¹:515
2713 2171 2764 2216 ὲ

2542 2225 2603 2242 mov.

2544 2249 2552 2257 ·
2569 2246 2672 2275 mma
2698 2253 2728 2270 ex

2545 2273 2624 2300 codd..
2637 2278 2688 2295 ue.
2696 2280 2719 2296 ι.

2640 2310 2660 2336 ί*
