2548 4192
164 303 271 329 CXVIII

169 370 358 407 dilectionis,
383 367 468 409 quod
479 367 525 409 fit
541 375 605 406 per
627 364 769 405 gratiam
793 366 925 402 gratum
939 359 1130 400 facientem,
1155 365 1238 406 quae

169 421 216 446 est
238 415 348 456 gratia
372 412 571 452 adoptionis:
594 415 625 439 at
647 408 747 438 alium
773 415 838 435 esse
860 403 988 434 unionis
1008 401 1147 437 modum,
1171 410 1237 450 sm·-

168 459 318 501 gularem
346 457 490 493 Christo,
521 453 638 484 scilicet
655 461 718 491 per
741 451 889 480 unionem
915 448 946 476 in
972 455 1039 476 esse
1056 444 1234 485 personalz.

170 504 260 541 Quot
282 511 397 541 nempe
420 500 533 536 verba,
565 503 613 527 tot
639 495 741 526 iacula
769 493 936 523 adversum
960 489 1127 520 Sociniana
1151 498 1238 519 com—

172 553 288 578 menta.
885 579 892 585 ι

238 593 289 621 An
313 599 405 619 voces
428 587 510 624 illae,
534 585 641 615 Homo
668 582 824 617 Christus,
850 579 977 619 imquae
999 577 1144 608 ferendae
1168 586 1238 626 cen:

171 645 261 666 surae
285 632 484 664 occasionem
507 627 667 664 dederint,
699 635 734 655 ac
751 625 776 655 si
799 625 891 654 homo
916 623 970 653 ille
991 622 1158 658 Christus,
1183 630 1239 661 qui

170 686 241 710 tum
265 677 377 707 dicitur
393 674 655 715 praedestinatus
677 669 782 699 Filius
804 669 884 705 Dei,
910 666 1042 697 extiterit
1066 664 1238 714 aliquando

171 723 237 753 sine
261 716 442 751 divinitate?
465 718 530 748 Nec
549 715 594 745 illi
619 714 755 744 subeunt
778 712 858 742 hanc
882 720 1047 741 censuram
1066 709 1239 748 Theologl,

171 766 226 807 qui
249 763 372 795 tametsi
396 761 625 792 humanitatem
649 757 765 788 Christi
789 763 844 786 aut
866 755 1069 786 individuum
1089 753 1157 803 eius
1171 752 1239 802 ‘hu-

171 808 328 840 manitatis
361 806 405 844 τῆ
434 805 566 842 ἑπίνοιᾳ
598 812 653 832 seu
682 801 803 832 ratione
835 800 973 839 cogitent
1002 798 1100 828 veluti
1132 806 1239 837 prius,

172 863 269 895 quam
285 837 442 892 personali
458 849 605 879 affectum
626 845 815 887 proprietate
833 844 990 881 subsistat,
1008 842 1151 882 illudque
1168 850 1240 880 pro-

171 896 321 928 nuncient
344 893 610 935 praedestinatum
643 897 678 920 ut
707 899 781 920 cum
811 885 921 919 natura
945 887 1051 917 divina
1074 885 1242 925 copuletur

170 942 203 972 in
220 949 355 981 persona
378 938 467 976 Filii3
492 936 587 967 simul
603 941 741 965 attamen
760 933 947 964 catholicam
964 931 1084 962 addunt
1100 929 1240 959 animad-

170 985 359 1021 versionem,
383 982 550 1012 hominem
573 979 665 1010 illum
682 978 873 1018 singularem
891 977 933 1007 ita
949 982 1138 1016 provectum
1153 983 1240 1014 prae-

172 1029 425 1068 destinatumque
457 1026 496 1056 ad
523 1025 665 1066 gratiam
691 1023 838 1060 unionis,
870 1027 906 1051 ut
929 1030 995 1050 non
1019 1020 1107 1060 prius
1130 1018 1163 1048 in
1187 1028 1241 1069 na-

171 1081 241 1104 tura
263 1081 370 1102 rerum
394 1070 554 1107 existeret,
583 1077 681 1108 quam
705 1077 771 1097 esse
794 1067 881 1096 Deus
905 1065 1065 1105 inciperet.
1098 1065 1242 1102 Longms

172 1118 258 1148 abest
281 1127 299 1146 a
322 1125 472 1153 censura,
497 1118 744 1152 commentoque
768 1109 959 1147 Sociniano,
988 1108 1130 1139 doctrina
1153 1107 1242 1138 Tho-

173 1171 255 1199 mae,
272 1160 327 1201 qui
344 1170 410 1190 non
426 1157 655 1189 humanitatem
666 1155 794 1193 Christi,
805 1154 830 1184 si
847 1153 974 1194 proprie
991 1153 1080 1194 loqui
1095 1152 1242 1189 velimus,

175 1206 229 1236 sed
243 1205 345 1245 ipsam
365 1204 504 1234 divinam
528 1210 716 1242 personam,
744 1199 922 1229 secundum
945 1197 1176 1228 humanitatem
1199 1202 1243 1226 ta-

175 1260 267 1288 men,
291 1249 324 1278 in
347 1258 411 1289 qua
434 1257 470 1277 ea
493 1245 650 1283 subsistit,
675 1244 735 1274 dici
759 1244 871 1273 debere
895 1242 1010 1273 adserit
1033 1240 1243 1282 praedestina-

175 1301 241 1325 tam
265 1293 304 1323 ad
327 1292 512 1322 filiationem
538 1289 595 1320 Dei
619 1288 804 1319 naturalem.
837 1287 925 1324 Quid
952 1296 1027 1317 vero
1057 1287 1095 1316 ab
1126 1283 1245 1315 haeresi

177 1337 345 1369 Sociniana
359 1336 457 1376 magis
473 1331 650 1365 remotum?
674 1332 772 1370 Quod
787 1331 812 1362 si
827 1332 932 1372 aliqua
947 1330 1061 1361 mentis
1076 1330 1126 1360 vel
1142 1338 1246 1360 unum

177 1383 215 1412 ab
237 1381 334 1412 altero
355 1379 557 1420 seiungentiS‚
580 1378 631 1408 vel
648 1387 750 1408 unum
765 1376 852 1416 prius
873 1376 971 1406 altero
988 1374 1153 1415 cogitantis
1170 1383 1246 1413 ope-

177 1426 255 1456 ratio
271 1425 463 1456 admittenda
486 1423 525 1454 sit
548 1422 581 1452 in
604 1422 662 1452 hac
685 1420 951 1461 interpretatione,
975 1429 1074 1460 quarn
1089 1428 1162 1459 prae
1180 1427 1246 1467 cae-

177 1470 249 1501 teris
272 1469 415 1500 Thomas
439 1468 608 1508 adprobat;
639 1476 704 1496 non
729 1475 764 1496 ea
787 1465 897 1495 locum
920 1464 1033 1502 habet,
1061 1473 1143 1504 quae
1167 1462 1247 1492 indi-

178 1515 312 1545 viduum
328 1512 531 1544 humanitatis
555 1511 672 1542 Christi
697 1509 782 1550 prius
801 1509 955 1549 incepisse
975 1507 1125 1548 concipit,
1149 1516 1247 1548 quam

180 1559 337 1599 personali
353 1557 499 1588 affectum
515 1555 704 1596 proprietate
727 1553 918 1591 subsisteret,
943 1559 979 1583 ut
1001 1551 1165 1583 nonnullis
1182 1551 1247 1591 pla-

180 1603 280 1634 cuisse
297 1602 452 1642 theologis
469 1599 734 1637 memoravimus;
758 1598 813 1629 sed
829 1607 910 1638 quae
929 1597 962 1627 in
979 1607 1043 1628 una
1060 1596 1165 1626 divina
1179 1605 1248 1636 per-

180 1657 260 1677 sona
282 1646 352 1677 Filii
382 1647 446 1676 duo
470 1654 602 1675 munera
630 1643 813 1683 distinguit,
845 1642 979 1673 alterum
1003 1640 1193 1672 subsistendi
1216 1640 1248 1669 in

180 1697 291 1722 natura
314 1690 438 1728 divina,
470 1696 500 1719 et
523 1689 656 1719 alterum
685 1686 874 1718 subsistendi
902 1686 935 1716 in
959 1692 1070 1716 natura
1098 1685 1248 1715 humana.

181 1735 265 1766 Hinc
287 1745 362 1765 vero
387 1733 522 1775 denique
541 1732 576 1763 fit
604 1732 689 1763 hunc
713 1731 879 1762 hominem
903 1730 1083 1769 Christum,
1107 1729 1163 1770 qui
1182 1738 1250 1769 per-

182 1790 260 1810 sona
284 1779 389 1809 divina
412 1786 477 1817 est,
506 1778 564 1808 sub
589 1787 625 1807 ea
648 1776 770 1807 ratione
793 1785 857 1816 qua
879 1774 963 1805 vices
992 1774 1070 1814 gerit
1098 1783 1251 1814 personae

182 1823 339 1862 hominis,
363 1822 629 1863 praedestinatum
653 1820 715 1851 dici
745 1827 781 1851 ut
804 1825 884 1850 esset
907 1818 1006 1849 Filius
1022 1818 1098 1849 Dei:
1123 1824 1154 1849 et
1172 1818 1253 1848 hanc

182 1868 228 1898 illi
251 1868 392 1908 quidem,
416 1867 537 1897 ratione
561 1865 781 1903 humanitatis,
806 1863 974 1895 convenire
996 1861 1253 1903 praedestinatio-

184 1920 277 1950 nem;
301 1912 355 1942 sed
378 1912 480 1952 ipsam
503 1917 610 1941 tamen
627 1909 744 1940 Christi
768 1918 938 1949 personam
961 1906 1254 1948 praedestinationis

186 1966 252 1987 esse
268 1956 454 1987 subiectum.
480 1953 746 1986 Luculentissima
769 1953 833 1983 divi
857 1952 1004 1983 Thomae
1028 1951 1133 1992 accipe
1149 1951 1254 1989 verba,

185 2010 266 2042 quae
283 2000 383 2040 capite
407 1999 568 2040 superiore
592 1998 684 2028 allata
707 2004 797 2028 sunt:
833 2010 847 2025 α
865 1997 898 2027 Si
922 1996 1049 2037 proprie
1068 1995 1254 2036 accipiatur,

189 2058 203 2073 »
223 2051 349 2085 oportet
363 2044 452 2085 quod
466 2042 708 2084 praedestinatio
723 2042 909 2072 attribuatur
923 2041 983 2081 ipsi
998 2050 1151 2081 personae
1164 2039 1255 2071 Chri-

189 2102 204 2117 »
223 2089 271 2119 sti.
297 2088 359 2119 Sed
374 2088 449 2129 quia
469 2097 603 2128 persona
620 2086 736 2117 Christi
761 2085 900 2116 subsistit
923 2085 956 2116 in
980 2085 1104 2116 duabus
1124 2084 1255 2123 naturis,

189 2146 203 2161 »
223 2133 364 2164 humana
387 2131 503 2163 scilicet
533 2138 563 2162 et
591 2130 715 2168 divina,
747 2130 923 2161 secundum
954 2137 1122 2170 utramque
1153 2135 1258 2169 potest

189 2190 204 2205 »
224 2177 343 2218 aliquid
372 2176 432 2207 dici
463 2176 502 2205 de
525 2185 575 2206 eo.
608 2175 696 2206 Sicut
724 2175 810 2205 enim
841 2174 879 2204 de
910 2174 1041 2204 homine
1073 2180 1176 2214 potest
1204 2173 1257 2203 ali-

189 2235 204 2249 »
224 2221 302 2262 quid
333 2220 394 2251 dici
427 2219 603 2250 secundum
636 2229 776 2259 corpus,
811 2225 847 2249 ut
876 2219 970 2259 tangi
1002 2224 1032 2249 et
1065 2218 1233 2249 vulnerari
1247 2225 1259 2255 ;

190 2279 205 2294 2>
225 2265 343 2306 aliquid
360 2271 467 2295 autem
482 2263 659 2294 secundum
675 2263 826 2300 animam,
851 2269 886 2293 ut
905 2263 1088 2303 intelligere
1111 2268 1141 2293 et
1160 2262 1260 2293 velle:

191 2323 206 2338 »
226 2310 268 2341 ita
292 2310 330 2340 de
354 2308 481 2340 Christo
505 2314 610 2348 potest
633 2307 754 2348 aliquid
778 2306 839 2338 dici
870 2313 901 2337 et
919 2307 1096 2338 secundum
1120 2306 1260 2337 divinam

192 2367 207 2383 >›
227 2361 383 2392 naturam,
407 2353 487 2384 sicut
510 2352 577 2392 ipse
598 2351 636 2382 de
655 2361 687 2382 se
707 2351 782 2382 dicit
806 2351 932 2382 Ioannis
956 2358 991 2382 x:
1016 2351 1090 2392 Ego
1115 2356 1145 2381 et
1160 2351 1260 2382 Pater

192 2411 206 2426 »
227 2409 325 2429 unum
342 2404 473 2435 sumus,·
497 2403 527 2427 et
549 2395 668 2437 aliquid
689 2395 866 2427 secundum
886 2395 1072 2434 humanam,
1089 2395 1170 2426 sicut
1186 2405 1261 2426 cum

194 2455 209 2471 ι
229 2442 362 2473 dicimus
386 2451 461 2472 eum
481 2441 670 2481 crucifixum
695 2446 725 2471 et
748 2445 920 2471 mortuum.
946 2440 986 2470 Et
1009 2439 1071 2471 hoc
1096 2439 1195 2470 modo
1215 2439 1260 2469 di-

192 2500 207 2515 »
228 2487 307 2518 citur
330 2496 396 2516 esse
420 2485 667 2526 praedestinatus
691 2484 868 2515 secundum
897 2484 1072 2515 humanam
1096 2491 1259 2515 naturam:

193 2544 208 2559 »
227 2530 373 2572 quamvis
397 2530 482 2560 enim
504 2529 572 2569 ipsa
595 2538 729 2569 persona
753 2528 870 2559 Christi
897 2538 1022 2569 semper
1045 2528 1138 2559 fuerit
1162 2528 1261 2559 Filius

193 2588 208 2604 »
227 2575 305 2613 Dei;
329 2581 434 2605 tamen
459 2583 524 2604 non
541 2583 664 2613 semper
688 2573 758 2610 fuit,
782 2580 817 2604 ut
841 2573 974 2604 existens
994 2572 1027 2603 in
1043 2573 1184 2603 humana
1208 2583 1261 2603 na-

194 2633 209 2648 »
229 2626 299 2650 tura
327 2625 407 2649 esset
436 2618 535 2648 Filius
565 2617 641 2655 Dei;
670 2618 725 2648 sed
748 2618 809 2648 hoc
834 2617 894 2648 fuit
916 2617 1081 2648 ineffabilis
1104 2617 1229 2658 gratiae.
1244 2630 1259 2645 ι

193 2664 335 2695 Iamvero
360 2662 582 2701 castissimam,
612 2662 765 2703 omnique
789 2662 858 2692 labe
882 2672 917 2692 ac
941 2661 1122 2702 suspicione
1145 2661 1262 2699 immu-

194 2718 278 2746 nem,
292 2717 388 2738 nemo
403 2717 469 2737 non
483 2706 568 2737 videt
581 2706 748 2747 Aquinatis
763 2706 950 2737 doctrinam.
966 2706 1101 2737 Censori
1117 2705 1263 2737 Simonio

195 2762 360 2793 parcamus
377 2751 494 2792 potius,
519 2761 617 2792 quam
633 2751 873 2789 subirascamur,
899 2750 950 2782 cui
971 2757 1037 2781 tam
1053 2750 1146 2781 altius
1163 2760 1263 2781 assur-

194 2807 277 2837 gere,
292 2803 328 2827 ut
347 2795 480 2833 videtur,
498 2795 607 2826 datum
630 2805 696 2825 non
721 2795 780 2826 fuit
804 2802 839 2826 ut
855 2795 1025 2826 sublimem
1041 2794 1184 2835 Angelici
1199 2795 1264 2825 Do-

197 2840 291 2872 ctoris
314 2839 509 2880 theologiam
533 2846 758 2880 assequeretur.

264 2885 300 2915 11.
326 2883 533 2916 Commoveri
556 2883 773 2914 vehementius
802 2883 835 2914 in
862 2883 1011 2914 eumdem
1040 2883 1184 2914 criticum
1207 2883 1265 2914 ho—

197 2929 316 2959 minem
339 2928 474 2970 quisque
498 2938 530 2958 se
554 2928 676 2967 sentiat,
700 2928 755 2970 qui
771 2928 935 2959 Thomam
955 2927 1057 2959 futilia
1073 2934 1265 2967 commenta,

197 2973 424 3013 Origenianum
441 2973 479 3003 de
495 2972 731 3013 praeexistentia
754 2972 933 3003 animarum
957 2979 987 3003 et
1005 2972 1211 3012 Pelagianum
1227 2972 1266 3003 de

197 3017 383 3048 meritorum
413 3017 648 3057 praecedentia,
681 3017 724 3047 ita
752 3023 948 3047 enarrantem
978 3016 1100 3047 inducit
1127 3023 1163 3048 ut
1192 3017 1266 3048 alte-

199 3071 271 3092 rum
294 3062 490 3102 cumjaltero
516 3061 694 3092 confuderit
716 3061 939 3102 miscueritque
968 3061 1000 3091 in
1025 3061 1119 3099 loco,
1143 3060 1175 3091 in
1199 3071 1266 3102 quo

199 3112 370 3146 utrumque
386 3105 473 3135 nulla
488 3106 656 3136 verborum
681 3106 813 3145 ambage
833 3105 1034 3136 disertissime
1053 3105 1217 3146 distinguit
1232 3115 1267 3136 ac

200 3156 371 3190 utrumque
394 3149 635 3189 appositissimis
665 3149 814 3180 convellit
837 3149 1040 3189 argumentis.
1070 3149 1268 3190 Theologica

200 3193 309 3234 peritia
332 3193 357 3223 si
381 3193 513 3223 defuerit
536 3193 692 3230 Simonio,
708 3194 793 3224 oculi
818 3200 898 3224 certe
922 3203 988 3224 non
1013 3193 1140 3225 deerant
1161 3201 1206 3232 ut,
1223 3201 1267 3225 at-

199 3237 316 3269 tentius
331 3237 477 3268 Thomae
500 3238 601 3268 verbis
625 3238 778 3278 perlectis,
803 3238 882 3269 latae
904 3247 1053 3269 censurae
1069 3238 1268 3279 iniquitatem

201 3282 454 3322 deprehenderet.

268 3326 448 3366 Allegatum
462 3336 486 3356 s.
496 3325 643 3357 Doctoris
658 3326 766 3357 locum
783 3326 1007 3366 ponderemus.
1023 3326 1078 3357 Ait
1091 3326 1144 3357 ille
1158 3327 1269 3358 lect.111

203 3370 235 3400 in
253 3377 346 3410 caput
361 3380 392 3400 1x
407 3370 569 3410 Epistolae
585 3370 623 3400 ad
640 3371 804 3401 Romanos
828 3370 868 3401 ad
891 3380 926 3401 ea
950 3371 1043 3401 verba
1058 3376 1087 3402 v.
1110 3378 1157 3411 14:
1185 3371 1272 3408 Quid

204 3424 283 3455 ergo
293 3415 461 3445 dicemus?
476 3414 641 3455 Numquid
654 3415 806 3455 iniquitas
821 3415 909 3455 apud
917 3415 1021 3446 Deum
1031 3415 1051 3446 ?
1069 3428 1083 3443 α
1096 3415 1271 3456 Postquam

207 3471 222 3486 »
241 3458 400 3498 praemisit
414 3459 600 3499 ApostoluS,
616 3459 705 3500 quod
722 3459 898 3490 secundum
912 3459 971 3490 Dei
986 3459 1173 3491 electionem
1188 3470 1272 3491 unus

208 3515 223 3530 ›
242 3503 327 3533 alteri
344 3502 533 3543 praeferatur
555 3513 621 3534 non
644 3513 680 3534 ex
696 3503 856 3544 operibus,
873 3504 928 3534 sed
948 3514 984 3534 ex
1000 3504 1097 3543 gratia
1112 3503 1272 3542 vocantis;

210 3558 224 3573 »
244 3546 294 3577 hic
317 3547 446 3587 inquirit
474 3547 512 3577 de
535 3547 652 3578 iustitia
681 3548 776 3578 huius
807 3547 978 3578 electionis.
1007 3548 1048 3579 Et
1071 3548 1176 3588 primo
1200 3558 1272 3588 pro-

211 3602 225 3616 »
246 3590 335 3629 ponit
358 3590 620 3622 dubitationem...
644 3592 730 3628 Quid
753 3601 832 3633 ergo
855 3592 1007 3629 dicemus,
1036 3591 1191 3632 numquid
1214 3593 1273 3623 ini-

211 3646 227 3661 »
246 3635 351 3673 quitas
373 3635 459 3674 apud
479 3635 584 3666 Deum
596 3635 614 3666 P
627 3648 641 3663 ›
669 3635 810 3666 Infelices
833 3642 965 3666 conatus
981 3635 1127 3676 Origenis
1143 3635 1273 3676 profert,

891 275 1349 317 DISSERTATIONES
1379 274 1627 312 CRITICAE

1292 354 1348 395 qui
1372 354 1605 386 dubitationem
1634 361 1670 386 ut
1692 355 1846 395 solveret,
1875 356 1983 388 incidit
2011 357 2043 387 in
2068 367 2223 396 errorem,
2253 358 2365 390 insano

1293 399 1469 438 excogitato
1494 406 1689 430 commento,
1718 413 1732 427 ‹<
1746 400 1899 440 Origenes
1915 401 1995 432 hanc
2016 402 2229 432 obiectionem
2246 403 2366 433 solvere

1295 455 1310 470 »
1330 443 1452 482 volens,
1469 443 1578 474 incidit
1592 443 1625 473 in
1643 453 1791 474 errorem.
1816 445 1911 476 Ponit
1930 446 2017 476 enirn
2032 446 2065 476 in
2082 456 2141 477 suo
2158 447 2365 478 Periarchon:

1296 499 1310 514 »
1329 487 1436 517 Deum
1467 488 1505 518 ab
1537 487 1628 518 initio
1661 488 1769 518 solum
1802 496 1957 520 creaturas
1990 490 2166 531 spirituales
2197 491 2306 522 fecisse
2337 498 2368 522 et

1296 544 1310 558 »
1331 541 1443 562 omnes
1460 532 1618 572 aequaleS,
1642 542 1682 562 ne
1699 542 1735 562 ex
1752 542 1865 563 eorum
1888 533 2109 575 inaequalitate
2133 542 2241 576 posset
2257 546 2367 567 secun-

1296 588 1311 603 »
1332 576 1410 606 dum
1441 576 1597 607 rationem
1628 576 1820 616 praedictam
1850 577 1999 618 iniquitas
2029 579 2100 609 Deo
2132 580 2281 611 adscribi:
2314 580 2369 611 sed

1297 632 1311 647 »
1331 627 1442 660 postea
1465 627 1679 651 creaturarum
1703 620 1863 652 diversitas
1887 623 2054 654 subsecuta
2076 630 2122 654 est
2139 634 2175 656 ex
2192 625 2368 655 diversitate

1296 676 1311 691 ³>
1332 664 1529 694 meritorum.
1554 664 1638 694 Nam
1656 664 1784 695 illarum
1807 673 2021 697 creaturarum
2044 667 2257 708 spiritualium
2273 679 2369 710 quae-

1297 720 1311 734 »
1332 708 1407 738 dam
1430 718 1486 748 per
1509 718 1653 738 amorem
1674 718 1844 740 conversae
1867 717 1942 741 sunt
1957 711 1997 741 ad
2013 712 2119 742 Deum
2135 713 2219 752 plus,
2244 714 2368 744 minus:

1297 763 1312 778 »
1332 758 1363 782 et
1386 752 1564 782 secundum
1586 752 1649 782 hoc
1673 752 1810 784 distincti
1839 761 1913 785 sunt
1939 754 2052 786 diversi
2081 757 2208 788 ordines
2230 758 2370 797 Angelo-

1298 808 1312 823 »
1333 806 1414 826 rum.
1441 796 1608 832 Quaedam
1624 806 1699 826 vero
1717 807 1841 828 aversae
1863 805 1937 829 sunt
1953 809 1971 829 a
1987 799 2056 830 Deo
2078 800 2162 840 plus,
2179 801 2229 832 vel
2245 802 2369 832 minus:

1298 852 1313 867 1>
1333 846 1363 870 et
1379 839 1557 870 secundum
1579 840 1642 870 hoc
1667 840 1810 880 alligatae
1833 848 1908 872 sunt
1927 843 2114 883 corporibus
2136 845 2187 875 vel
2209 846 2371 877 nobilibus

1298 896 1313 911 ²>
1332 884 1383 914 vel
1406 883 1620 924 ignobilibus;
1640 884 1798 925 quaedam
1814 885 1947 926 quidem
1968 887 2154 919 caelestibus
2172 890 2372 930 corporibuS,

1299 941 1313 955 »
1333 928 1491 969 quaedam
1508 935 1615 959 autem
1639 929 1827 968 corporibus
1851 929 2033 961 hominum.
2058 932 2099 962 Et
2116 934 2294 964 secundum
2309 934 2373 965 hoc

1299 985 1313 1000 >›
1333 972 1412 1003 ratio
1445 972 1602 1003 condendi
1633 980 1664 1003 et
1695 973 1908 1014 distinguendi
1940 982 2095 1006 creaturas
2129 986 2296 1017 corporeas
2327 985 2374 1009 est

1299 1030 1314 1044 ›>
1334 1023 1501 1057 peccatum
1516 1017 1687 1057 spiritualis
1704 1025 1872 1049 creaturae.
1888 1031 1902 1046 »
1930 1019 2029 1056 Quod
2051 1030 2221 1051 erroneum
2241 1020 2373 1062 figmen-

1297 1068 1367 1092 tum
1384 1061 1492 1101 paucis
1510 1062 1642 1092 demum
1666 1061 1779 1093 refellit
1800 1062 1945 1094 Thomas
1970 1063 2135 1105 inquiens:
2164 1079 2178 1093 «
2192 1066 2250 1097 Est
2265 1073 2374 1097 contra

1300 1119 1315 1134 »
1334 1105 1366 1136 id
1390 1106 1479 1147 quod
1503 1106 1635 1137 Genesis
1658 1117 1669 1136 1
1693 1106 1823 1137 dicitur:
1861 1108 1943 1139 Vidit
1964 1109 2056 1140 Deus
2079 1115 2194 1141 cuncta
2218 1120 2302 1151 quae
2317 1110 2374 1152 fe—

1300 1163 1315 1178 »
1338 1156 1428 1181 cerat
1451 1156 1481 1181 et
1504 1156 1599 1181 erant
1613 1151 1707 1182 valde
1730 1151 1822 1182 bona.
1836 1165 1851 1180 »
1869 1153 1966 1184 Hunc
1989 1153 2099 1185 locum
2115 1155 2258 1185 examine
2274 1161 2376 1185 versat

1299 1194 1477 1226 Simonius:
1494 1202 1647 1236 notatque
1662 1196 1836 1226 Doctorem
1845 1197 2040 1238 Aquinatem
2057 1208 2092 1229 ac
2109 1199 2134 1229 si
2145 1198 2376 1239 Origenianum

1300 1246 1522 1270 commentum
1537 1240 1741 1280 imputaverit
1755 1241 1941 1281 Pelagianis.
1966 1242 2069 1273 Verba
2085 1243 2153 1274 eius
2169 1243 2270 1274 refero
2283 1251 2290 1274 :
2318 1257 2333 1272 α
2351 1244 2377 1274 Ι1

1303 1296 1318 1311 ιο
1339 1284 1467 1315 combat
1482 1294 1536 1315 sur
1551 1284 1581 1315 le
1597 1285 1687 1325 chap.
1699 1295 1730 1315 rx
1745 1285 1784 1315 de
1800 1286 1830 1316 la
1846 1286 1952 1316 meme
1967 1277 2075 1327 Epitre
2097 1287 2255 1328 l’opinion
2272 1287 2376 1320 d'Ori-

1304 1341 1318 1355 ›>
1338 1331 1428 1369 gene,
1453 1329 1508 1369 qui
1533 1339 1551 1359 a
1567 1329 1643 1359 ecrit
1666 1330 1743 1360 dans
1760 1340 1819 1360 son
1836 1330 1913 1361 livre
1930 1331 1984 1361 des
2000 1331 2176 1372 Principes:
2206 1333 2277 1370 Que
2290 1333 2377 1365 Dieu

1304 1385 1319 1399 ³>
1340 1372 1393 1403 n’a
1417 1374 1492 1404 cree'
1513 1373 1648 1404 d’abord
1670 1383 1732 1414 que
1754 1374 1811 1405 des
1834 1375 1918 1406 etr-es
1941 1376 2106 1415 spirituels
2133 1382 2164 1407 et
2186 1377 2265 1417 qu'il
2288 1377 2334 1408 les
2357 1387 2378 1408 a

1306 1429 1320 1443 »
1340 1417 1442 1448 meme
1453 1417 1543 1458 faits
1558 1423 1630 1448 tous
1645 1419 1766 1459 agaim,
1783 1429 1873 1459 pour
1889 1419 1989 1450 n’etre
2001 1430 2066 1461 pas
2082 1420 2200 1462 injuste
2215 1423 2235 1452 ὰ
2252 1421 2380 1464 l’egard

1306 1473 1321 1488 »
1340 1461 1480 1492 d'aucun
1488 1469 1502 1499 ,¹
1525 1471 1563 1492 en
1583 1467 1670 1493 sorte
1684 1472 1747 1503 que
1762 1469 1842 1494 cette
1855 1464 2007 1495 diversit&
2019 1466 2075 1505 qui
2090 1470 2137 1496 est
2152 1467 2281 1498 arrivee
2297 1466 2380 1498 dans

1306 1517 1321 1532 »
1341 1506 1374 1537 la
1389 1507 1483 1544 suite,
1509 1507 1624 1537 vienne
1646 1506 1686 1537 de
1709 1507 1742 1537 la
1765 1507 1919 1539 divers-ite
1932 1509 1972 1539 de
1988 1509 2077 1540 leurs
2100 1511 2238 1541 mer-ires.
2263 1511 2289 1542 11
2305 1521 2379 1543 sou-

1307 1562 1321 1577 »
1341 1550 1430 1589 tient,
1454 1560 1517 1591 que
1541 1557 1620 1581 cette
1643 1550 1760 1582 reverie
1784 1552 1955 1592 d'Origene
1979 1560 2026 1584 est
2047 1553 2191 1585 l’heresie
2215 1555 2269 1586 des
2292 1555 2380 1588 Pela-

1307 1607 1321 1622 »
1341 1595 1441 1635 giens,
1458 1595 1514 1636 qui
1530 1601 1587 1626 ont
1611 1605 1666 1625 cru
1690 1605 1753 1636 que
1777 1596 1860 1627 Dieu
1883 1597 2045 1628 accordoit
2059 1598 2090 1628 la
2105 1600 2195 1639 grace
2211 1609 2272 1630 aux
2288 1599 2380 1631 hom-

1307 1651 1322 1666 »
1342 1650 1410 1670 mes
1434 1649 1472 1670 en
1497 1649 1559 1670 vue
1583 1640 1621 1670 de
1645 1639 1728 1670 leurs
1752 1640 1896 1679 merites;
1916 1642 1996 1672 mais
2019 1642 2098 1684 quoi
2121 1643 2201 1684 qu'il
2229 1643 2319 1675 suive
2342 1652 2383 1675 en

1308 1696 1323 1710 a>
1343 1684 1409 1714 cela
1432 1683 1513 1714 saint
1536 1684 1708 1724 Augustin,
1732 1684 1754 1715 il
1779 1692 1824 1716 est
1848 1685 1989 1725 (ividem,
2013 1697 2076 1728 que
2100 1687 2213 1727 pelage
2238 1694 2284 1719 est
2306 1689 2382 1720 tres-

1309 1741 1323 1755 »
1343 1728 1468 1768 eloigne
1497 1728 1684 1768 &Oi-igme,
1715 1736 1823 1771 contre
1847 1730 1876 1760 le
1899 1731 1974 1772 quel
2003 1731 2047 1762 les
2066 1731 2230 1772 Pelagiens
2253 1742 2286 1763 se
2309 1737 2385 1764 sont

1309 1785 1324 1800 >›
1344 1772 1481 1803 declares
1501 1772 1680 1803 fortement.
1706 1773 1758 1804 On
1774 1781 1851 1814 peut
1867 1775 1906 1805 de
1921 1776 1993 1815 plus
2009 1775 2157 1806 defendre
2177 1777 2207 1807 la
2223 1775 2384 1817 prevision

1309 1829 1325 1844 »
1345 1817 1399 1847 des
1423 1817 1549 1847 merites
1572 1827 1644 1847 sans
1665 1818 1791 1848 tomber
1805 1819 1882 1849 dans
1906 1819 1935 1849 le
1958 1820 2196 1860 Pelagianisme.
2211 1833 2226 1849 ›
2249 1821 2322 1852 Hoc
2338 1827 2386 1852 est

1308 1861 1419 1892 latine:
1448 1874 1462 1889 α
1477 1862 1512 1891 In
1529 1861 1771 1892 Commentario
1795 1863 1904 1903 capitis
1924 1874 1954 1894 1x
1970 1864 2132 1904 Epistolae
2151 1865 2191 1895 ad
2206 1866 2384 1905 Romanos,

1311 1919 1326 1933 ι»
1346 1912 1467 1946 pugnat
1480 1905 1626 1936 Thomas
1641 1913 1750 1937 contra
1765 1906 1948 1947 Origenem,
1965 1908 2021 1949 qui
2036 1908 2070 1939 in
2086 1909 2167 1940 libro
2184 1910 2257 1953 περί
2274 1909 2384 1955 ἀρχῶγ

1312 1963 1326 1978 »
1347 1950 1463 1990 scripto
1487 1950 1630 1991 reliquit:
1661 1951 1766 1982 Deum
1790 1952 1831 1982 ab
1854 1953 1945 1983 initio
1967 1953 2071 1983 solum
2096 1959 2267 1986 creaturas
2289 1955 2384 1996 spiri-

1313 2007 1327 2022 »
1347 1995 1452 2026 tuales
1464 1994 1590 2035 fecisse
1613 2000 1643 2026 et
1657 2005 1768 2026 omnes
1790 1997 1952 2037 aequales,
1979 2007 2019 2028 ne
2034 2007 2077 2028 ex
2094 2008 2206 2029 earum
2232 2000 2385 2041 inaequa-

1313 2051 1327 2066 »
1348 2040 1437 2070 litate
1447 2044 1557 2080 posset
1571 2039 1746 2070 secundum
1764 2042 1921 2071 rationem
1932 2042 2135 2082 praedictam
2153 2044 2386 2084 iniquitasneo

1314 2096 1328 2111 »
1348 2083 1506 2125 adscribi:
1524 2083 1581 2114 sed
1595 2089 1709 2124 postea
1726 2090 1952 2116 creaturarum
1969 2086 2140 2118 diversitas
2154 2087 2323 2119 subsecuta
2339 2093 2387 2121 est

1315 2141 1329 2155 ν
1350 2138 1392 2159 ex
1405 2128 1590 2159 diversitate
1605 2129 1803 2160 meritorum.
1825 2129 1918 2160 Putat
1934 2130 1987 2161 ille
2009 2130 2071 2162 hoc
2093 2130 2240 2172 Origenis
2256 2131 2388 2172 figmen-

1315 2185 1330 2200 »
1350 2179 1421 2203 tum
1444 2173 1546 2213 ipsam
1570 2182 1657 2211 esse,
1688 2183 1786 2214 quam
1811 2173 1969 2214 Pelagiani
1999 2175 2184 2206 invexerunt
2213 2175 2390 2217 haeresim,

1317 2230 1331 2244 1>
1351 2217 1534 2248 arbitrantes
1567 2217 1673 2248 Deum
1702 2218 1806 2258 largiri
1828 2218 1961 2259 gratiam
1982 2219 2167 2251 hominibus
2190 2219 2308 2252 intuitu
2324 2230 2390 2253 me-

1317 2274 1332 2289 »
1352 2261 1496 2292 ritorum.
1528 2261 1670 2292 Tametsi
1696 2272 1772 2293 vero
1796 2263 2014 2303 Augustinum
2040 2263 2073 2295 in
2098 2264 2156 2295 hac
2179 2275 2211 2296 re
2235 2271 2391 2306 sectetur,

1318 2319 1332 2334 ιο
1353 2305 1562 2336 nihilominus
1577 2306 1781 2347 perspicuum
1797 2314 1842 2338 est
1864 2308 1902 2338 ab
1925 2307 2061 2348 Origene
2079 2309 2264 2349 longissime
2279 2310 2392 2344 distare

1318 2363 1333 2378 ›
1352 2350 1536 2390 Pelagium,
1566 2351 1605 2381 ab
1636 2351 1768 2392 eiusque
1799 2352 1930 2383 nornine
1964 2353 2164 2384 abhorruisse
2195 2354 2392 2395 Pelagianos.

1319 2407 1333 2422 2·
1354 2393 1463 2432 Quid?
1492 2395 1581 2436 quod
1604 2395 1750 2426 sustineri
1775 2397 1907 2427 demum
1931 2397 2050 2439 absque
2078 2397 2144 2429 ulla
2171 2398 2393 2439 Pelagianismi

1319 2451 1334 2467 ι»
1353 2446 1430 2470 nota
1453 2446 1558 2479 potest
1581 2439 1737 2480 praevisio
1761 2441 1959 2472 meritorum.
1974 2455 1988 2469 a»
2016 2442 2103 2473 Haec
2126 2442 2189 2474 ille.

1383 2483 1530 2515 Simonio
1562 2484 1668 2525 itaque
1698 2484 1723 2515 si
1755 2485 1932 2525 credimus,
1964 2485 2154 2527 figmentum
2183 2487 2330 2528 Origenis
2353 2487 2393 2519 de

1317 2528 1553 2569 praeexistentia
1572 2527 1762 2568 animarum,
1787 2530 2040 2572 meritorumque
2059 2541 2095 2562 ac
2112 2531 2341 2564 demeritorum
2358 2531 2393 2564 in

1317 2573 1378 2603 alia
1400 2573 1464 2604 vita
1493 2573 1612 2614 accepit
1637 2573 1781 2614 Aquinas
1810 2584 1868 2615 pro
1892 2575 1961 2616 ipsa
1989 2575 2233 2616 Pelagianorum
2262 2575 2392 2608 haeresi.

1318 2617 1457 2648 Ubinam
1480 2627 1556 2648 vero
1576 2617 1652 2648 haec
1669 2617 1779 2649 dixerit
1795 2616 1868 2649 ille?
1892 2619 1927 2650 ln
1943 2619 2004 2649 illis
2022 2619 2165 2660 profecto
2181 2620 2294 2659 verbis,
2311 2629 2394 2663 quae

1319 2661 1482 2692 Simonius
1499 2662 1613 2700 attulit,
1637 2671 1677 2692 ne
1692 2662 1862 2702 vestigium
1885 2663 2017 2704 quidem
2037 2664 2151 2695 ullum.
2176 2664 2276 2695 Addit
2290 2664 2393 2706 plura,

1319 2705 1561 2737 Commentario
1585 2716 1646 2736 suo
1670 2713 1810 2737 mentem
1829 2707 1978 2748 Apostoli
1998 2717 2159 2748 exponens
2178 2708 2338 2740 Thomas:
2363 2715 2396 2740 at

1320 2749 1466 2790 Origenis
1490 2760 1525 2781 ac
1545 2750 1662 2790 Pelagii
1677 2760 1796 2781 errores
1817 2761 1882 2781 non
1898 2751 2076 2790 confundit,
2091 2751 2159 2782 imo
2175 2752 2309 2783 alterum
2325 2762 2394 2794 per-

1320 2794 1429 2835 spicue
1446 2794 1610 2834 distinguit
1633 2794 1671 2825 ab
1688 2794 1797 2826 altero.
1822 2797 1888 2826 Aut
1910 2795 2017 2836 ipsum
2033 2795 2182 2827 Thomae
2201 2797 2311 2828 locum
2327 2807 2394 2828 non

1320 2838 1395 2879 legit
1418 2848 1529 2870 censor
1548 2838 1711 2870 Simonius
1730 2846 1785 2870 aut
1804 2840 1999 2871 obtrectandi
2018 2839 2148 2871 libidine
2166 2841 2304 2882 percitus
2328 2851 2395 2875 non

1320 2883 1480 2914 intellexit.
1505 2883 1634 2914 Reiecto
1658 2890 1843 2914 commento
1867 2883 2080 2924 Origeniano,
2104 2885 2282 2925 legitimum
2306 2887 2396 2928 Apo-

1321 2927 1394 2958 stoli
1418 2937 1547 2958 sensum
1566 2927 1714 2968 patefacit
1732 2928 1902 2968 Angelicus
1922 2929 2052 2960 Doctor.
2078 2929 2201 2961 Profert
2219 2930 2396 2971 Apostolus

1320 2977 1349 3003 v.
1370 2981 1409 3012 14
1423 2972 1544 3013 Moysis
1558 2972 1662 3010 verba,
1679 2982 1761 3013 quae
1775 2972 1943 3014 desumpta
1958 2980 2032 3004 sunt
2051 2983 2087 3004 ex
2102 2984 2170 3015 cap.
2185 2984 2279 3005 xxxm
2294 2973 2397 3006 Exodi

1320 3021 1349 3047 v.
1371 3024 1426 3057 19:
1450 3016 1631 3048 Miserebor
1654 3018 1746 3048 cuius
1769 3018 1940 3056 misereor,
1971 3023 2002 3049 et
2024 3018 2277 3050 misericordiam
2294 3027 2406 3061 prae-‘

1320 3061 1410 3092 stabo
1433 3062 1526 3092 cuius
1548 3061 1740 3092 miserebor:
1770 3071 1852 3103 quae
1883 3062 2089 3093 multifariam
2120 3063 2158 3094 ab
2190 3062 2396 3104 scriptoribus

1321 3105 1478 3136 intellecta
1502 3112 1591 3137 notat
1613 3105 1773 3147 Aquinas:
1801 3106 2008 3147 «Exponitur
2031 3114 2149 3146 autem,
2173 3109 2291 3149 inquit,
2317 3107 2396 3139 haec

1325 3162 1339 3177 ›
1363 3149 1531 3181 auctoritas
1545 3150 1578 3181 in
1593 3150 1707 3181 Glossa
1731 3150 1898 3191 dupliciter
1920 3158 1951 3182 et
1965 3152 2142 3183 secundum
2157 3152 2219 3183 hoc
2234 3162 2271 3183 ex
2285 3157 2396 3183 aucto-

1326 3207 1339 3222 »
1363 3194 1451 3225 ritate
1475 3194 1534 3226 hac
1557 3194 1724 3235 dupliciter
1753 3194 1886 3226 solvitur
1914 3195 2058 3245 quaestio
2087 3203 2118 3227 et
2141 3196 2287 3228 obiectio.
2319 3195 2395 3227 Uno

1326 3251 1341 3266 ι
1363 3239 1464 3270 modo
1479 3239 1539 3270 sic:
1564 3239 1753 3276 Miser-ebor,
1779 3240 1832 3270 cui
1854 3241 2019 3278 misereor,
2044 3240 2125 3271 idest
2147 3240 2192 3271 illi
2212 3240 2267 3283 qui
2285 3246 2332 3271 est
2349 3238 2396 3270 di-

1327 3295 1341 3310 »
1363 3293 1445 3324 gnus
1469 3283 1714 3314 misericordia...
1731 3283 1772 3314 Et
1795 3284 1971 3315 secundum
1994 3285 2056 3316 hoc
2071 3284 2143 3316 licet
2157 3283 2398 3316 misericorditer

1328 3339 1342 3355 x>
1365 3338 1422 3359 sua
1444 3327 1628 3369 impendat,
1657 3334 1763 3359 tamen
1789 3328 1828 3358 ab
1851 3328 2003 3360 iniustitia
2032 3335 2217 3368 excusatur,
2245 3327 2320 3370 quia
2343 3327 2397 3358 dat

1328 3383 1342 3399 »
1365 3372 1481 3413 quibus
1496 3372 1639 3403 dandum
1653 3379 1700 3404 est
1713 3379 1744 3403 et
1757 3372 1834 3414 quia
1851 3383 1917 3404 non
1932 3374 1986 3405 dat
2009 3374 2060 3404 cui
2084 3373 2226 3404 dandum
2247 3382 2314 3403 non
2339 3378 2396 3410 est,

1328 3428 1342 3443 »
1366 3417 1543 3447 secundum
1566 3416 1786 3448 rectitudinem
1810 3417 1858 3448 sui
1880 3417 1997 3449 iudicii.
2023 3417 2085 3449 Sed
2105 3417 2252 3448 misereri
2273 3417 2327 3448 cui
2349 3415 2397 3447 di—

1329 3473 1343 3488 »
1365 3471 1467 3502 gnum
1492 3467 1539 3492 est
1567 3468 1674 3502 potest
1702 3461 1833 3502 intelligi
1858 3461 2033 3503 dupliciter.
2058 3461 2133 3493 Uno
2156 3460 2268 3500 modo,
2292 3466 2329 3491 ut
2351 3459 2398 3490 in-

1330 3517 1344 3531 »
1366 3505 1525 3545 telligatur
1538 3505 1652 3547 aliquis
1667 3505 1781 3546 dignus
1805 3506 2019 3537 misericordia
2037 3512 2166 3546 propter
2180 3514 2277 3545 opera
2291 3513 2398 3545 praee-

1331 3561 1345 3576 »
1366 3549 1511 3580 xistentia
1533 3549 1566 3580 in
1589 3550 1647 3581 hac
1670 3550 1744 3587 vita,
1769 3550 1841 3582 licet
1864 3560 1930 3581 non
1959 3550 1992 3580 in
2013 3549 2073 3580 alia
2102 3555 2139 3580 ut
2160 3548 2268 3590 posuit
2287 3548 2397 3589 Orige-

1331 3605 1345 3621 »
1368 3600 1441 3630 nes;
1469 3594 1558 3634 quod
1582 3594 1716 3634 pertinet
1739 3594 1779 3625 ad
1802 3594 1957 3625 haeresim
1980 3593 2240 3634 Pelagianorum,
2259 3592 2315 3634 qui
2340 3602 2397 3633 po-

1331 3649 1346 3664 »
1369 3644 1500 3668 suerunt
1522 3637 1655 3677 gratiam
1681 3637 1740 3669 Dei
1770 3638 1956 3669 hominibus
1987 3636 2163 3668 secundum
2186 3636 2297 3667 merita
2321 3636 2397 3668 dari.
