2548 4192
209 264 324 290 CCXLII

211 345 226 360 »
245 333 358 372 gistros
382 331 606 374 (Guillelmum
630 333 669 363 de
691 342 717 363 s.
742 333 861 362 Amore
883 332 1109 374 sociosque)....
1130 343 1148 362 a
1167 331 1279 362 funda-

212 390 226 404 »
245 377 360 408 mentis
382 387 497 407 errasse
520 377 592 407 fidei
613 384 643 407 et
662 377 743 407 male
758 376 945 407 intellexisse
965 377 1154 407 Sanctorum
1171 383 1278 407 aucto—

211 435 226 449 »
245 422 350 452 ritates
375 421 563 452 inductas....
582 421 667 452 Cum
683 421 716 451 in
740 420 868 451 modico
893 427 1047 460 tempore,
1064 420 1103 450 de
1126 421 1277 451 mandato

213 478 228 493 ιν
249 465 374 497 Summi
390 465 550 496 Pontificis
574 465 763 505 perfecisset,
788 465 981 504 respondens
1007 465 1199 503 argumentis
1223 474 1276 495 ne-

211 523 225 538 »
246 510 329 541 fariis
354 516 384 540 et
403 509 607 549 superpositis
623 508 696 539 fidei
723 508 948 547 fundamentis,
972 508 1117 539 libellum
1140 509 1276 540 Summo

211 566 225 582 »
244 553 390 585 Pontifici
414 553 537 584 obtulit.
552 566 566 580 ›

276 599 362 629 Num
386 607 459 638 ergo
483 596 685 637 Opusculum
704 596 867 634 Thomae,
887 596 976 636 quod
995 597 1144 627 Romano
1168 597 1276 628 Ponti-

209 642 266 673 fice
290 642 458 672 mandante
486 651 520 671 ac
549 647 678 680 urgente
701 640 851 680 Magistro
877 640 1022 670 Generali
1047 640 1187 679 Ordinis,
1203 648 1278 682 post

209 686 407 718 attentiorem
434 684 606 715 voluminis
629 694 647 714 a
671 684 843 715 Guillelmo
867 684 906 714 de
934 695 959 715 s.
985 687 1106 715 Amore
1129 685 1204 716 editi
1233 686 1276 716 le-

210 731 346 761 ctionem
379 735 623 769 accuratumque
656 728 723 758 eius
753 738 903 766 examen,
929 729 1111 760 confectum
1142 735 1206 768 est,
1230 730 1277 760 nil

208 774 299 805 aliud
321 773 414 803 fuerit
437 782 535 814 quarn
557 773 748 803 Recollectio
772 780 827 804 aut
847 773 1034 813 Reportatio
1053 783 1177 812 eorum,
1194 784 1276 815 quae

208 819 376 858 disputans
395 817 542 847 Albertus
566 817 701 857 Magnus
724 815 914 857 protulerat?
939 818 1036 848 Haud
1058 818 1100 848 ita
1124 818 1277 849 sentiebat

207 862 363 893 Henricus
380 862 418 891 de
442 861 606 899 Gandavo,
627 861 759 902 scriptor
778 872 906 900 coevuS,
923 862 978 902 qui
1002 862 1040 892 de
1065 862 1275 902 Scriptoribus

208 906 421 937 ecclesiasticis
446 915 535 936 num.
560 907 601 945 45
629 912 776 936 testatur:
807 906 928 936 Contra
947 907 1098 947 magistri
1119 907 1277 938 Wilhelmi

207 951 247 982 de
277 956 388 981 sancto
420 950 539 980 Amore
571 951 760 981 invectivum
796 950 911 981 librum
946 950 1078 981 edidisse
1111 951 1276 982 Thomam

208 995 247 1024 de
278 995 429 1036 Aquino,
459 993 656 1034 Opusculum
686 995 946 1032 subtilissimum,
972 996 1004 1025 in
1037 1005 1100 1036 quo
1133 996 1272 1027 eiusdem

215 1038 373 1070 Wilhelmi
395 1048 537 1070 errorem
555 1038 727 1079 redarguit
745 1044 775 1069 et
797 1039 953 1080 confutat.

591 1147 801 1185 CAPUT
832 1149 885 1185 II.

207 1243 316 1269 Occasio
334 1243 461 1268 scribendi
481 1243 538 1268 data
557 1251 587 1269 ex
606 1243 723 1275 dissidio,
743 1244 814 1277 quod
833 1244 988 1270 Guillelmus
1012 1245 1045 1270 de
1068 1250 1156 1270 sancto
1180 1247 1278 1271 Amore

277 1279 371 1312 aliique
396 1278 458 1303 socii
483 1278 509 1303 in
527 1279 618 1304 fratres
642 1279 815 1304 Mendicantes
840 1288 955 1305 movere.
975 1280 1092 1305 Thomas
1117 1281 1276 1315 Cantimpra-

276 1315 356 1340 tensis
375 1319 401 1339 et
419 1314 575 1339 Guillelmus
595 1315 626 1339 de
645 1314 732 1339 Tocco
757 1315 848 1340 notati:
868 1316 1058 1348 castigatusque
1083 1316 1178 1341 Caesar
1196 1317 1277 1348 Egas-

277 1350 331 1375 sius
350 1350 486 1375 Boulaeus.
502 1350 567 1385 Editi
582 1350 613 1374 ab
633 1350 760 1383 Aquinate
779 1350 906 1383 Opusculi
924 1356 1037 1384 tempuS,
1052 1352 1122 1384 quod
1137 1352 1277 1377 Guillelmo

278 1386 310 1410 de
330 1394 351 1411 s.
365 1387 463 1410 Amore
481 1385 611 1418 opposuit.

207 1483 230 1514 Ι.
253 1475 494 1557 Dissidium,
512 1490 578 1521 quo
602 1481 673 1511 data
696 1480 848 1521 Aquinati
874 1481 998 1511 occasio
1022 1481 1082 1512 fuit
1101 1489 1277 1514 memorata

335 1524 488 1555 scribendi
505 1524 679 1565 Opuscula,
695 1525 875 1564 diligentius
890 1535 1031 1556 enarrare
1047 1526 1185 1565 pretium
1200 1537 1276 1575 ope-

206 1580 258 1602 rae
277 1576 332 1600 est.
359 1569 475 1599 Turbis
498 1569 531 1599 in
554 1569 718 1600 Parisiensi
742 1569 951 1600 Universitate
979 1570 1093 1608 motis,
1117 1577 1278 1602 tentarunt

206 1613 387 1646 Academici
411 1622 495 1643 anno
519 1615 599 1644 1253
625 1620 660 1643 ut
683 1623 700 1643 e
719 1612 880 1643 consortio
904 1623 1008 1644 sacrae
1023 1614 1193 1646 Facultatis
1217 1615 1277 1646 fra-

207 1667 268 1690 tres
292 1657 522 1689 Praedicatores
539 1664 569 1688 et
584 1657 723 1688 Minores
747 1657 941 1688 eiicerentur.
960 1658 1042 1689 Inter
1057 1658 1134 1690 haec
1150 1659 1278 1691 dissidia

206 1703 352 1743 vulgatus
376 1712 394 1731 a
418 1701 590 1732 Guillelmo
624 1702 663 1731 de
691 1708 800 1732 sancto
823 1703 963 1741 Amore,
987 1703 1141 1734 canonico
1173 1704 1276 1735 Bello-

205 1747 341 1785 vacensi‚
359 1746 488 1776 doctore
504 1746 656 1786 theologo
678 1745 767 1784 liber,
782 1746 834 1776 De
850 1747 1009 1787 periculis
1032 1749 1276 1779 novissimorum

207 1797 384 1832 temporum
409 1790 587 1830 inscriptus,
603 1791 637 1821 in
662 1800 728 1831 quo
752 1796 838 1821 totus
865 1797 940 1829 erat,
958 1798 994 1822 ut
1018 1791 1166 1832 religioso
1183 1793 1277 1824 statui

207 1837 246 1866 ab
265 1835 405 1866 Ecclesia
421 1835 596 1875 adprobato
620 1834 773 1865 invidiam
796 1841 922 1866 crearet.
939 1836 990 1866 Ad
1007 1835 1122 1866 Sedem
1138 1838 1277 1877 Aposto-

205 1881 300 1911 licam
323 1879 488 1920 negotium
511 1879 653 1910 delatum
678 1885 724 1909 est
747 1879 785 1909 ab
810 1879 881 1920 ipso
905 1879 1080 1910 Galliarum
1104 1881 1189 1921 Rege
1213 1882 1277 1913 Lu-

206 1925 321 1956 dovico
341 1934 439 1955 nono.
467 1924 582 1954 Sedem
605 1924 786 1954 Romanam
809 1924 934 1954 tenebat
956 1924 1133 1955 Alexander
1157 1925 1200 1956 1v
1223 1936 1276 1956 an-

207 1979 250 2000 no
280 1970 362 2009 1254
386 1969 435 1999 die
461 1978 496 1998 21
526 1967 699 1999 decembris
722 1967 876 1998 Summus
899 1968 1045 1999 Pontifex
1072 1969 1200 2000 electus.
1226 1971 1278 2001 Ad

207 2024 338 2045 examen
360 2019 509 2044 vocaturn
529 2012 693 2043 Guillelmi
717 2012 755 2042 de
780 2022 804 2043 s.
821 2014 941 2042 Amore
964 2013 1131 2044 volumen:
1150 2014 1277 2051 Quanta

206 2069 281 2089 vero
316 2058 494 2089 maturitate
531 2055 661 2097 (verbis
693 2062 768 2087 utor
809 2057 948 2088 nomae
988 2057 1278 2099 Cantimpratensis

207 2103 259 2134 lib.
276 2103 317 2133 II
329 2103 369 2134 de
390 2102 521 2143 Apibus,
540 2102 643 2142 capite
665 2111 701 2140 x,
722 2111 809 2132 num.
829 2100 895 2142 23)
923 2115 937 2130 ι
957 2102 1034 2133 scire
1062 2102 1196 2143 poterit,
1221 2103 1276 2145 qui

209 2162 224 2176 »
247 2148 442 2178 Collationes
464 2151 495 2177 et
508 2142 751 2186 Disputationes
765 2145 885 2186 legerit,
904 2146 1072 2187 praecipue
1087 2154 1195 2178 contra
1211 2158 1277 2179 ma-

209 2206 224 2221 »
243 2192 356 2232 gistros
379 2197 537 2232 quatuor,
566 2190 598 2220 in
627 2190 728 2231 capite
758 2189 952 2221 adversarios
983 2189 1208 2232 (Guillelmum
1237 2192 1278 2224 de

208 2251 223 2266 »
242 2247 268 2268 s.
292 2236 421 2273 Amore,
450 2234 592 2265 odonem
617 2234 657 2265 de
671 2235 797 2272 Duaco,
814 2234 986 2266 Nicolaum
1003 2235 1043 2266 de
1057 2235 1166 2266 Barro
1179 2246 1278 2277 super

208 2294 223 2310 s
242 2281 355 2312 Albam
371 2285 401 2310 et
418 2279 636 2310 Christianum
651 2279 841 2309 canonicum
854 2279 1146 2322 Bellovacensem).·
1158 2281 1277 2322 Dispu-

209 2339 224 2354 »
244 2326 380 2357 tationes
403 2333 534 2364 quoque
565 2322 697 2353 Domini
730 2323 878 2363 Hugonis
901 2323 1076 2364 Presbyteri
1101 2323 1276 2356 Cardinalis

206 2384 221 2399 »
241 2369 341 2401 fratris
364 2367 494 2400 Ordinis
517 2367 794 2406 Praedicatorum,
826 2367 958 2398 Domini
982 2368 1107 2399 Ricardi
1130 2367 1187 2410 (de
1208 2369 1274 2400 An·

207 2427 222 2442 »
243 2413 379 2445 nibaldis
402 2412 441 2443 de
473 2412 616 2442 Molaria
648 2411 788 2442 Diaconi
821 2411 1008 2443 Cardinalis
1035 2422 1061 2443 s.
1085 2413 1221 2456 Angelz)
1245 2420 1276 2445 et

207 2471 222 2487 »
242 2457 374 2489 Domini
397 2455 564 2498 (Ioannis)
589 2455 731 2486 Caietani
762 2454 894 2496 (Ursini
922 2457 1063 2488 Diaconi
1088 2457 1275 2490 Cardinalis

206 2515 222 2530 ι
240 2513 267 2534 s.
291 2501 421 2533 Nicolai
443 2502 476 2531 in
503 2499 643 2530 Carcere
671 2499 836 2542 Tulliano)
856 2507 887 2531 et
903 2501 1039 2532 aliorum
1056 2501 1274 2533 Cardinalium

206 2560 222 2575 ι
242 2546 465 2588 plurimorum:
483 2554 607 2575 necnon
623 2550 654 2574 et
670 2544 889 2585 Allegationes
903 2545 1088 2576 venerabilis
1102 2546 1198 2586 patris
1215 2546 1274 2577 fra-

207 2604 222 2619 »
245 2591 299 2623 tris
321 2589 489 2621 Humberti
505 2588 644 2628 Magistri
661 2587 790 2619 Ordinis
806 2588 1079 2628 Praedicatorum,
1097 2590 1151 2621 sed
1168 2597 1199 2621 et
1214 2590 1273 2622 fra-

207 2648 222 2663 »
242 2636 296 2668 tris
314 2635 554 2665 Bonaventurae
574 2631 734 2663 Generalis
754 2632 889 2663 Ministn'
913 2633 1042 2664 Ordinis
1065 2633 1197 2665 fratrum
1215 2635 1274 2666 Mi-

208 2693 223 2708 »
243 2689 360 2712 norum
374 2685 405 2709 et
418 2677 554 2708 maxime
569 2676 709 2717 magistri
723 2676 843 2707 Alberti
858 2676 959 2707 fratris
970 2677 1098 2708 Ordinis
1112 2678 1272 2710 Praedica-

208 2737 223 2752 »
243 2732 351 2756 torum
365 2723 405 2753 ad
420 2721 482 2752 hoc
496 2721 669 2762 specialiter
685 2731 702 2751 a
717 2720 860 2751 Domino
875 2721 960 2761 Papa
975 2721 1077 2752 vocati
1093 2729 1123 2753 et
1138 2722 1274 2753 aliorum

208 2781 222 2796 ι·
243 2768 469 2805 Praelatorum,
484 2773 578 2807 atque
595 2775 786 2806 magnorum
801 2765 943 2795 virorum
957 2765 1188 2806 disputationes
1195 2776 1274 2806 pro-

207 2825 223 2840 >
243 2814 329 2844 lixas
343 2818 373 2843 et
387 2821 528 2851 magnas,
538 2809 660 2841 habitas
673 2809 836 2850 Anagniae
851 2819 958 2840 coram
972 2809 1091 2848 multis;
1107 2816 1138 2841 et
1151 2810 1184 2840 in
1197 2810 1274 2851 ipsis

208 2869 223 2884 ›
242 2856 382 2888 invenire
404 2854 520 2896 poterit
542 2864 648 2885 rerum
670 2860 830 2894 gestarum
853 2853 1139 2884 enucleatissimam
1161 2854 1273 2885 verita-

209 2915 224 2930 »
243 2909 318 2933 tem.
332 2913 347 2929 »
364 2899 596 2930 Praefecturam
612 2898 740 2930 Ordinis
755 2897 918 2929 Minorum
933 2907 1038 2938 gerere
1052 2898 1274 2929 Bonaventura

206 2946 311 2987 coepit
327 2954 412 2975 anno
428 2944 556 2975 ineunte
578 2943 671 2980 1256;
682 2942 766 2973 unde
784 2948 869 2982 patet
884 2941 1040 2973 diutinam
1056 2942 1151 2973 fuisse
1166 2952 1274 2974 coram

206 2990 385 3023 Alexandro
392 2988 434 3020 IV
443 2988 482 3018 de
491 2987 620 3028 negotio
629 2986 791 3018 Guillelmi
799 2986 838 3017 de
848 2988 994 3017 s.Amore
1003 2986 1272 3028 disceptationem.

272 3033 426 3065 Eiusdem
449 3032 523 3063 anni
552 3033 632 3063 1256
657 3031 748 3062 initio
778 3031 955 3069 licentiam,
977 3037 1012 3062 ut
1035 3031 1169 3069 aiebant,
1194 3031 1274 3062 obti-

207 3085 318 3111 nuerat
345 3078 377 3108 in
408 3076 573 3108 Parisiensi
611 3075 819 3108 Universitate
852 3085 869 3105 a
902 3074 1098 3106 Cancellario
1130 3075 1274 3106 Thomas

207 3123 367 3164 Aquinas:
392 3121 432 3151 ad
454 3121 626 3162 ipsumque
649 3119 882 3152 Cancellarium
905 3119 963 3150 hac
987 3120 1025 3150 de
1044 3130 1076 3150 re
1100 3119 1185 3151 dedit
1207 3120 1273 3161 epi-

207 3168 304 3199 stolas
327 3165 503 3197 Alexander
525 3165 568 3195 lv
597 3176 618 3196 v
648 3166 721 3197 idus
747 3165 857 3195 martii
878 3164 1087 3205 Pontificatus
1118 3174 1205 3195 anno
1226 3174 1274 3196 se-

207 3211 332 3248 cundo,
357 3209 493 3250 vulgaris
516 3220 604 3241 aerae
633 3210 714 3241 1256
739 3209 822 3251 stylo
845 3218 941 3239 novo.
968 3209 1029 3239 Pro
1053 3207 1110 3239 sibi
1143 3208 1214 3239 data
1237 3209 1273 3240 li-

208 3257 324 3293 centia,
349 3254 491 3285 solemne
514 3253 563 3286 sui
587 3253 746 3294 regiminis
769 3252 961 3294 principium
989 3262 1096 3284 coram
1118 3252 1274 3293 magistris

207 3300 241 3331 in
271 3299 343 3331 aula
371 3298 521 3340 Episcopi
553 3297 734 3330 Parisiensis
766 3297 929 3328 habiturus
961 3303 1025 3328 erat
1052 3297 1215 3338 Aquinas,
1239 3304 1275 3328 ut

209 3345 248 3375 ad
271 3343 452 3375 Sententias
484 3343 630 3384 legendas
653 3350 818 3383 tamquam
848 3341 995 3382 magister
1022 3348 1271 3382 promoveretur.

208 3391 251 3419 At
273 3388 318 3418 illi
341 3387 472 3418 minime
500 3387 639 3428 regimen
670 3396 876 3425 concessum,
905 3385 1149 3427 quamplurimis
1180 3395 1274 3427 repu-

209 3434 376 3474 gnantibus
399 3432 595 3464 Academicis
620 3438 775 3472 motoque
798 3441 817 3461 a
840 3430 1014 3462 Guillelmo
1037 3430 1076 3461 de
1107 3440 1131 3461 s.
1154 3431 1274 3461 Amore

210 3478 338 3508 dissidio
358 3478 504 3508 fervente.
521 3477 605 3508 Hinc
628 3476 661 3507 in
680 3476 801 3510 Italiam
824 3475 864 3506 ad
887 3475 1060 3506 Summum
1087 3473 1274 3506 Pontificem

210 3522 423 3552 Alexandrum
445 3522 606 3562 Anagniae
635 3521 801 3561 degentem
820 3529 853 3550 se
872 3519 1006 3550 contulit
1028 3519 1182 3560 Aquinas,
1206 3529 1272 3550 rem

212 3576 302 3596 suam
325 3576 360 3596 ac
375 3566 538 3606 utriusque
557 3565 689 3596 fratrum
711 3564 966 3595 Praedicatorum
984 3570 1015 3595 et
1033 3563 1195 3594 Minorum
1214 3563 1273 3595 Or-

212 3609 292 3640 dinis
315 3610 479 3650 negotium
502 3616 637 3640 acturus.

930 252 1388 290 DISSERTATIONES
1419 254 1666 292 CRITICAE

1403 333 1491 364 Num
1514 344 1589 364 vero
1612 334 1674 365 hoc
1697 344 1782 365 anno
1798 336 1926 367 caeteris
1941 335 2014 366 viris
2030 335 2220 367 doctissimis
2239 337 2408 369 adiunctus

1335 375 1429 408 fuerit
1456 377 1620 417 Thomas,
1641 385 1676 409 ut
1698 389 1841 419 pugnam
1869 386 1973 420 ageret
2002 387 2109 411 contra
2134 380 2345 412 Guillelmum
2369 383 2407 413 de

1334 431 1357 451 ε.
1376 420 1517 452 Amore?
1549 422 1625 453 Silet
1657 423 1801 454 Thomas
1828 423 2130 465 Cantimpratensis‚
2154 425 2210 465 qui
2238 426 2316 456 alios
2340 436 2407 457 me-

1334 472 1447 504 morat,
1472 466 1640 497 Albertum
1662 467 1816 507 Magnum
1840 475 1871 499 et
1892 468 2159 499 Bonaventuram.
2180 469 2407 501 Difficultatem

1333 517 1427 550 auget
1450 509 1642 541 Guillelmus
1665 511 1704 541 de
1728 512 1849 550 Tocco,
1874 512 1929 553 qui
1953 512 2025 543 loco
2049 513 2194 553 superius
2211 514 2305 545 citato
2329 514 2406 545 haec

1332 554 1443 585 habet:
1466 565 1491 585 1.
1517 555 1678 585 Libellum
1701 555 1865 586 Guillelmi
1890 557 1928 587 de
1952 567 1976 587 s·
2002 559 2121 587 Amore
2138 558 2279 588 delatum
2309 558 2406 589 fuisse

1332 598 1376 628 ad
1410 598 1604 630 Clementem
1628 600 1750 639 Papam
1778 600 1961 637 Quartum:
1977 611 2006 631 2.
2032 601 2152 631 Ioanni
2173 602 2214 632 de
2243 603 2403 641 Vercellis,

1314 683 1316 685 v
1332 642 1460 673 Ordinis
1478 643 1735 674 Praedicatorum
1753 644 1916 684 Magistro,
1930 645 2120 685 impositum
2144 645 2240 676 fuisse
2262 653 2298 677 ut
2306 657 2405 687 prae-

1331 687 1415 717 dicto
1439 687 1594 717 volumini
1616 688 1840 728 responderet:
1859 690 1887 719 3.
1905 689 1940 719 Id
1959 699 2042 719 onus
2061 690 2100 719 ab
2120 691 2235 721 eodem
2253 691 2404 731 Magistro

1332 730 1477 761 Generali
1486 731 1622 762 Doctori
1636 732 1800 772 Aquinati,
1817 742 1889 764 cum
1903 734 2078 774 Anagniae
2094 734 2126 764 in
2145 734 2294 775 Capitulo
2311 740 2402 773 esset,

1331 785 1439 806 coram
1456 774 1628 806 Fratribus
1651 776 1877 807 commissum:
1894 786 1925 816 4.
1942 778 1992 807 Ab
2003 777 2162 818 Aquinate
2185 778 2406 810 elucubratum

1331 818 1547 859 Opusculum,
1563 819 1695 850 Summo
1717 820 1866 861 Pontifici
1883 821 2035 859 oblatum,
2058 821 2230 863 ipsumque
2253 823 2403 863 incipere,

1335 864 1495 900 Quoniam
1529 873 1601 894 ecce
1633 864 1754 895 inimici
1785 865 1834 894 tui
1864 871 2063 896 sonuerunt:
2085 876 2167 906 quae
2190 877 2306 907 nempe
2330 873 2404 898 sunt

1331 907 1433 948 prima
1456 909 1550 938 verba
1566 907 1735 948 Opusculi,
1755 908 1878 938 Contra
1897 910 2126 950 impugnantes
2139 910 2341 951 Religionem
2357 911 2403 941 in-

1331 952 1486 992 inscripti:
1515 954 1542 983 5.
1560 952 1734 982 Summum
1766 951 1974 992 Pontificem,
1999 953 2140 983 libellum
2169 954 2334 985 Guillelmi
2366 955 2405 985 de

1331 1007 1355 1027 s.
1372 999 1493 1027 Amore
1525 996 1773 1034 condemnasse,
1798 996 1970 1038 ipsumque
2002 1007 2074 1028 cum
2107 998 2176 1028 suis
2199 998 2403 1038 complicibus

1331 1041 1371 1071 de
1394 1041 1547 1072 cathedra
1570 1041 1753 1081 deposuisse
1782 1046 1812 1071 et
1841 1042 1992 1081 expulsos
2023 1042 2063 1072 de
2092 1042 2270 1073 Parisiensi
2300 1042 2406 1073 studio

1331 1086 1419 1115 omni
1441 1085 1600 1126 dignitate
1617 1086 1777 1125 privasse.

1399 1129 1436 1159 11.
1462 1129 1522 1160 Sus
1546 1129 1649 1170 deque
1672 1129 1783 1159 miscet
1806 1129 1915 1159 omnia
1937 1129 2129 1160 Guillelmus
2153 1129 2191 1159 de
2211 1130 2333 1161 Tocco.
2351 1130 2404 1160 Li-

1332 1173 1453 1204 bellum
1469 1173 1631 1204 Guillelmi
1648 1174 1687 1203 de
1707 1180 1816 1204 sancto
1832 1175 1952 1204 Amore
1967 1173 2164 1204 anathemate
2181 1174 2315 1214 perculit
2328 1174 2401 1205 Ale-

1331 1217 1449 1248 xander
1472 1218 1531 1256 IV,
1563 1217 1645 1248 edita
1675 1217 1901 1248 constitutione
1935 1218 2110 1259 Anagniae
2138 1228 2172 1248 111
2195 1228 2299 1249 nonas
2321 1223 2405 1249 octo-

1332 1262 1410 1299 bris,
1426 1262 1636 1303 Pontificatus
1650 1272 1737 1292 anno
1752 1261 1903 1300 secundo,
1921 1272 1977 1292 seu
2001 1272 2086 1292 anno
2114 1263 2196 1292 1256
2214 1262 2264 1292 die
2281 1263 2297 1292 5
2314 1269 2404 1293 octo-

1333 1305 1405 1336 bris.
1427 1306 1547 1336 Ibidem
1561 1316 1615 1336 xvr
1635 1306 1700 1337 kal.
1719 1306 1908 1344 novembris,
1925 1306 2135 1347 Pontificatus
2157 1316 2245 1337 anno
2265 1307 2406 1338 secundo

1333 1359 1388 1380 seu
1413 1360 1498 1380 anno
1522 1350 1637 1381 eodem
1672 1351 1754 1380 1256
1779 1350 1829 1381 die
1858 1361 1894 1392 17
1919 1350 2074 1389 octobris,
2099 1350 2188 1381 datae
2216 1350 2258 1380 ad
2284 1351 2406 1390 Regem

1333 1393 1509 1424 Galliarum
1531 1394 1667 1433 litterae,
1691 1394 1807 1435 quibus
1830 1394 1932 1425 latum
1959 1394 2127 1425 anathema
2150 1394 2184 1424 in
2207 1394 2405 1435 praedictum

1332 1437 1476 1468 libellum
1499 1438 1667 1469 nunciatur
1690 1449 1725 1468 ac
1748 1438 1809 1479 ipsi
1832 1439 1911 1479 Regi
1941 1438 2117 1479 impensius
2141 1439 2406 1470 commendantur

1332 1481 1498 1522 utriusque
1522 1482 1651 1513 Ordinis
1674 1482 1807 1513 Fratres.
1831 1483 1952 1513 Datum
1968 1483 2063 1514 etiam
2078 1484 2252 1524 Anagniae
2269 1493 2322 1514 xiv
2335 1483 2401 1514 kal.

1333 1526 1512 1557 novembris
1534 1536 1591 1556 seu
1615 1526 1666 1556 die
1695 1537 1731 1566 19
1756 1526 1905 1566 octobris,
1929 1527 1963 1557 in
1986 1527 2142 1558 mandatis
2165 1527 2348 1558 Turonensi
2372 1533 2404 1558 et

1333 1570 1585 1610 Rothomagensi
1607 1569 1862 1610 Archiepiscopis
1881 1581 1917 1602 ac
1935 1571 2101 1601 Parisiensi
2119 1571 2270 1610 Antistia,
2287 1577 2324 1602 ut
2337 1581 2404 1602 ma-

1333 1624 1414 1645 num
1436 1615 1606 1655 praebeant
1629 1614 1812 1645 auxiliarem
1835 1614 1875 1644 ad
1898 1624 1935 1645 ea
1951 1615 2144 1656 exequenda,
2159 1625 2241 1656 quae
2256 1615 2402 1647 Pontifex

1333 1659 1536 1690 mandaverat
1558 1659 1591 1689 in
1615 1658 1748 1699 gratiam
1766 1658 1899 1689 fratrum
1913 1658 2171 1690 Praedicatorum
2184 1665 2215 1690 et
2228 1659 2402 1690 Minorum.

1334 1703 1477 1744 Itemque
1499 1713 1543 1733 111
1566 1703 1632 1734 kal.
1665 1703 1846 1734 novembris
1873 1712 1928 1733 seu
1961 1703 2011 1733 die
2041 1713 2077 1733 2¹
2111 1703 2250 1734 octobris
2274 1703 2405 1734 manda·

1333 1754 1404 1778 tum
1427 1747 1567 1785 eisdem,
1598 1754 1634 1778 ut
1656 1747 1753 1778 libelli
1784 1747 2022 1778 damnationem
2051 1747 2173 1778 cunctis
2201 1747 2403 1779 denuncient.

1333 1791 1441 1823 Editas
1460 1791 1536 1822 alias
1552 1791 1807 1822 Constitutiones
1830 1791 1961 1822 consule
1985 1798 2076 1822 tomo
2094 1791 2106 1822 1
2129 1791 2260 1822 Bullarii
2275 1791 2404 1823 Ordinis

1333 1835 1599 1867 Praedicatorum.
1625 1836 1713 1874 Quid
1736 1842 1782 1866 est
1805 1845 1892 1876 ergo,
1915 1836 2005 1877 quod
2028 1836 2153 1873 Libelli,
2178 1845 2277 1877 quem
2294 1836 2404 1876 vulga-

1332 1887 1419 1911 verat
1451 1880 1642 1911 Guillelmus
1674 1880 1713 1911 de
1736 1890 1761 1910 s.
1786 1882 1924 1917 Amore,
1953 1879 2255 1910 condemnationem
2284 1879 2406 1912 differat

1334 1924 1525 1955 Guillelmus
1549 1925 1587 1955 de
1611 1925 1722 1955 Tocco
1745 1924 1785 1954 ad
1816 1923 2042 1955 Pontificatum
2065 1923 2240 1955 Clementis
2263 1921 2406 1962 Quarti?

1333 1968 1526 2000 Cathedram
1547 1968 1600 2000 hic
1621 1968 1821 2000 Pontificiam
1844 1974 1949 1999 tenere
1973 1968 2078 2009 coepit
2100 1978 2186 1999 anno
2215 1969 2295 1999 1265
2317 1968 2367 1999 die
2385 1969 2400 1999 5

1332 2013 1450 2044 mensis
1474 2013 1630 2044 februarii.

1400 2057 1673 2088 Constitutionem
1696 2056 1865 2088 Alexandri
1890 2056 1945 2096 1v,
1969 2066 2033 2098 qua
2050 2056 2204 2087 volumen
2220 2066 2314 2098 saepe
2329 2056 2404 2088 dicti

1333 2101 1496 2132 Guillelmi
1520 2101 1558 2132 de
1582 2112 1606 2132 s.
1631 2103 1751 2132 Amore
1782 2110 1969 2141 percussum
1991 2100 2190 2132 anathemate
2213 2100 2291 2140 fuit,
2314 2100 2402 2132 affert

1332 2145 1481 2186 Egassius
1503 2145 1665 2176 Boulaeus
1688 2145 1721 2176 in
1745 2144 1885 2176 Historia
1908 2144 2126 2176 Universitatis
2144 2143 2338 2184 Parisiensis,
2357 2144 2404 2175 in·

1331 2190 1521 2231 terpolatam
1544 2200 1618 2220 sane
1641 2199 1677 2220 ac
1701 2189 1914 2230 depravatam,
1937 2189 2010 2230 plus
2033 2188 2135 2219 nimio
2151 2188 2404 2220 fratribusPrae-

1332 2234 1524 2266 dicatoribus
1547 2241 1578 2265 et
1605 2234 1783 2265 MInoribus
1806 2233 1964 2272 infensus,
1988 2233 2152 2275 magisque
2180 2233 2288 2264 favens
2312 2232 2403 2264 Guil-

1330 2279 1429 2310 lelmo
1453 2279 1492 2310 de
1511 2289 1535 2310 s.
1551 2280 1682 2309 Amore.
1700 2278 1862 2310 Genuinas
1878 2277 2028 2308 lectiones
2049 2277 2184 2309 restituit
2199 2277 2402 2308 doctissimus

1331 2323 1515 2354 Antoninus
1537 2322 1699 2354 Bremond
1718 2322 1751 2353 in
1766 2322 1864 2354 notis:
1880 2322 2177 2363 interpolatorisque
2191 2321 2332 2352 hominis
2347 2331 2403 2352 au-

1331 2367 1454 2399 daciam
1468 2367 1604 2398 maxime
1619 2367 1748 2408 castigat
1762 2367 1801 2398 ad
1812 2366 2086 2398 Constitutionem
2099 2366 2159 2398 XX
2176 2365 2320 2397 eiusdem
2327 2365 2403 2397 Ale-

1329 2412 1448 2443 xandri.

1397 2455 1485 2487 Missi
1509 2456 1548 2489 ab
1571 2455 1743 2487 Academia
1771 2454 1937 2486 Parisiensi
1966 2455 2007 2486 ad
2029 2464 2098 2486 rem
2125 2464 2218 2486 suam
2246 2453 2403 2495 agendam

1330 2500 1454 2532 fuerant
1477 2501 1546 2541 ipse
1567 2499 1759 2531 Guillelmus
1782 2499 1821 2530 de
1837 2510 1862 2530 s.
1879 2501 2010 2538 Amore,
2027 2498 2102 2530 Odo
2118 2499 2157 2530 de
2171 2499 2295 2537 Duaco,
2310 2497 2402 2530 Chri-

1330 2545 1450 2576 stianus
1473 2544 1645 2576 canonicus
1668 2543 1919 2583 Bellovacensis,
1942 2543 2094 2575 Nicolaus
2125 2543 2164 2574 de
2186 2543 2284 2574 Barro
2307 2551 2404 2583 super

1329 2589 1456 2628 Albam,
1481 2589 1614 2620 Ioannes
1638 2588 1677 2619 de
1700 2587 1866 2619 Sectavilla
1893 2588 2005 2628 anglus
2028 2588 2145 2619 Rector
2172 2586 2400 2618 Universitntis.

1330 2634 1397 2663 lam
1420 2633 1614 2673 proscriptus
1638 2632 1740 2664 fuerat
1761 2632 1885 2663 libellus
1907 2632 1959 2663 De
1975 2632 2134 2672 periculis
2155 2631 2401 2662 novissimorum

1330 2683 1519 2718 temporum,
1535 2687 1610 2708 cum
1629 2677 1668 2707 ad
1683 2676 1789 2707 aulam
1803 2675 2003 2706 Pontificiam
2017 2681 2237 2716 pervenerunt.
2258 2674 2311 2705 Ad
2325 2673 2402 2705 Car-

1330 2721 1485 2752 dinalium
1507 2719 1701 2751 audientiam
1723 2719 1852 2750 admissi
1875 2719 1950 2750 Odo
1974 2719 2013 2750 de
2029 2719 2141 2750 Duaco
2156 2725 2187 2749 et
2202 2717 2401 2750 Christianus

1329 2764 1571 2803 Bellovacensis,
1594 2764 1707 2795 frustra
1731 2763 1896 2805 conquesti
1919 2769 1994 2794 sunt
2017 2763 2106 2804 quod
2128 2762 2300 2801 iudicium,
2323 2761 2400 2803 ipsis

1329 2819 1396 2839 non
1419 2809 1552 2847 auditis,
1577 2808 1678 2839 latum
1706 2807 1816 2838 fuerit:
1847 2817 1914 2838 non
1937 2806 2023 2838 enim
2047 2807 2085 2837 de
2115 2806 2301 2848 quaestione
2325 2805 2398 2838 facti

1329 2853 1494 2894 agebatur,
1518 2853 1574 2883 sed
1597 2852 1636 2883 de
1659 2851 1872 2883 controversia
1894 2851 1971 2882 iuris
1993 2851 2034 2882 ad
2066 2850 2181 2891 scripta
2203 2849 2398 2892 pertinentia.

1329 2897 1380 2928 Ad
1413 2897 1578 2928 meliorem
1608 2896 1732 2936 frugem
1761 2895 1854 2936 legati
1884 2895 1930 2926 illi
1963 2895 2029 2926 duo
2059 2894 2186 2926 adducti
2215 2893 2401 2926 Pontificine

1329 2941 1500 2973 sententiae
1514 2940 1738 2982 acquieverunt
1752 2950 1788 2971 ac
1803 2939 1871 2970 aliis
1887 2939 2080 2981 quibusdam
2094 2939 2249 2980 capitibus
2265 2937 2399 2970 subseri-

1329 2996 1428 3027 psere.
1461 2986 1593 3016 Editum
1621 2985 1679 3016 hac
1703 2985 1742 3015 de
1765 2994 1798 3015 re
1829 2984 2077 3015 instrumentum
2107 2983 2247 3015 referunt
2277 2981 2398 3014 Natalis

1329 3030 1505 3061 Alexander
1528 3036 1559 3061 et
1581 3029 1716 3060 Carolus
1739 3028 1903 3069 Duplessis
1934 3028 2146 3069 d'Argentre,
2176 3037 2264 3059 anno
2285 3027 2398 3058 Domi-

1329 3076 1364 3105 ni
1386 3073 1469 3105 1256
1489 3074 1542 3105 die
1563 3074 1608 3105 23
1629 3073 1766 3105 octobris
1793 3073 1965 3104 indictione
1988 3073 2027 3103 15
2050 3073 2082 3103 in
2110 3072 2236 3113 palatio
2265 3070 2399 3102 Domirn'

1328 3119 1436 3160 Papae
1457 3119 1652 3160 Anagniae:
1680 3117 1769 3159 quod
1792 3117 1887 3148 etiam
1910 3123 2068 3148 memorat
2090 3116 2249 3148 Gerardua
2271 3114 2396 3147 Duboi·

1328 3163 1361 3193 in
1385 3163 1514 3194 historia
1537 3162 1693 3194 Ecclesiae
1715 3161 1906 3192 Parisiensis.

1396 3207 1587 3239 Guillelmus
1615 3206 1654 3237 de
1685 3216 1709 3237 s.
1734 3208 1871 3244 Amore,
1901 3205 2016 3236 eodem
2046 3204 2186 3236 Gerardo
2216 3210 2312 3243 teste,
2340 3212 2397 3237 seu

1329 3252 1454 3291 morbo,
1479 3261 1534 3282 seu
1558 3250 1668 3281 dolore
1691 3249 1929 3291 proscriptionis
1952 3249 2050 3280 libelli
2073 3249 2122 3280 sui
2141 3248 2331 3290 prohibitus,
2345 3245 2395 3279 hin

1328 3296 1422 3336 gestis
1445 3306 1512 3326 non
1535 3295 1680 3326 adfuit...
1706 3295 1873 3335 impetrata
1896 3294 2032 3325 abeundi
2056 3293 2159 3334 copia,
2176 3293 2256 3324 dum
2273 3291 2306 3323 in
2322 3289 2395 3341 Gn}-

1328 3340 1388 3372 liae
1411 3340 1489 3372 fines
1505 3339 1687 3380 ingreditur,
1703 3339 1741 3370 ab
1756 3338 1935 3370 Alexandro
1951 3338 2037 3378 Papa
2052 3337 2169 3369 litteras
2183 3335 2307 3377 accipit,
2323 3343 2394 3376 qui·

1329 3385 1388 3416 bus
1410 3385 1450 3416 ab
1473 3385 1615 3425 ingressu
1642 3383 1730 3424 regni
1760 3389 1881 3414 arcetur
1911 3381 2065 3423 omnique
2095 3379 2230 3412 docendi
2253 3385 2284 3410 et
2306 3387 2393 3420 prae-

1329 3429 1454 3460 dicandi
1478 3429 1625 3460 facultate
1652 3427 1855 3458 interdicitur.
1880 3426 2015 3458 Litterae
2044 3426 2133 3456 datae
2164 3430 2238 3456 sunt
2266 3421 2396 3454 Viterbii

1329 3484 1349 3504 v
1372 3474 1445 3505 idus
1473 3473 1608 3515 augusti
1636 3472 1845 3514 Pontificatus
1873 3480 1960 3502 anno
1988 3471 2082 3501 tertio
2111 3478 2168 3500 seu
2195 3476 2280 3499 anno
2303 3465 2394 3498 Chri·

1329 3518 1367 3550 sti
1397 3519 1477 3559 1257
1503 3517 1552 3548 die
1577 3527 1596 3558 9
1621 3516 1765 3557 augusti:
1789 3515 1930 3556 aliaeque
1953 3519 2096 3556 prostant
2118 3512 2158 3544 ad
2173 3512 2280 3552 Regen
2296 3510 2393 3541 Fran-

1329 3563 1410 3601 ciae,
1441 3571 1481 3592 ne
1510 3561 1699 3592 Guillelmus
1730 3560 1763 3591 in
1787 3559 1916 3591 exilium
1938 3558 2050 3599 pulsus
2079 3555 2274 3594 restituatur,
2305 3554 2394 3585 datae

1335 3606 1464 3638 Viterbii
1478 3615 1515 3636 111
1531 3605 1604 3637 idus
1625 3605 1769 3647 augusti,
1789 3603 1998 3644 Pontificatus
2013 3610 2100 3633 anno
2115 3600 2208 3631 tertio
2229 3608 2285 3630 seu
2309 3608 2394 3629 anno
