2548 4192
923 281 978 318 IN
1009 282 1047 318 S.
1068 282 1310 321 THOMAM
1338 285 1662 332 AQUINATEM

194 370 212 385 ›
234 358 407 398 unicuique
423 358 532 398 parti,
557 363 664 388 totum
688 359 720 388 in
745 360 912 390 cuiuslibet
935 360 1036 400 capite
1064 361 1268 393 inserendum

194 414 211 429 ι
232 402 384 440 iudicavi,
408 408 445 432 ut
467 401 564 432 simul
593 411 667 432 cum
690 403 788 433 totius
820 404 916 444 partis
945 405 1089 445 capitulis
1112 406 1267 437 adiunctis

195 458 211 473 ι»
233 447 343 477 locum
361 446 508 486 suppleat
530 446 626 476 unius
641 446 722 477 libri.
737 460 751 474 »
776 448 827 478 Ad
851 455 992 479 mentem
1016 450 1152 480 auctoris
1167 451 1267 481 tribus

193 490 339 530 genuinis
355 490 498 520 eiusdem
513 490 666 530 speculis,
682 491 848 530 Naturali,
864 494 1059 531 Doctrinali,
1079 495 1265 534 Historiali,

191 533 348 576 praefixus
371 534 504 565 habetur
533 535 686 577 prologus
714 536 766 566 ille
795 546 850 567 seu
878 537 1004 568 libellus
1033 539 1267 579 apologeticuS,

191 589 278 610 unus
300 578 465 619 idemque;
490 580 545 609 sed
572 579 665 610 illum
689 590 755 610 non
778 581 872 612 habet
895 582 960 612 ulla
984 583 1113 622 Speculi
1128 585 1268 615 Moralis

193 623 301 661 editio,
326 633 384 653 nec
407 623 492 654 ullus
517 624 616 654 codex
639 625 883 666 manuscriptus.
901 626 988 664 Quid
1007 625 1075 657 ita?
1091 628 1195 658 Tanta
1210 629 1266 659 sci-

192 667 266 698 licet
288 666 403 698 falsarii
427 668 688 699 consarcinatoris
712 670 817 700 cautio
842 680 907 701 non
926 671 996 706 fuit,
1013 678 1049 702 ut
1063 673 1267 712 suppositum

192 711 272 742 illud
288 711 462 752 Speculum
486 722 560 743 cum
583 714 758 753 praemisso
772 714 901 746 laudato
916 716 1052 756 prologo
1072 717 1198 757 prodire
1213 728 1267 748 cu-

192 762 273 786 raret
295 756 381 787 iuxta
404 763 545 787 mentem
569 758 802 800 consiliumque
826 760 1068 792 Bellovacensi&

571 863 779 901 CAPUT
809 865 889 901 111.

192 947 319 973 Auctor-es
339 948 454 974 deflorati
473 949 498 974 in
518 950 630 983 Speculo
649 950 739 975 Morali
758 956 818 976 sunt
836 952 964 984 Aquinate
983 958 1008 977 et
1026 953 1162 978 Vincentio
1180 954 1266 978 Bello-

264 984 368 1009 vacensi
394 985 564 1010 recentiores:
583 994 612 1010 ac
631 986 716 1019 primo
735 986 826 1011 Petrus
846 988 878 1012 de
902 987 1060 1017 Tarantasia,
1081 994 1170 1021 postea
1190 989 1267 1014 Inno-

266 1020 364 1044 centius
383 1020 453 1053 Papa
470 1021 503 1045 V.
522 1021 586 1045 Item
605 1022 760 1054 Anonymus
783 1027 872 1047 auctor
886 1023 925 1047 De
939 1023 1143 1048 consideratione
1157 1024 1267 1049 novissi-

265 1063 384 1115 :purgans
398 1055 595 1115 EtuStephanus
615 1057 647 1081 de
662 1057 784 1082 Borbone
798 1057 975 1090 interpolatus.
990 1059 1109 1091 Denique
1124 1059 1266 1084 Richardus

283 1098 298 1115 e
344 1098 359 1115 e
377 1099 426 1116 1av1
447 1099 469 1116 a.

194 1193 217 1225 Ῑ·
240 1185 410 1292 Quam
432 1201 528 1242 longe
550 1202 645 1233 distat
663 1212 738 1242 ergo
753 1202 924 1242 Speculum
940 1203 1071 1234 Morale
1084 1204 1123 1234 ab
1139 1204 1267 1244 ingenio

334 1253 364 1277 et
386 1246 471 1277 bona
503 1246 565 1277 fide
596 1254 627 1277 et
657 1247 790 1277 consilio
823 1247 980 1277 Vincentii
1013 1247 1265 1287 Bellovacensis,

192 1301 291 1333 quem
301 1290 428 1332 speculi
442 1290 582 1331 triplicis,
594 1291 776 1328 Naturalis,
788 1291 998 1328 Doctrinalis‚
1010 1292 1202 1323 Historialis
1214 1304 1267 1324 ve-

192 1346 266 1366 rum
289 1339 452 1377 parentem
472 1336 572 1366 'nemo
597 1334 712 1366 nescit!
738 1335 887 1366 Penitiori
912 1336 1055 1366 examine
1071 1336 1171 1377 ipsius
1190 1337 1266 1378 Spe-

193 1380 256 1411 culi
280 1380 408 1412 Moralis
431 1379 549 1410 viscera
579 1380 747 1410 scrutanda
770 1386 853 1411 sunt.
878 1379 971 1420 Opus
1000 1387 1047 1411 est
1069 1391 1106 1411 ex
1129 1381 1267 1412 aliomm

192 1424 466 1456 lucubrationibus
491 1424 641 1465 surreptis
661 1424 900 1465 convasatisque
917 1425 1190 1466 compaginatum,
1205 1436 1264 1457 no-

191 1468 332 1500 minibus
357 1467 481 1506 eorum,
505 1468 567 1499 fide
591 1478 657 1499 non
681 1469 781 1506 bona,
806 1469 991 1509 suppressis.
1017 1470 1098 1500 Sunt
1120 1470 1166 1500 illi
1189 1481 1266 1501 vero

191 1513 273 1544 inter
295 1513 385 1551 alios,
410 1513 466 1554 qui
489 1513 592 1544 adhuc
616 1513 723 1551 latent,
738 1514 855 1544 Petrus
873 1514 913 1544 de
931 1515 1138 1552 Tarantasia‚
1156 1522 1267 1555 postea

192 1557 397 1590 Innocentius
420 1558 507 1598 Papa
535 1558 573 1588 V.
598 1557 780 1598 Stephanus
803 1558 843 1588 de
872 1558 1040 1596 Borbone,
1072 1556 1266 1601 Ano‘nymus

193 1609 304 1634 auctor
323 1603 375 1633 De
390 1602 646 1633 consideratione
669 1603 926 1640 novissimorum,
943 1603 1127 1634 Richardus
1141 1604 1181 1634 de
1195 1605 1266 1635 Me-

192 1647 344 1679 dienvilla:
367 1657 449 1688 quos
473 1653 539 1677 tam
563 1646 677 1686 supina
691 1646 880 1687 negligentia
896 1653 927 1677 et
941 1647 1105 1678 oscitantia
1121 1649 1266 1679 transcri-

193 1691 258 1732 psit
280 1691 524 1728 consarcinator,
542 1697 578 1721 ut
600 1697 692 1721 notas
720 1691 926 1732 temporarias
951 1698 1006 1722 aut
1029 1692 1189 1733 reliquerit
1213 1700 1268 1723 aut

193 1736 356 1772 invexerit,
379 1745 461 1777 quae
485 1742 570 1766 certo
594 1735 813 1766 demonstrant
840 1736 936 1776 longe
960 1742 1034 1776 post
1056 1736 1182 1767 obitum
1197 1747 1267 1767 san-

195 1781 236 1812 cti
259 1781 407 1812 Thomae
431 1780 684 1810 consarcinatum
707 1779 787 1810 illud
811 1790 894 1820 opus
918 1779 1023 1810 fuisse.
1040 1781 1124 1811 Hinc
1139 1781 1266 1812 evidens

195 1825 358 1865 consurgit
380 1824 608 1854 demonstratio
639 1824 788 1854 articulos
811 1824 883 1854 illos
907 1824 1180 1865 quamplurimos,
1211 1826 1267 1867 qui

194 1869 228 1900 in
251 1869 388 1910 Speculo
402 1869 527 1899 Morali
549 1874 580 1899 et
597 1868 630 1898 in
654 1868 788 1898 Summa
811 1868 874 1898 divi
889 1868 1036 1899 Thomae
1051 1869 1186 1900 totidem
1199 1880 1267 1901 ver-

193 1913 242 1944 bis
265 1913 482 1954 reperiuntur,
513 1922 579 1942 non
603 1913 642 1942 ab
670 1912 829 1953 Aquinate
861 1919 1022 1953 surreptos
1046 1923 1082 1944 ex
1106 1914 1187 1952 alio;
1212 1915 1267 1945 sed

194 1968 232 1989 ex
254 1957 414 1999 Aquinate
437 1956 600 1987 falsarium
615 1957 789 1998 quemdam
804 1957 1009 1988 recentiorem
1025 1958 1265 1999 transcripsisse.

260 2004 330 2043 Age
352 2009 445 2032 vero:
470 2002 559 2042 quod
583 2001 652 2039 aio,
676 2001 799 2032 invictis
831 2002 1023 2042 argumentis
1048 2002 1267 2034 demonstran-

194 2047 273 2079 dum
297 2053 354 2078 est.
376 2046 522 2077 Primum
545 2046 772 2086 depraedatum
791 2046 977 2086 scriptorem
992 2047 1120 2087 profero
1136 2048 1266 2079 Petrum

193 2091 232 2123 de
255 2091 449 2122 Tarantasia.
474 2090 582 2122 Vitam
606 2090 755 2131 produxit
777 2090 829 2120 ille
853 2091 892 2120 ad
916 2101 1037 2121 annum
1066 2093 1147 2133 1276
1167 2092 1266 2123 diem-

193 2146 257 2181 que
282 2145 322 2166 22
347 2135 438 2175 iunii,
462 2141 636 2175 postquam
659 2135 767 2165 sedem
790 2135 871 2166 Petri
896 2135 998 2166 tenuit
1026 2146 1149 2167 menses
1173 2137 1266 2178 quin-

216 2190 257 2212 ue
285 2180 415 2221 diesque
446 2179 538 2210 duos·
564 2178 822 2210 Commentarios
852 2179 1048 2210 elucubravit
1071 2181 1103 2211 in
1127 2187 1268 2222 quatuor

193 2191 434 2262 Sententiarum
450 2224 558 2262 libros,
570 2234 652 2264 quos
671 2234 768 2255 nemo
784 2223 906 2254 dubitat
921 2225 1149 2264 compendium
1164 2226 1267 2267 quod-

195 2269 270 2303 dam
293 2279 360 2300 esse
384 2268 545 2299 doctrinae
568 2268 607 2299 ab
630 2269 789 2310 Aquinate
813 2268 942 2299 traditae
961 2268 994 2299 in
1011 2279 1070 2300 suo
1087 2269 1119 2300 in
1136 2270 1268 2301 eosdem

196 2314 293 2347 libros
317 2313 571 2344 Commentario.
595 2312 656 2343 Sed
676 2323 759 2353 opus
773 2312 854 2343 illud
869 2323 935 2343 non
951 2313 1115 2354 scriptum,
1131 2315 1266 2345 editum-

220 2368 261 2391 ue
276 2368 294 2389 a
307 2358 401 2389 Petro
416 2364 488 2389 ante
503 2367 625 2388 annum
645 2358 727 2399 1267
747 2357 861 2388 evincit
880 2357 1136 2397 diligentissimus
1151 2359 1267 2390 Echar-

221 2410 275 2438 us:
300 2413 366 2444 quo
390 2412 506 2443 nempe
529 2401 576 2433 vir
599 2402 789 2433 clarissimus
814 2402 852 2432 ad
877 2402 1051 2433 Sententias
1079 2403 1144 2433 suis
1160 2403 1267 2434 lectio-

199 2447 294 2481 nibus
317 2447 527 2488 explanandas
549 2446 674 2476 Parisiis
697 2457 756 2487 pro
780 2446 894 2484 forma,
918 2453 954 2477 ut
977 2447 1176 2487 inquiebant,
1201 2458 1268 2477 ma-

198 2491 314 2533 gisterii
338 2491 519 2531 adsignatus
543 2490 612 2521 fuit.
637 2491 735 2531 Atqui
758 2500 834 2521 vero
849 2491 882 2520 in
901 2490 1037 2531 Speculo
1055 2491 1180 2522 Morali
1194 2492 1267 2532 plus

198 2537 315 2582 viginti
336 2536 468 2566 articuli
491 2545 528 2566 ex
547 2534 661 2566 eodem
677 2534 926 2565 Tarantasiensis
942 2534 1183 2566 Commentario
1200 2546 1267 2566 sur-

197 2580 278 2623 repti
301 2587 455 2621 prostant,
479 2589 563 2620 quos
585 2579 702 2610 indicat
725 2579 868 2619 singulos
891 2579 1068 2610 Echardus:
1093 2580 1177 2610 unde
1194 2587 1268 2621 post

196 2635 318 2659 annum
347 2625 428 2666 1267
460 2623 694 2654 consarcinator
722 2623 864 2654 eiusdem
887 2623 985 2654 vitam
1008 2624 1128 2664 agebat.

264 2670 303 2702 11.
326 2670 513 2700 Tractatum
536 2668 710 2709 quemdam
727 2669 779 2699 De
798 2668 1054 2699 consideratione
1083 2670 1267 2700 novissimo-

195 2722 270 2747 rum
294 2720 452 2755 praestant
468 2713 592 2744 codices
615 2713 821 2753 manuscripti
845 2723 880 2743 ac
903 2713 987 2754 typis
1011 2713 1093 2743 edita
1113 2714 1265 2754 exempla.

197 2759 329 2791 Servant
358 2758 430 2789 illos
460 2757 655 2799 frequentius
679 2757 904 2795 bibliothecae;
938 2757 1124 2798 editumque
1147 2765 1268 2798 prostat

198 2803 382 2844 exemplum
404 2803 437 2833 in
461 2802 689 2844 typographiae
712 2802 912 2832 incunabulis
941 2801 1060 2842 absque
1085 2809 1162 2833 nota
1185 2803 1267 2841 loci,

198 2848 290 2889 anni,
314 2847 512 2889 typothetae,
537 2847 570 2877 in
586 2856 608 2887 4
624 2847 683 2877 sub
707 2847 769 2877 hoc
792 2846 904 2877 titulo:
934 2846 1105 2877 Sermones
1127 2847 1167 2877 de
1190 2857 1268 2888 qua-

199 2898 274 2926 tuor
296 2893 486 2923 novissimis.
510 2892 589 2922 Tres
613 2891 707 2931 primi
731 2901 893 2921 sermones
916 2890 1018 2921 verbis
1042 2891 1176 2922 totidem
1195 2898 1270 2922 sunt

197 2942 260 2969 tres
283 2936 404 2979 primae
427 2935 642 2966 distinctiones
664 2935 734 2966 libri
757 2935 851 2975 primi
867 2935 996 2976 Speculi
1013 2936 1169 2967 Moralis:
1192 2943 1268 2966 tres-

199 2989 262 3021 que
285 2980 405 3020 priores
428 2986 530 3020 partes
552 2980 623 3010 libri
646 2979 775 3010 secundi
800 2979 942 3010 eiusdem
961 2980 1098 3020 Speculi,
1122 2980 1162 3011 de
1184 2991 1269 3011 mor-

201 3029 242 3062 te,
267 3025 307 3057 de
329 3024 457 3062 iudicio,
481 3025 522 3054 de
544 3024 684 3065 inferno,
701 3030 884 3064 compactae
899 3024 1124 3065 confectaeque
1144 3031 1218 3055 sunt
1232 3035 1269 3055 ex

200 3068 275 3102 dicti
297 3074 445 3098 tractatus
468 3074 555 3108 parte
579 3068 734 3106 secunda,
758 3068 848 3099 tertia
871 3075 902 3099 et
925 3075 1052 3109 quarta:
1077 3079 1112 3099 ac
1136 3070 1269 3099 demum

201 3112 343 3144 eiusdem
366 3112 436 3143 libri
460 3112 589 3143 secundi
619 3123 691 3153 pars
714 3119 844 3153 quarta,
871 3113 1005 3143 vocibus
1036 3119 1066 3143 et
1089 3113 1268 3152 sententiis,

201 3157 313 3188 eadem
340 3163 386 3187 est
418 3166 493 3186 cum
524 3162 612 3196 parte
643 3156 754 3197 quinta
782 3157 901 3187 laudati
933 3163 1092 3188 tractatus.
1122 3158 1269 3197 Plagium

200 3201 265 3234 iam
289 3207 373 3231 ce1to
397 3207 428 3231 et
450 3200 614 3240 perspicue
636 3201 813 3232 innotescit.
840 3201 989 3241 Superest
1010 3208 1046 3232 ut
1061 3202 1269 3243 quandonam

200 3245 357 3287 scripserit
378 3251 526 3275 tractator
547 3244 604 3275 iste
628 3255 807 3286 anonymus
830 3252 994 3286 retegatur.

267 3289 439 3329 Temporis
462 3295 573 3319 notam
596 3288 773 3320 felicissime
797 3296 827 3320 et
843 3290 1005 3330 auspicato
1023 3290 1137 3320 detexit
1152 3290 1268 3320 Echar-

202 3335 262 3367 dus
284 3334 317 3364 in
342 3333 484 3364 eiusdem
507 3339 654 3363 tractatus
670 3333 822 3364 Sermone
846 3334 873 3364 ΙΙ
892 3335 944 3364 De
965 3334 1082 3364 iudicio
1105 3339 1267 3371 extremo,

201 3379 256 3412 ubi
279 3379 356 3409 haec
387 3378 561 3408 habentur:
589 3389 604 3405 ε
621 3377 736 3417 Nuper
758 3377 868 3408 diebus
892 3377 958 3407 istis
990 3377 1086 3408 etiam
1110 3378 1268 3408 christiani

203 3436 218 3452 ι
240 3423 340 3457 nostri
363 3428 494 3463 propter
512 3431 624 3451 eorum
640 3427 767 3461 peccata
782 3421 910 3458 nefaria,
927 3431 1009 3462 quae
1023 3421 1123 3461 magis
1138 3422 1269 3452 tacenda

202 3480 218 3496 ι
241 3467 349 3500 censui
372 3476 470 3508 quam
493 3465 677 3506 pandenda,
698 3465 782 3495 iusto
805 3465 864 3496 Dei
887 3465 1006 3495 iudicio
1023 3475 1079 3505 per
1092 3475 1206 3495 manus
1222 3465 1268 3495 in-

203 3524 219 3541 »
240 3511 384 3544 fidelium
411 3510 624 3541 nefandorum
654 3509 818 3546 trucidati,
851 3509 997 3549 captivati
1030 3509 1080 3539 vel
1103 3509 1134 3539 in
1159 3509 1268 3548 fugam

202 3569 219 3587 v
242 3556 399 3594 conversi,
427 3555 468 3586 de
490 3560 578 3586 terra
601 3559 714 3585 sancta
732 3554 967 3594 promissionis,
987 3563 1086 3594 quam
1108 3553 1268 3584 Dominus

202 3613 218 3632 ι
241 3601 327 3631 Iesus
351 3611 408 3630 sua
435 3599 599 3630 benedicta
634 3597 812 3636 nativitate,
845 3597 1083 3628 conversatione
1113 3603 1144 3627 et
1166 3604 1268 3628 morte

200 3647 220 3674 ἰ
243 3645 449 3676 sacratissima
473 3643 675 3682 consecravit,
699 3642 879 3683 turpissime
902 3648 976 3673 sunt
1000 3641 1099 3681 eiecti,
1124 3641 1199 3682 quia
1213 3641 1270 3672 fla-

2310 307 2392 333 CCIII

1328 376 1342 391 »
1365 365 1513 404 gitiosam
1537 376 1650 397 eorum
1673 367 1771 398 vitam
1795 377 1861 398 non
1885 375 2008 408 poterat
2031 370 2168 410 amplius
2192 372 2353 404 sustinere.
2374 387 2388 402 »

1323 409 1547 441 Animadverte
1571 421 1728 451 nuperam
1758 411 1846 442 illam
1870 413 2076 452 eiectionem,
2110 424 2191 455 quae
2224 418 2391 457 contigisse

1323 452 1446 493 dicitur,
1470 455 1510 485 de
1533 460 1622 486 terra
1646 462 1759 487 sancta
1770 458 2005 496 promissionis.
2022 458 2077 488 Illa
2092 468 2206 499 nempe
2222 468 2277 499 est,
2293 472 2392 502 quan-

1323 496 1365 526 do
1388 501 1534 529 Aeonem
1567 510 1621 530 seu
1651 501 1883 531 ptolemaidam
1914 501 2072 532 civitatem
2095 502 2239 534 Saraceni
2263 505 2393 536 obsede-

1322 548 1396 573 runt
1419 551 1656 585 coeperuntque
1680 555 1764 576 anno
1795 555 1888 586 1291,
1906 552 1941 576 ut
1959 546 2107 577 historiae
2126 548 2276 587 produnt.
2299 550 2393 580 Tunc

1322 586 1407 616 enim
1430 588 1538 618 Acone
1561 589 1676 626 deleta,
1701 596 1778 620 teste
1801 590 1989 621 Ptolomaeo
2009 591 2145 621 Lucensi
2160 592 2193 622 in
2209 592 2328 624 Histor.
2345 604 2393 624 ec·

1322 630 1393 661 cles.
1419 631 1499 662 libro
1522 633 1636 671 XXIV,
1661 634 1762 674 capite
1784 644 1874 673 xxm,
1898 634 2047 665 delentur
2069 645 2179 666 omnes
2202 637 2234 667 in
2256 638 2392 669 circuitu

1322 677 1472 716 regiones
1495 682 1525 707 et
1547 678 1594 708 sic
1615 678 1655 708 de
1685 688 1788 720 regno
1811 679 2131 720 Hierosolymitano,
2157 690 2216 711 nec
2238 681 2278 712 de
2301 687 2390 712 terra

1315 721 1541 759 promissionis
1573 720 1664 763 (haec
1688 729 1764 753 nota
1796 723 1909 761 verba,
1940 723 2056 764 quibus
2089 724 2189 755 utitur
2221 732 2251 756 et
2281 733 2391 757 auctor

1321 764 1373 794 ille
1396 764 1603 808 Anonymus)
1630 768 1785 797 remansit
1807 767 1945 808 aliquid,
1971 768 2056 808 quod
2078 779 2141 799 non
2161 770 2203 799 sit
2217 780 2237 800 a
2254 770 2391 801 Sarace-

1322 810 1372 838 nis
1395 815 1595 849 occupatum.
1621 810 1876 842 Christianorum
1895 819 2021 852 peccata
2044 813 2162 844 nefaria
2184 813 2265 844 inter
2280 815 2390 845 excidii

1322 862 1430 883 causas
1454 861 1601 885 numerat
1622 854 1769 885 laudatus
1793 862 1918 886 auctor:
1943 857 2118 898 eademque
2136 858 2251 897 pariter
2268 858 2392 890 incusat

1322 897 1460 927 Sanutus
1493 897 1573 928 libro
1607 899 1665 936 111,
1689 909 1720 939 p.
1746 899 1819 937 XII,
1845 900 1944 939 capite
1967 911 2037 939 xxi,
2070 902 2157 941 apud
2189 903 2391 943 Raynaldum

1322 951 1411 972 num.
1430 941 1466 971 8:
1494 941 1575 972 Cum
1600 943 1759 980 carnalia,
1777 943 1934 984 inquiens,
1959 950 2148 986 caeteraque
2161 953 2297 986 peccata
2317 957 2390 978 con-

1322 986 1411 1015 tinue
1433 991 1637 1026 augerentur
1662 987 1694 1016 in
1711 986 1916 1027 fractoribus
1933 988 2083 1028 foederis
2099 990 2306 1030 baptismalis,
2333 1002 2391 1022 nec

1321 1029 1362 1059 de
1384 1030 1479 1060 malis
1502 1030 1619 1061 vellent
1641 1032 1799 1068 converti,
1825 1042 1883 1062 nec
1899 1042 1963 1072 per
1979 1035 2209 1072 poenitentiam
2239 1035 2283 1065 ad
2304 1036 2390 1066 viam

1322 1073 1430 1103 redire
1462 1074 1602 1104 iustitiae
1635 1081 1692 1105 etc.
1718 1075 2002 1106 Luculentissimus
2034 1077 2124 1108 locus
2147 1079 2198 1109 hic
2231 1086 2296 1118 est,
2325 1090 2391 1121 quo

1322 1117 1475 1148 evincitur
1490 1118 1661 1158 Speculum
1681 1120 1811 1149 Morale
1834 1130 1900 1150 non
1917 1130 1983 1150 esse
2006 1120 2128 1151 foetum
2149 1123 2305 1154 Vincentii
2322 1124 2392 1155 Bel-

1321 1161 1495 1191 lovacensis
1520 1171 1604 1192 anno
1631 1163 1713 1202 1264
1735 1163 1799 1194 vita
1830 1163 1944 1194 functi:
1972 1164 2177 1206 eiusdemque
2206 1168 2309 1207 operis
2337 1178 2391 1198 au-

1322 1211 1442 1235 ctorem
1465 1212 1540 1246 post
1563 1216 1684 1237 annum
1713 1217 1789 1247 1291
1818 1207 1916 1238 vitam
1940 1208 2038 1248 egisse
2058 1216 2088 1240 et
2108 1210 2272 1242 Summam
2294 1213 2391 1243 Theo-

1321 1249 1460 1290 logicam
1485 1260 1510 1280 s.
1534 1250 1681 1281 Thomae
1705 1251 1865 1291 expilasse.

1385 1294 1437 1324 111.
1461 1294 1704 1335 Temporariam
1728 1296 1936 1336 posteriorem
1960 1303 2071 1327 notam
2090 1298 2235 1330 exhibent
2250 1300 2310 1330 alia
2324 1310 2391 1331 ver-

1321 1338 1371 1376 ba,
1396 1348 1478 1379 quae
1501 1339 1657 1370 habentur
1679 1340 1760 1370 libro
1785 1340 1825 1370 111
1850 1340 1976 1380 Speculi
2000 1342 2144 1380 Moralis,
2169 1350 2255 1383 parte
2270 1345 2329 1383 111,
2345 1345 2390 1374 di-

1321 1382 1489 1413 stinctione
1513 1392 1525 1414 1
1548 1384 1599 1414 De
1625 1385 1792 1425 superbia:
1818 1398 1832 1412 «
1850 1385 1900 1415 Ad
1924 1384 2010 1415 idem
2033 1386 2127 1416 etiam
2151 1387 2223 1418 facit
2249 1389 2391 1419 conside-

1324 1439 1339 1454 »
1362 1427 1441 1458 ratio
1467 1427 1656 1459 infirmitatis
1681 1429 1818 1459 alienae:
1851 1429 1932 1460 sicut
1954 1430 1993 1460 de
2026 1430 2174 1471 Iosaphat
2197 1438 2227 1462 et
2250 1432 2393 1462 Barlaarn

1324 1484 1339 1498 ι»
1363 1471 1496 1509 dicitur,
1521 1473 1611 1513 quod
1634 1483 1708 1504 cum
1733 1473 1881 1514 losaphat
1902 1474 2021 1504 videret
2045 1485 2153 1505 secum
2176 1475 2339 1516 leprosum
2363 1483 2394 1507 et

1325 1528 1339 1543 »
1363 1516 1560 1556 decrepitum
1584 1527 1692 1547 senem
1715 1524 1747 1548 et
1769 1518 1900 1548 audiens
1924 1519 2014 1559 quod
2038 1518 2179 1549 humana
2200 1520 2324 1550 miseria
2338 1531 2396 1561 po-

1325 1573 1340 1588 »
1362 1566 1442 1591 terat
1464 1561 1504 1591 ad
1527 1561 1589 1591 hoc
1614 1562 1771 1600 devenire,
1790 1562 1947 1602 ingemuit
1961 1563 2042 1594 intra
2059 1573 2091 1594 se
2106 1563 2301 1595 humiliatus.
2318 1565 2397 1595 Item

1325 1617 1340 1632 »
1363 1604 1477 1635 dicitur
1500 1606 1589 1646 quod
1615 1606 1690 1637 Odo
1714 1606 1894 1647 Episcopus
1917 1607 2099 1637 Parisiensis
2116 1618 2191 1638 cum
2206 1609 2395 1647 comederet,

1326 1661 1341 1676 »
1364 1649 1620 1689 despicabiliores
1644 1660 1799 1691 pauperes
1823 1651 1955 1682 faciebat
1978 1658 2050 1682 ante
2069 1662 2102 1682 se
2118 1652 2207 1692 poni,
2230 1653 2308 1683 alios
2323 1653 2397 1683 hinc

1325 1705 1340 1720 »
1364 1700 1395 1723 et
1418 1693 1496 1723 alios
1522 1694 1605 1725 inde.
1629 1695 1705 1725 Hoc
1728 1695 1809 1725 idem
1824 1695 1974 1736 faciebat
1989 1696 2190 1727 beatissimus
2204 1697 2396 1728 Ludovicus.

1326 1750 1340 1765 ›
1363 1737 1414 1767 Ad
1437 1737 1523 1768 idem
1548 1738 1643 1768 etiam
1667 1739 1771 1770 valent
1795 1740 1947 1780 exempla.
1970 1753 1984 1768 »
2012 1740 2092 1771 Siste
2122 1741 2230 1780 lector,
2255 1742 2395 1782 expende

1322 1781 1376 1812 illa
1398 1782 1503 1820 verba,
1523 1782 1597 1813 Hoc
1620 1783 1702 1814 idem
1716 1783 1866 1824 faciebat
1888 1784 2089 1815 beatissimus
2111 1786 2304 1816 Ludovicus.
2329 1786 2395 1816 Lu-

1323 1825 1475 1856 dovicum
1499 1827 1542 1856 IX
1558 1827 1755 1858 Francorum
1770 1828 1890 1868 Regem
1905 1829 2097 1869 intelligebat
2112 1829 2255 1869 scriptor,
2271 1830 2393 1870 ipsum-

1322 1880 1386 1911 que
1409 1870 1476 1901 sine
1500 1870 1598 1902 dubio
1623 1872 1749 1902 mortali
1772 1872 1836 1902 vita
1859 1872 2007 1903 functum
2038 1873 2291 1915 Sanctorumque
2314 1881 2394 1904 cata-

1322 1915 1399 1955 logo
1422 1914 1627 1955 inscriptum:
1651 1916 1741 1957 quod
1764 1916 1876 1947 accidit
1889 1927 1927 1947 111
1943 1917 2015 1948 idus
2037 1919 2182 1958 augusti,
2199 1928 2284 1948 anno
2300 1918 2391 1949 Chri-

1322 1959 1361 1989 sti
1391 1968 1472 2000 ¹297
1497 1966 1527 1990 et
1549 1961 1758 2002 Pontificatus
1780 1961 1935 1992 Bonifacii
1959 1962 2031 1992 VIII
2055 1972 2142 1992 anno
2161 1963 2264 1993 tertio.
2286 1963 2394 2003 Itaque

1322 2003 1451 2044 Speculi
1473 2005 1614 2035 Moralis
1637 2012 1747 2036 auctor
1769 2005 1876 2045 prodit
1899 2016 1931 2036 se
1955 2015 2039 2036 anno
2069 2016 2150 2047 1297
2174 2006 2394 2046 posteriorem,

1321 2048 1480 2089 longeque
1503 2048 1663 2080 iuniorem
1686 2049 1855 2080 Vincentio
1875 2050 2090 2081 Bellovacensi
2106 2057 2136 2081 et
2152 2051 2281 2081 Thoma
2295 2051 2394 2092 Aqui-

1322 2099 1403 2123 nate.

1390 2137 1512 2177 Integra
1536 2137 1694 2178 praedicta
1718 2137 1876 2168 distinctio
1900 2138 2002 2178 prima
2020 2138 2060 2169 de
2082 2139 2231 2179 superbia
2254 2139 2394 2180 aliaeque

1322 2181 1439 2221 plures,
1464 2191 1546 2222 quae
1570 2182 1602 2212 in
1627 2182 1741 2212 eodem
1765 2182 1893 2222 Speculi
1911 2183 2051 2213 Moralis
2072 2182 2153 2213 libro
2178 2182 2269 2213 tertio
2294 2189 2324 2213 et
2347 2193 2393 2213 se-

1323 2226 1429 2256 cundo
1454 2236 1490 2256 ac
1513 2226 1618 2266 primo
1642 2226 1860 2266 reperiuntur,
1885 2226 2086 2266 transcriptae
2110 2233 2193 2264 sunt,
2219 2234 2392 2267 surreptae-

1321 2280 1385 2310 que
1408 2280 1532 2308 omnes,
1558 2271 1672 2301 eodem
1695 2270 1866 2311 aliquando
1890 2277 2023 2308 retento,
2048 2270 2219 2311 aliquando
2244 2271 2392 2301 nonnihil

1321 2314 1492 2345 immutato
1516 2315 1637 2352 ordine,
1654 2321 1709 2345 aut
1734 2315 1924 2345 verbotenus
1943 2321 1998 2345 aut
2019 2315 2176 2355 aliquibus
2191 2315 2304 2345 additis
2319 2316 2392 2345 sub-

1321 2358 1510 2399 tractisque,
1535 2369 1572 2389 ex
1601 2368 1696 2398 opere
1725 2359 1777 2389 De
1799 2364 1916 2399 septem
1947 2359 2041 2389 donis
2063 2359 2204 2399 Spiritus
2229 2361 2350 2398 sancti,
2375 2370 2393 2389 a

1322 2402 1483 2442 Stephano
1507 2403 1546 2433 de
1569 2403 1718 2433 Borbone
1741 2402 1869 2433 Ordinis
1885 2403 2142 2434 Praedicatorum
2156 2403 2312 2434 confecto.
2330 2405 2391 2434 Ac-

1322 2446 1551 2477 curatissimam
1574 2447 1710 2478 instituit
1727 2447 1890 2478 Echardus
1914 2447 2134 2486 collationem;
2152 2457 2255 2488 eoque
2270 2447 2303 2477 in
2319 2448 2392 2478 loco

1321 2501 1388 2531 quo
1412 2491 1451 2521 de
1475 2491 1616 2530 agimus,
1646 2491 1790 2528 adnotat,
1820 2491 2087 2522 Vincentiastrum
2118 2492 2221 2522 solam
2243 2492 2330 2522 illam
2355 2492 2393 2522 de

1321 2545 1381 2565 suo
1405 2535 1561 2566 addidisse
1584 2535 1718 2573 lineam,
1742 2536 1802 2566 hoc
1824 2536 1906 2566 idem
1925 2535 2075 2576 faciebat
2104 2536 2305 2567 beatissimus
2327 2537 2392 2566 Lu-

1321 2580 1467 2617 dovicus,
1497 2580 1571 2610 loco
1595 2579 1730 2620 exempli
1753 2581 1859 2610 sancti
1881 2581 2035 2617 Martini,
2065 2581 2154 2621 quod
2182 2580 2215 2610 in
2239 2590 2391 2620 germano

1321 2623 1472 2664 Stephani
1497 2624 1535 2654 de
1558 2624 1708 2654 Borbone
1731 2634 1826 2664 opere
1849 2624 1971 2664 legitur.
1996 2625 2134 2655 Mortem
2158 2625 2239 2655 obiit
2260 2624 2311 2654 hic
2338 2635 2392 2655 au·

1322 2674 1390 2698 ctor
1411 2668 1446 2698 in
1469 2675 1628 2699 conventu
1653 2668 1870 2708 Lugdunensi,
1895 2675 1971 2699 teste
1990 2669 2150 2699 Bernardo
2167 2669 2205 2698 de
2222 2668 2390 2706 Guidonis,

1322 2722 1407 2742 anno
1436 2713 1528 2743 1262.
1553 2713 1628 2743 Non
1651 2713 1694 2743 ita
1717 2712 1834 2743 scilicet
1857 2713 1914 2743 sibi
1939 2713 2019 2743 cavit
2047 2713 2289 2751 consarcinator,
2314 2713 2392 2753 quin

1322 2756 1521 2787 falsariorum
1544 2767 1634 2787 more
1665 2764 1756 2788 notas
1780 2757 1964 2797 appingeret
1991 2757 2169 2795 chronicas,
2203 2756 2393 2796 scriptorum

1322 2801 1426 2838 aetati,
1450 2811 1533 2842 quos
1557 2802 1814 2842 depraedabatur,
1838 2807 2058 2841 repugnantes

1390 2846 1443 2876 IV.
1467 2846 1670 2876 Postremum
1699 2845 1834 2886 denique
1866 2852 2106 2885 argumentum,
2131 2855 2196 2885 quo
2220 2844 2391 2884 Speculum

1322 2890 1453 2920 Morale
1471 2890 1624 2921 evincitur
1647 2889 1828 2920 confectum
1852 2890 1890 2920 ab
1908 2889 2156 2920 consarcinatore
2172 2888 2325 2929 sequioris
2341 2898 2391 2918 ae-

1323 2934 1406 2973 tatis,
1429 2935 1588 2974 promitur
1611 2945 1647 2965 ex
1670 2934 1740 2964 libri
1764 2934 1805 2964 111
1829 2941 1916 2974 parte
1939 2933 2078 2971 decima,
2107 2932 2315 2963 distinctionis
2340 2932 2391 2962 de-

1324 2978 1424 3009 cimae
1440 2979 1571 3009 articulo
1588 2988 1635 3009 111.
1653 2978 1784 3018 Insignis
1807 2978 1897 3008 locus
1921 2984 1983 3015 est,
2004 2977 2058 3008 ubi
2077 2977 2252 3017 quaeritur:
2276 2977 2392 3006 Utrum

1325 3023 1390 3061 illi,
1415 3025 1471 3063 qui
1493 3023 1632 3064 confessi
1654 3028 1730 3053 sunt
1751 3023 1851 3053 alicui
1859 3026 2048 3062 potestatem
2064 3022 2240 3061 superioris
2253 3021 2392 3058 habenti,

1325 3072 1497 3098 teneantur
1520 3067 1627 3098 eodem
1652 3077 1738 3097 anno
1762 3067 1907 3107 confiteri
1928 3070 1987 3096 suo
2002 3065 2185 3095 Parochiali
2207 3065 2394 3095 sacerdoti?

1325 3111 1408 3142 Inter
1430 3112 1501 3150 alia,
1525 3122 1606 3152 quae
1630 3117 1806 3152 sequuntur
1829 3110 1933 3150 accipe
1956 3110 2068 3140 verba:
2095 3110 2284 3139 «Praeterea
2306 3109 2392 3148 Papa

1327 3168 1342 3182 »
1364 3157 1397 3185 in
1415 3157 1591 3197 privilegio
1614 3165 1761 3186 concesso
1784 3155 1966 3185 Minoribus
1984 3159 2014 3184 et
2032 3153 2321 3190 Praedicatoribus,
2338 3163 2390 3182 su-

1327 3212 1341 3227 »
1364 3210 1420 3240 per
1443 3200 1695 3230 confessionibus
1719 3199 1898 3237 audiendis,
1923 3198 2110 3228 declarando
2133 3198 2256 3228 videtur
2280 3197 2390 3234 dicere3

1327 3256 1341 3271 »
1364 3244 1453 3285 quod
1475 3244 1509 3274 in
1532 3244 1587 3274 illo
1607 3245 1742 3281 Statuto,
1770 3243 1882 3274 Omnis
1899 3244 2066 3282 utriusque
2083 3252 2191 3278 sexus,
2209 3241 2392 3280 intelligitur

1327 3301 1342 3315 »
1364 3288 1525 3328 presbyter
1547 3288 1738 3319 Parochialis
1756 3287 1818 3324 ille,
1844 3287 1900 3328 qui
1923 3287 1956 3317 in
1980 3286 2144 3317 communi
2161 3296 2221 3316 usu
2238 3285 2281 3315 sic
2296 3294 2390 3314 voca-

1327 3344 1341 3359 »
1364 3339 1425 3370 tur,
1449 3332 1482 3361 in
1505 3332 1567 3362 hoc
1590 3333 1679 3373 quod
1702 3331 1792 3362 dicit:
1812 3331 1905 3368 Quod
1921 3330 2059 3371 confessi
2076 3330 2247 3360 Fratribus
2261 3334 2391 3359 tenean-

1326 3388 1341 3403 »
1364 3381 1419 3406 tur
1440 3376 1539 3406 semel
1561 3377 1593 3406 in
1617 3386 1704 3406 anno
1726 3377 1794 3406 suis
1811 3375 2013 3415 presbyteris
2035 3374 2276 3404 Parochialibus
2291 3372 2389 3412 confi·

1326 3432 1341 3447 2>
1364 3421 1442 3456 teri,
1461 3425 1564 3459 prout
1585 3421 1698 3450 statuit
1723 3420 1899 3449 Concilium
1929 3419 2095 3459 generale.
2121 3417 2206 3448 Cum
2235 3416 2322 3446 enim
2345 3416 2391 3446 di-

1326 3476 1341 3490 »
1364 3463 1476 3502 cendo,
1494 3463 1706 3503 presbyteris,
1732 3463 1875 3493 excludat
1898 3473 1964 3492 non
1987 3462 2184 3502 presbyteros
2209 3467 2239 3491 et
2257 3471 2313 3501 per
2326 3460 2389 3491 hoc

1326 3520 1341 3535 a»
1363 3507 1452 3547 quod
1476 3507 1560 3545 dicit,
1583 3509 1670 3544 suis,
1701 3506 1844 3537 excludat
1866 3516 1932 3536 non
1962 3506 2111 3536 habentes
2139 3505 2390 3535 iurisdictionem

1326 3563 1341 3578 »
1364 3561 1458 3591 super
1481 3558 1550 3581 eos:
1573 3551 1697 3581 videtur
1719 3551 1808 3591 quod
1831 3560 1887 3591 per
1909 3550 1970 3580 hoc
1994 3550 2083 3590 quod
2109 3549 2199 3588 dicit,
2218 3549 2390 3580 Parochia-

1326 3607 1341 3623 v
1363 3595 1456 3632 libus,
1481 3595 1617 3626 excludit
1639 3595 1827 3635 Episcopos;
1851 3594 1926 3624 alias
1948 3594 2028 3624 illud
2050 3594 2194 3632 verbum,
2217 3594 2389 3624 Parochia-

1325 3652 1341 3667 1>
1364 3640 1456 3677 libus,
1481 3639 1524 3670 ibi
1547 3646 1719 3680 poneretur
1741 3649 1800 3679 pro
1823 3638 1934 3669 nihilo.
1959 3638 2160 3679 Ubicumque
2179 3644 2286 3668 autem
2304 3638 2390 3677 Papa
