2548 4192
931 261 986 297 IN
1017 260 1055 297 S.
1077 259 1319 295 THOMAM
1347 257 1670 305 AQUINATEM

189 349 340 381 lectiones
371 345 458 376 affert
480 344 642 380 Thomas,
672 351 754 383 quae
779 351 816 372 ex
839 350 951 381 graeco
975 345 1062 370 textu
1086 338 1266 379 profluunt;

190 391 447 432 multiplicesque
470 387 598 419 adducit
620 386 767 417 litterales
784 392 814 416 et
829 384 1012 424 allegoricas
1034 383 1205 413 doctorum
1221 382 1267 412 in-

190 435 439 477 terpretationes.
461 433 552 463 Hanc
571 431 807 462 intercaeteras
824 429 958 470 profert:
985 428 1050 466 Vel,
1070 427 1265 468 inquiens...,

190 481 341 513 adoravit
366 478 528 509 Christum
562 475 782 516 significatum
811 484 875 515 per
898 475 1029 514 virgam
1056 472 1164 502 illam:
1186 472 1270 502 sicut

192 531 223 557 et
245 534 304 556 nos
321 523 500 554 adoramus
520 520 734 561 Crucrfixum,
755 525 786 550 et
808 519 944 549 Crucem
964 518 1091 548 ratione
1110 515 1270 556 Crucifixi

186 570 296 611 passi:
318 567 404 599 unde
421 566 557 607 proprie
575 574 640 595 non
662 563 839 594 adoramus
860 563 1009 599 Crucem,
1029 561 1085 592 sed
1106 560 1269 591 Christum

193 612 384 654 crucifixum
416 612 448 641 in
479 611 559 650 ipsa.
583 609 635 639 Ad
666 608 743 639 haec
773 607 954 638 Simonius:
990 619 1004 634 «
1027 605 1186 645 Dignum,
1211 605 1268 642 ait,

195 671 210 686 s
233 655 524 693 animadversione,
547 653 581 684 in
610 652 794 683 adoratione
819 651 947 690 Crucis,
972 657 1101 681 auctore
1124 650 1270 686 Thoma,

197 715 212 731 s
235 701 359 733 cultum
382 705 530 730 nostrum
547 698 582 728 in
601 698 713 728 eadem
732 697 836 728 Cruce
860 695 1069 734 non'sistere,
1089 695 1145 725 sed
1162 694 1272 734 ipsum

198 759 215 775 »
235 745 342 777 referri
365 744 406 775 ad
429 742 636 775 Crucifixum.
661 754 676 769 2

261 792 314 821 An
333 799 388 820 eos
407 787 620 829 perstrinxerit
638 786 691 816 ille
709 785 890 826 theologos,
910 784 966 826 qui
990 794 1065 815 cum
1078 782 1272 814 Bellarmino

193 835 276 866 libro
292 834 318 865 ΙΙ
339 834 378 864 de
397 832 592 873 Imaginibus
608 831 675 869 SS.,
695 831 796 871 capite
814 840 866 860 xxx
882 830 1086 860 arbitrantur:
1106 828 1274 868 Imagines

198 879 319 911 Christi
342 883 373 909 et
391 878 585 908 Sanctorum
610 875 813 906 venerandas
832 884 900 905 esse
927 884 990 905 non
1016 874 1120 904 solum
1139 882 1203 913 per
1221 881 1273 902 ac-

196 923 305 955 cidens
333 923 385 954 vel
413 922 604 962 improprie,
629 920 686 951 sed
709 921 805 950 etiam
823 929 887 960 per
908 928 944 950 se
962 923 993 948 et
1008 919 1152 959 proprie,
1173 918 1219 948 ita
1238 922 1275 947 ut

197 970 286 1009 ipsae
309 968 482 998 terminent
505 966 743 997 venerationem
775 970 810 995 ut
833 965 866 994 in
890 973 925 994 se
955 963 1214 999 considerantur,
1244 966 1275 992 et

197 1020 260 1044 no'n
276 1012 380 1043 solum
401 1016 437 1042 ut
455 1011 554 1042 vicem
573 1014 695 1051 gerunt
710 1009 923 1048 exemplaris:
938 1014 968 1038 et
989 1007 1091 1048 capite
1108 1013 1180 1036 xxv:
1198 1005 1275 1036 Cul-

198 1062 277 1095 tum,
302 1057 358 1097 qui
374 1065 439 1096 per
459 1065 496 1086 se
518 1060 549 1085 et
565 1054 702 1094 proprie
723 1053 858 1084 debetur
877 1052 1086 1094 imaginibus,
1111 1059 1180 1081 esse
1207 1051 1274 1081 cul-

198 1107 267 1132 tum
297 1099 466 1142 quemdam
495 1097 737 1139 imperfectum,
767 1098 823 1138 qui
850 1098 1022 1138 analogice
1049 1101 1081 1127 et
1112 1095 1276 1126 reductive

193 1146 337 1187 pertinet
365 1144 409 1175 ad
439 1144 575 1184 speciem
607 1143 677 1172 eius
700 1142 815 1172 cultus
837 1142 893 1182 qui
915 1142 1049 1172 debetur
1071 1140 1276 1180 exemplari?

198 1190 306 1221 Liceat
328 1189 363 1220 in
385 1198 480 1218 sensu
500 1197 560 1218 suo
584 1187 746 1217 abundare
764 1185 921 1216 Simonio.
941 1188 993 1216 An
1016 1195 1092 1216 vero
1111 1184 1276 1215 Thomam

201 1233 398 1266 committere
413 1231 549 1262 voluen't
563 1241 639 1262 cum
648 1231 789 1269 Thema,
800 1230 856 1271 qui
871 1230 911 1260 111
928 1240 1006 1270 pan,
1017 1240 1072 1271 qu.
1083 1239 1155 1267 xxv,
1173 1235 1229 1260 art.
1242 1239 1276 1258 111

200 1284 232 1312 et
249 1288 282 1310 ιν
307 1277 400 1308 docet
427 1276 618 1308 adoratione
647 1276 766 1306 latriae
779 1298 790 1312 ,
819 1284 884 1316 qua
920 1274 1069 1305 Christus
1095 1274 1274 1311 adoratur,

200 1323 379 1365 imagine-gn
391 1320 672 1355 eius‘et‘Crucem
690 1319 893 1351 adorandam
917 1319 1011 1350 esse?
1029 1319 1191 1358 Integrum
1209 1319 1277 1358 lege

170 1362 345 1406 reoexffiffi,
369 1365 600 1407 dissidiumque
629 1363 786 1395 evanescit
815 1373 931 1402 omne,
962 1364 988 1394 si
1018 1364 1108 1404 quod
1136 1370 1275 1404 apparet.

198 1411 332 1452 Duplex
354 1416 401 1442 est
423 1415 528 1441 motus
551 1411 682 1440 animae
704 1410 737 1439 in
762 1409 956 1450 imaginem:
980 1418 1065 1439 unus
1092 1408 1218 1449 quidem
1244 1409 1277 1438 in

201 1457 304 1498 ipsam
329 1455 520 1496 imaginem,
552 1453 728 1486 secundum
751 1453 837 1494 quod
865 1463 918 1484 res
940 1453 1099 1494 quaedam
1124 1458 1191 1484 est:
1213 1452 1279 1483 alio

201 1499 296 1532 mdo
319 1501 352 1531 in
381 1500 576 1541 imaginem,
609 1499 642 1529 in
665 1503 822 1539 quantum
852 1503 899 1529 est
928 1499 1038 1539 imago
1065 1498 1211 1528 alterius.
1236 1497 1280 1527 Et

202 1546 288 1578 inter
314 1545 374 1576 hos
401 1543 484 1575 duos
513 1548 618 1574 motus
641 1548 689 1574 est
716 1543 796 1573 haec
818 1542 1019 1583 differentia,
1049 1543 1126 1583 quia
1149 1543 1280 1582 primus

202 1595 322 1627 mus,
338 1599 402 1630 quo
420 1589 492 1630 quis
510 1593 657 1619 movetur
673 1588 706 1618 in
726 1588 901 1628 imaginem
922 1592 958 1617 ut
976 1592 1023 1618 est
1037 1596 1090 1618 res
1108 1586 1278 1627 quaedam,

203 1639 253 1668 est
272 1635 360 1665 alius
381 1643 402 1664 a
426 1638 514 1664 motu
538 1633 594 1674 qui
617 1637 664 1663 est
688 1633 720 1662 in
745 1640 831 1662 rem:
853 1631 1015 1662 secundus
1036 1637 1143 1662 autem
1164 1636 1279 1668 motus,

204 1679 260 1720 qui
282 1683 330 1710 est
353 1679 386 1708 in
411 1678 586 1718 imaginem
618 1677 651 1707 in
675 1682 831 1717 quantum
856 1682 904 1707 εει
926 1678 1047 1718 imago,
1072 1682 1120 1707 εει
1143 1685 1228 1706 unus
1251 1681 1282 1706 et

206 1722 289 1755 idem
305 1732 378 1754 cum
393 1723 449 1752 illo
465 1722 521 1763 qui
535 1727 582 1752 est
596 1722 628 1751 in
645 1731 723 1751 rem.
747 1721 802 1752 Sic
832 1731 912 1762 ergo
935 1721 1105 1752 dicendum
1122 1726 1179 1758 est,
1197 1719 1282 1761 quod

155 1783 158 1787 ’
206 1768 345 1810 inmagini
362 1765 427 1809 (vel
445 1765 556 1808 Cruci)
579 1765 710 1803 Christi,
731 1766 764 1796 in
787 1771 944 1807 quantum
968 1770 1015 1796 est
1038 1774 1092 1796 res
1109 1765 1280 1806 quaedam,

201 1817 285 1854 puta
309 1812 436 1853 lignum
458 1810 619 1851 sculptum
643 1810 694 1840 vel
710 1811 847 1850 pictum,
873 1810 964 1840 nulla
989 1811 1170 1840 reverentia
1194 1810 1282 1840 exhi-

207 1856 312 1895 betur,
335 1856 412 1896 quia
441 1855 624 1887 reverentia
648 1855 777 1885 nonnisi
799 1854 955 1885 rationali
978 1859 1118 1885 naturae
1140 1854 1282 1885 debetur.

205 1900 414 1942 Relinquitur
441 1909 522 1941 ergo
556 1898 643 1940 quod
673 1899 864 1930 exhibeatur
890 1899 921 1929 ei
947 1900 1129 1930 reverentia
1157 1899 1282 1936 solum,

207 1945 243 1977 in
265 1950 421 1986 quantum
446 1949 494 1975 est
516 1944 644 1985 imago:
666 1948 697 1974 et
718 1945 766 1974 sic
787 1945 934 1984 sequitur
956 1943 1042 1985 quod
1060 1943 1170 1974 eadem
1195 1953 1284 1974 reve-

207 1990 314 2021 nentia
341 1989 532 2020 exhibeatur
559 1989 698 2029 imagini
722 1988 844 2019 Christi
882 1993 914 2019 et
944 1989 1004 2029 ipsi
1037 1988 1174 2019 Christo.
1201 1988 1282 2019 Cum

207 2044 289 2076 ergo
314 2034 462 2064 Christus
479 2033 637 2064 adoretur
658 2032 850 2063 adoratione
870 2029 1001 2071 latriae,
1022 2043 1219 2074 consequens
1237 2038 1285 2064 est

231 2084 233 2086 ’
318 2079 389 2109 tius
420 2079 530 2119 imago
559 2078 601 2108 sit
631 2077 822 2108 adoratione
850 2077 969 2108 latriae
998 2078 1178 2108 adoranda.
1208 2077 1283 2108 Duo

206 2123 285 2155 haec
302 2123 367 2154 divi
381 2122 529 2154 Thomae
547 2122 619 2153 loca
637 2121 662 2152 si
678 2121 891 2160 conferantur,
907 2121 998 2153 facile
1012 2129 1098 2164 patet
1125 2133 1284 2164 quaenam

209 2167 277 2200 eius
301 2167 455 2199 sententia
482 2166 591 2197 fuerit:
623 2167 739 2197 eodem
766 2177 883 2208 nempe
912 2167 999 2198 cultu
1025 2166 1189 2198 Christum
1223 2168 1285 2198 coli

210 2219 242 2244 et
259 2212 328 2244 eius
345 2211 519 2252 imaginem
538 2210 757 2252 Crucemque;
776 2212 863 2242 hunc
881 2221 968 2250 vero,
988 2218 1127 2252 quantus
1146 2219 1285 2253 quantus

211 2262 268 2296 est,
282 2257 318 2288 in
332 2262 508 2298 prototypo
524 2256 694 2287 consistere
713 2266 749 2286 ac
768 2256 897 2287 nonnisi
917 2266 972 2296 per
994 2256 1167 2297 imaginem
1191 2263 1286 2298 atque

211 2301 351 2334 Crucem
365 2300 497 2332 transire
515 2300 549 2331 in
567 2300 690 2341 ipsum:
715 2301 755 2331 ad
773 2300 882 2341 ipsum
898 2300 1063 2332 Christum
1080 2301 1105 2332 si
1125 2301 1286 2339 referatur,

211 2346 396 2378 absolutum
420 2352 503 2384 esse;
526 2345 734 2386 positumque
753 2345 786 2375 in
809 2356 896 2376 mera
920 2342 1035 2389 σχέσει
1055 2356 1110 2377 seu
1125 2346 1286 2383 relatione,

212 2397 370 2433 quatenus
397 2389 570 2430 imaginem
600 2389 740 2430 attingit:
765 2390 869 2431 priore
894 2391 1026 2421 demum
1049 2391 1149 2421 modo
1173 2391 1234 2421 dici
1259 2398 1290 2421 et

213 2445 281 2467 esse
303 2445 412 2466 veram
441 2434 669 2475 propriamque
692 2434 831 2473 latriam;
860 2435 915 2465 sed
938 2435 1034 2465 etiam
1058 2436 1157 2465 modo
1182 2442 1287 2475 poste-

210 2480 306 2518 riore,
326 2489 401 2510 cum
419 2479 459 2509 sit
477 2479 563 2509 idem
582 2479 706 2509 animae
726 2487 845 2516 motus,
867 2479 989 2510 latriam
1011 2480 1162 2520 appellari
1182 2479 1288 2509 minus

212 2524 350 2565 proprie.
374 2523 462 2554 Nihil
486 2523 618 2562 dictum,
642 2519 732 2564 quod
755 2523 970 2554 sanctissimae
998 2523 1071 2554 fidei
1095 2524 1210 2564 regulis
1234 2534 1288 2564 ap-

213 2568 316 2610 prime
339 2578 407 2598 non
430 2567 607 2598 conveniat.
945 2570 960 2576 ⁸

227 2639 231 2643 .
279 2612 474 2653 Dionysium
506 2612 672 2643 Petavium
711 2612 787 2642 novi
829 2612 972 2653 aliosque
1010 2612 1199 2653 theologos,
1233 2613 1288 2653 qui

213 2655 332 2702 σχέσεν
357 2657 456 2695 illam,
477 2667 533 2687 seu
553 2657 677 2687 cultum
696 2657 872 2695 relativum,
893 2667 960 2698 quo
979 2657 1152 2697 imaginem
1171 2651 1301 2688 Christi

213 2703 416 2742 Crucemque
435 2702 630 2732 transeundo
649 2701 846 2742 attingimus,
869 2701 976 2732 latriae
996 2702 1127 2732 nomine
1151 2709 1290 2733 renuunt

214 2746 491 2787 insigniri:‚quod
518 2745 575 2777 uni
603 2746 751 2777 absoluto
780 2746 895 2785 cultui,
924 2747 979 2787 qui
1007 2746 1040 2776 in
1064 2747 1134 2777 Deo
1165 2754 1196 2777 et
1219 2747 1289 2777 Iesu

216 2791 344 2823 Christo
374 2790 469 2829 sistit,
498 2791 703 2821 tribuendum
732 2798 869 2822 censent.
899 2794 942 2821 At
964 2791 1131 2822 dissidium
1160 2791 1291 2822 fortasse

215 2842 323 2868 totum
337 2835 377 2866 ad
394 2836 489 2866 verba
503 2835 662 2875 redigitur.
678 2835 963 2866 Praeclarissimam
980 2836 1075 2866 affero
1090 2835 1291 2867 illustrissimi

208 2880 324 2911 'Iacobi
342 2879 476 2920 Benigni
503 2879 650 2910 Bossueti
673 2880 824 2920 Episcopi
854 2880 1024 2911 Meldensis
1048 2881 1293 2911 animadversio-

218 2932 310 2962 nem,
338 2934 403 2965 qua
425 2923 502 2954 fides
526 2924 683 2955 Ecclesiae
712 2924 771 2955 hac
794 2925 827 2954 in
858 2934 890 2955 re
914 2925 1080 2965 perspicue
1108 2925 1292 2964 declaratur,

217 2968 458 3009 vindicaturque
481 2969 623 2999 doctn'na
646 2979 664 2998 a
688 2969 763 2999 divo
782 2969 912 2999 Thoma
935 2970 1056 3000 tradita.
1077 2969 1197 3000 Gallica
1220 2981 1293 3010 pro-

220 3011 288 3042 fero
311 3012 380 3042 eius
408 3013 503 3043 verba
526 3023 563 3043 ex
581 3013 726 3054 Epistola
749 3014 788 3043 ad
811 3016 959 3044 Ascetam
983 3015 1157 3054 quemdam
1180 3015 1294 3055 scripta

221 3056 260 3086 de
281 3055 394 3087 Crucis
416 3056 615 3088 adoratione:
643 3071 658 3085 «ι
677 3057 766 3088 Saint
781 3058 926 3088 Thomas
950 3058 1084 3089 attribue
1107 3063 1125 3088 a
1148 3059 1178 3088 la
1198 3059 1295 3090 Croix

224 3113 240 3128 ιι
261 3100 292 3130 le
325 3099 407 3130 culte
434 3099 474 3130 de
501 3101 608 3139 latrie,
639 3102 694 3142 qui
722 3108 769 3133 est
797 3102 826 3132 Ie
857 3103 940 3133 culte
971 3105 1136 3142 supreme,
1168 3104 1249 3134 mais
1272 3104 1294 3134 il

223 3158 239 3172 ι»
261 3144 444 3185 s'explique
467 3154 507 3174 en
530 3145 633 3176 disant
650 3156 715 3187 que
738 3147 764 3176 c‘
776 3153 822 3177 est
845 3157 908 3177 une
931 3146 1019 3177 latrie
1038 3148 1219 3188 respective,
1240 3148 1295 3189 qui

210 3192 240 3217 ἰ
262 3189 318 3219 des
331 3188 362 3218 la
390 3198 429 3218 en
453 3188 512 3219 elle
535 3190 640 3220 mEme
668 3191 698 3220 n’
710 3197 757 3221 est
778 3191 851 3231 plus
875 3194 1038 3231 supreme,
1068 3198 1099 3222 et
1121 3203 1161 3222 ne
1189 3193 1218 3222 le
1243 3193 1296 3223 de-

225 3246 241 3261 »
262 3233 359 3271 vient,
384 3243 447 3273 que
470 3243 563 3273 parce
578 3243 641 3274 que
665 3230 724 3264 elle
740 3245 772 3264 se
788 3242 936 3275 rapporte
959 3240 977 3265 a
999 3236 1221 3267 Jesus-Christ.
1247 3237 1292 3267 Le

225 3290 241 3306 ι
263 3277 451 3308 fondement
469 3278 508 3307 de
528 3287 562 3308 ce
586 3277 667 3308 saint
685 3278 826 3309 Docteur
848 3280 874 3309 c’
886 3286 942 3318 est,
962 3290 1025 3320 que
1040 3280 1070 3310 le
1088 3287 1296 3311 mouvement

226 3335 241 3350 »
264 3322 320 3363 qui
344 3328 434 3362 porte
458 3326 474 3352 a
499 3321 519 3351 l'
530 3322 633 3361 image
657 3329 703 3352 est
724 3322 753 3352 le
783 3323 899 3361 meme,
924 3334 987 3364 que
1011 3324 1102 3365 celuy
1125 3325 1180 3365 qui
1205 3332 1296 3366 porte

226 3379 243 3394 »
265 3370 281 3397 a
309 3366 330 3396 l’
342 3366 495 3406 original,
525 3372 555 3396 et
583 3366 637 3406 qu'
649 3376 693 3396 on
720 3366 791 3397 unit
819 3368 979 3398 ensemble
1006 3368 1027 3397 l’
1038 3378 1083 3398 un
1112 3375 1142 3398 et
1164 3369 1185 3398 l'
1197 3376 1295 3399 autre.

227 3423 244 3438 ι
265 3410 331 3448 Qui
355 3417 432 3450 peut
450 3410 570 3440 blamer
589 3420 624 3440 ce
648 3408 736 3440 sens?
754 3411 914 3441 Personne
938 3422 1010 3441 sans
1033 3412 1149 3442 doute:
1172 3413 1197 3442 si
1216 3413 1296 3443 l'ex-

226 3467 244 3482 ›
264 3455 408 3495 pression
432 3454 560 3495 deplait,
584 3454 606 3484 il
630 3454 694 3495 n’y
717 3464 735 3484 a
757 3455 842 3495 qu’a
864 3455 1030 3498 la'laisser,
1056 3466 1181 3486 comme
1205 3467 1223 3486 a
1242 3457 1298 3487 fait

227 3511 243 3526 ι
265 3509 338 3529 sans
365 3498 479 3530 hesiter
501 3499 531 3529 le
555 3501 628 3539 pere
651 3499 764 3529 Petau:
790 3509 841 3529 car
863 3499 997 3538 l'Eglise
1020 3499 1080 3529 n'a
1104 3510 1159 3540 pas
1182 3501 1298 3540 adopte

228 3555 245 3570 »
266 3550 345 3574 cette
373 3543 553 3584 expression
582 3543 621 3573 de
652 3543 733 3573 saint
759 3543 920 3573 Thomas:
950 3543 1029 3573 mais
1059 3554 1102 3573 on
1131 3554 1198 3574 sera
1225 3544 1298 3574 bien

229 3599 245 3615 ιι
267 3587 366 3618 foible
389 3594 420 3618 et
437 3588 510 3618 bien
533 3587 616 3625 vain,
637 3587 662 3617 si
686 3597 730 3618 on
754 3593 801 3618 est
823 3589 939 3618 etonne
963 3587 1001 3617 de
1021 3587 1142 3625 choses,
1167 3588 1223 3629 qui
1242 3596 1300 3619 ont

231 3643 248 3658 »
269 3641 314 3662 un
338 3642 409 3662 sens
427 3631 453 3662 si
476 3632 686 3662 raisonnable.
703 3644 718 3659 >›
741 3632 833 3669 Quae
850 3631 946 3662 latine
964 3632 1094 3671 reddita,
1114 3632 1191 3663 haec
1210 3640 1297 3664 sunt:

372 3693 441 3725 Opp.
461 3693 492 3717 D.
507 3693 622 3718 Tuomst:
640 3693 672 3718 T.
692 3694 710 3718 1.

2313 269 2393 296 cxxi

1325 337 1425 367 Cruci
1441 337 1596 367 tribuitur
1613 347 1633 367 a
1653 336 1728 367 divo
1748 337 1868 367 Thoma
1888 337 2006 367 latriae
2021 338 2137 374 cultus,
2157 339 2213 378 qui
2227 348 2397 378 supremus

1323 387 1386 412 est:
1402 387 1437 412 at
1453 381 1680 421 ipsum’tamen
1698 381 1820 412 adserit
1835 382 1890 411 ille
1906 381 2025 411 cultum
2042 382 2158 411 latriae
2174 384 2394 422 respectivum,

1323 426 1468 466 adeoque
1490 435 1528 455 ea
1552 426 1725 456 dumtaxat
1756 426 1882 456 ratione
1904 435 2108 466 supremum„
2125 427 2201 466 quia
2224 426 2267 456 ad
2289 427 2396 457 Iesum

1327 469 1489 500 Christum
1515 469 1670 510 refertur.
1687 471 1887 500 Momentum
1913 471 2049 500 rationis
2067 471 2186 510 accipe,
2204 480 2267 510 qua
2284 472 2399 501 nititur

1324 514 1486 554 Aquinas:
1514 514 1599 554 quod
1627 520 1732 545 motus
1759 515 1814 555 qui
1841 520 1888 544 est
1912 515 1943 544 in
1969 515 2161 554 imaginem,
2192 519 2238 544 est
2262 524 2346 545 unus
2369 520 2399 545 et

1325 558 1408 588 idem
1428 567 1499 588 cum
1520 559 1575 588 illo
1595 559 1650 598 qui
1668 564 1714 589 est
1733 560 1765 589 in
1786 568 1870 596 rem,
1895 569 1936 589 ac
1953 568 2006 589 res
2024 560 2094 598 ipsa
2113 564 2143 589 et
2166 559 2274 599 imago
2302 559 2400 589 simul

1326 603 1516 633 coniunctae
1539 603 1795 634 considerantur.
1819 603 1922 633 Hunc
1940 613 2015 634 vero
2038 613 2166 633 sensum
2191 604 2262 643 quis
2280 603 2399 633 audeat

1327 646 1534 687 improbare?
1550 647 1652 677 Nemo
1672 648 1817 687 prudens
1836 657 1876 678 ac
1893 648 2014 678 doctus.
2034 648 2077 689 At
2095 657 2186 678 voces
2205 647 2398 684 huiusmodi,

1325 693 1354 722 si
1377 692 1484 721 minus
1502 691 1667 731 placeant,
1689 692 1872 732 relinquere
1891 693 1974 730 licet,
1999 702 2116 732 easque
2139 692 2290 722 adhibere
2307 692 2399 722 Peta-

1327 737 1398 767 vius
1421 735 1535 772 noluit,
1561 745 1632 765 cum
1658 745 1716 766 nec
1739 746 1794 766 eas
1816 746 1894 766 suas
1906 736 2030 777 fecerit
2053 736 2316 777 adoptaveritque
2337 736 2399 767 Ec-

1327 781 1435 811 clesia.
1455 780 1599 810 Nimium
1625 779 1703 810 levis
1716 779 1827 820 fuerit
1849 790 1889 811 ac
1908 791 2021 818 vanus,
2042 782 2097 821 qui
2115 781 2155 811 de
2178 781 2272 811 rebus
2290 781 2399 811 huius-

1327 825 1423 862 modi,
1440 825 1510 855 sine
1525 823 1621 854 dubio
1638 825 1784 854 innocuis
1805 834 1845 854 ac
1865 830 1972 855 rectae
1988 826 2107 855 rationi
2121 825 2397 863 consentientibus,

1328 869 1543 900 admiratione
1571 869 1729 908 capiatur.

1725 973 1927 1011 CAPUT
1961 974 2008 1011 V.

1330 1061 1369 1086 De
1388 1060 1503 1093 genuino
1528 1060 1580 1085 divi
1598 1059 1718 1084 'rhomae
1745 1060 1859 1092 quodam
1879 1058 1948 1085 textu
1967 1059 2102 1084 retinendo
2121 1060 2146 1085 in
2166 1061 2359 1086 Commentario
2377 1061 2403 1085 in

1402 1096 1548 1156 E‘i'iiifflm
1568 1096 1599 1120 ad
1620 1095 1754 1120 Romanos
1774 1095 1915 1120 disseritur.
1935 1096 2051 1127 Itemque
2071 1096 2103 1120 de
2121 1096 2201 1121 altero
2220 1097 2245 1121 in
2260 1097 2403 1130 Epistolam

1402 1139 1416 1156 a
1503 1137 1566 1156 atas.

1331 1226 1354 1275 l·
1379 1207 1656 1314 Quamplures
1675 1239 1821 1263 numerat
1840 1232 1954 1273 Operis
1975 1234 2231 1273 praestantissimi
2252 1235 2404 1266 editiones

1477 1277 1608 1307 lacobus
1623 1276 1801 1307 Echardus:
1826 1277 2037 1308 Basileensem
2062 1281 2141 1320 1475
2161 1279 2227 1318 fol„
2248 1280 2405 1321 aliamque

1331 1321 1498 1361 Wolfangi
1516 1321 1659 1351 Lachner
1683 1322 1776 1361 1495,
1792 1322 2030 1353 Bononiensem
2055 1323 2131 1363 1481
2158 1323 2213 1354 fol.
2234 1331 2406 1355 correctam

1333 1371 1364 1396 et
1386 1366 1589 1396 emendatam
1612 1375 1674 1405 per
1693 1365 1747 1407 fr.
1765 1366 1895 1397 Petrum
1927 1367 1967 1397 de
1988 1368 2151 1408 Bergomo
2174 1368 2252 1399 Ord.
2276 1369 2405 1407 Praed.,

1332 1410 1506 1440 Parisinam
1530 1410 1614 1451 typis
1638 1410 1765 1440 Ioannis
1783 1411 1865 1442 Petit
1890 1413 1970 1442 1526
1991 1411 2046 1442 fol.
2063 1412 2103 1442 ab
2122 1413 2267 1443 omnibus
2286 1413 2409 1444 mendis

1333 1454 1564 1486 studiosissime
1586 1460 1767 1496 purgatam
1796 1465 1877 1486 cura
1906 1461 1936 1487 et
1962 1457 2165 1487 solicitudine
2192 1458 2320 1488 Nicolai
2350 1458 2408 1488 Sa-

1335 1500 1446 1537 νειίεν,
1458 1499 1615 1540 aliamque
1632 1500 1714 1540 1529
1726 1506 1756 1530 et
1772 1501 1852 1531 1532
1865 1511 1902 1531 ex
1915 1501 2126 1542 typographia
2136 1501 2259 1532 Nicolai
2269 1503 2411 1540 Prevost,

1335 1550 1366 1574 et
1395 1545 1471 1583 1541
1501 1544 1641 1584 itemque
1672 1545 1751 1575 1563
1783 1544 1839 1575 fol.
1865 1545 1991 1576 Ioannis
2016 1546 2054 1576 de
2078 1546 2206 1587 Roigny
2236 1557 2334 1587 quam
2358 1557 2411 1577 cu-

1336 1588 1415 1619 ravit
1418 1588 1472 1630 sr.
1482 1588 1619 1619 Iacobus
1628 1589 1779 1620 Albertus
1797 1589 1979 1620 Castrensis
1997 1590 2076 1621 Ord.
2092 1591 2219 1628 Praed.,
2230 1601 2265 1622 ac
2281 1591 2412 1622 demum

1342 1634 1423 1673 1592
1449 1639 1480 1664 et
1508 1634 1591 1672 1654
1615 1632 1671 1664 fol.
1688 1634 1948 1673 Lugdunensem,
1972 1635 2052 1675 1545
2079 1642 2109 1666 et
2138 1636 2219 1666 1556
2237 1635 2269 1666 in
2295 1636 2313 1665 8
2338 1636 2411 1666 Bar-

1337 1677 1512 1708 tholomaei
1528 1677 1702 1716 Honorati,
1722 1679 1988 1719 Antuerpiensem
2013 1680 2089 1720 1591
2111 1679 2179 1718 fol„
2198 1681 2354 1711 Venetam
2371 1690 2412 1710 ex

1338 1723 1624 1752 vetustissimorum
1645 1722 1788 1753 codicum
1813 1724 1983 1754 collatione
2006 1730 2218 1765 repurgatam
2237 1735 2258 1755 a
2271 1724 2326 1766 fr.
2343 1724 2410 1755 Iac.

1337 1766 1469 1806 Alberto
1494 1766 1586 1806 1548.
1607 1766 1662 1797 fol.
1681 1774 1712 1797 et
1736 1768 1828 1806 1555,
1844 1767 1984 1809 itemque
2005 1778 2023 1798 a
2036 1768 2090 1809 fr.
2109 1769 2258 1810 Remigio
2277 1769 2410 1799 Floren-

1339 1812 1406 1841 tino
1434 1811 1628 1841 adornatam
1659 1811 1738 1841 1562
1768 1812 1854 1852 apud
1883 1813 2007 1851 luntas,
2037 1813 2176 1854 aliasque
2206 1813 2299 1852 1586,
2329 1814 2409 1853 1593

1339 1861 1370 1885 et
1394 1855 1486 1895 1598.
1507 1855 1663 1886 Venetam
1690 1855 1738 1886 his
1759 1856 1842 1886 addo
1861 1857 2065 1888 vetustiorem
2089 1858 2169 1898 1498
2191 1857 2246 1888 fol.
2266 1857 2412 1898 gothiciS,

1340 1906 1375 1930 ut
1397 1899 1497 1938 aiunt,
1521 1899 1709 1940 impressam
1729 1900 1968 1932 characteribus.
1989 1902 2023 1932 ln
2044 1902 2127 1932 calce
2146 1902 2223 1932 haec
2242 1902 2412 1932 habentur:

1338 1945 1427 1975 Finit
1441 1944 1628 1984 explanatio
1643 1954 1670 1975 ε.
1690 1944 1829 1976 Thomae
1844 1946 1884 1976 de
1898 1947 2026 1987 Aquino
2043 1945 2122 1976 Ord.
2128 1946 2281 1987 fratrum
2297 1946 2413 1976 Praed.

1339 1990 1372 2019 in
1404 1998 1514 2019 omnes
1544 1989 1707 2029 Epistolas
1737 1990 1821 2020 beati
1850 1991 1946 2021 Pauli
1974 1991 2137 2031 Apostoli,
2175 1991 2415 2021 characteribus

1338 2034 1468 2064 Bonetti
1501 2033 1657 2064 Locatelli
1693 2034 1912 2076 bergomensis
1943 2035 2121 2075 impressa;
2151 2035 2248 2066 ductu
2280 2045 2355 2066 vero
2386 2039 2416 2065 et

1339 2079 1472 2118 imperio
1496 2078 1610 2109 nobilis
1638 2079 1700 2109 viri
1723 2079 1845 2110 domini
1876 2079 2048 2111 Octaviani
2070 2079 2157 2110 Scoti
2184 2080 2262 2110 civis
2284 2079 2415 2110 Modoe-

1339 2123 1450 2153 tiensis
1473 2123 1506 2152 in
1530 2123 1669 2154 medium
1694 2123 1782 2161 data,
1800 2134 1887 2154 anno
1910 2134 1930 2154 a
1949 2129 2051 2164 partu
2082 2124 2223 2165 Virginis
2245 2123 2417 2165 salutifero

1341 2168 1508 2198 millesimo
1531 2167 1850 2209 quadringentesimo
1875 2170 2084 2210 nonagesimo
2107 2174 2233 2206 octauo,
2265 2169 2317 2198 die
2341 2177 2416 2198 vero

1342 2213 1497 2253 vigesima
1520 2213 1661 2243 secunda
1685 2214 1804 2243 mensis
1825 2213 2018 2250 decembris,
2044 2214 2076 2243 in
2106 2213 2215 2243 inclita
2247 2213 2325 2243 urbe
2361 2212 2416 2242 Ve-

1342 2258 1515 2294 netiarum,
1525 2258 1702 2298 Augustini
1712 2257 1888 2288 Barbadici
1897 2258 1999 2288 Ducis
2009 2258 2208 2287 invictissimi
2222 2261 2415 2297 tempestate.

1342 2301 1448 2332 Aliam
1472 2302 1555 2332 addo
1576 2302 1731 2332 Venetam
1760 2302 1841 2332 1533
1867 2301 1923 2332 fol.
1948 2302 1982 2331 In
2006 2301 2110 2331 fronte
2133 2301 2283 2341 legimus:
2308 2301 2415 2341 Expo-

1342 2347 1415 2376 sitio
1448 2346 1629 2377 clarissima
1659 2351 1755 2386 atque
1788 2344 1944 2377 catholica
1980 2345 2046 2376 divi
2079 2346 2218 2376 Thomae
2247 2346 2418 2386 Aquinatis

1342 2399 1440 2430 super
1470 2390 1634 2431 Epistolas
1660 2391 1770 2428 Pauli,
1803 2400 1875 2421 cum
1907 2390 2028 2430 duplici
2057 2395 2147 2421 textu
2178 2390 2222 2420 ad
2252 2391 2416 2421 veritatem

1342 2444 1497 2476 graecam
1527 2435 1757 2465 correctissime
1789 2435 1898 2466 addito
1926 2441 1983 2465 etc.
2016 2435 2052 2465 In
2079 2434 2165 2465 brevi
2200 2434 2239 2464 ad
2267 2435 2419 2465 lectorem

1345 2479 1499 2518 Epistola,
1524 2489 1605 2520 quae
1629 2478 1811 2520 praefigitur
1834 2479 1940 2520 operi,
1970 2479 2046 2509 haec
2070 2479 2202 2509 habetur
2226 2478 2417 2509 admonitio:

1352 2524 1466 2554 Verum
1498 2534 1569 2555 cum
1595 2524 1652 2554 illa
1681 2521 1950 2566 (Commentaria)
1974 2523 2160 2554 adulterata
2185 2524 2278 2554 valde
2304 2523 2419 2563 depra-

1347 2573 1484 2609 vataque
1497 2568 1626 2610 forent,
1651 2568 1695 2599 ad
1707 2570 1882 2609 pristinam
1907 2569 2034 2599 restitui
2050 2569 2267 2610 integritatem
2293 2568 2420 2598 curavi-

1346 2623 1427 2644 mus.
1453 2613 1487 2643 In
1512 2612 1596 2643 calce
1620 2613 1770 2643 demum:
1787 2613 1878 2643 Finis
1902 2614 2109 2653 expositionis
2127 2613 2323 2643 christianae
2345 2622 2420 2642 san-

1346 2658 1389 2688 cti
1421 2658 1560 2688 Tkomae
1589 2658 1629 2688 de
1656 2658 1784 2698 Aquino
1816 2657 1894 2688 Ord.
1919 2657 2035 2688 Praed.
2064 2659 2097 2687 in
2126 2667 2236 2688 omnes
2258 2657 2421 2697 Epistolas

1347 2702 1520 2733 beatissimi
1543 2702 1702 2742 Principis
1724 2703 1950 2743 Apostolorum
1974 2702 2079 2733 Pauli.
2110 2702 2246 2732 Venetiis
2277 2702 2419 2741 impensa

1347 2745 1529 2789 (impressa)
1554 2747 1702 2787 expensis
1728 2747 1879 2778 nobilium
1903 2746 2056 2777 heredum
2077 2747 2190 2777 nobilis
2209 2746 2250 2776 D.
2272 2745 2419 2776 Octavia-

1349 2793 1383 2821 ni
1406 2791 1493 2822 Scoti
1511 2792 1590 2822 ciuis
1608 2792 1856 2829 Modoetiensis,
1884 2802 1971 2822 anno
1990 2802 2010 2821 a
2028 2792 2204 2822 Nativitate
2219 2791 2313 2820 Dom.
2332 2789 2421 2820 1533

1348 2841 1509 2877 regnante
1532 2836 1642 2866 inclito
1670 2837 1819 2876 Principe
1845 2836 1977 2866 Andrea
2008 2835 2099 2866 Grito
2122 2836 2203 2865 Dux
2226 2833 2334 2877 (duce)
2364 2834 2419 2863 Ve-

1349 2882 1521 2911 netiarum.
1537 2881 1690 2920 Vulgatae
1706 2880 1825 2911 Bibliae
1842 2881 1938 2911 textui
1955 2880 2165 2921 praemittitur
2179 2879 2280 2910 versio
2298 2878 2421 2921 Erasmi

1349 2925 1574 2963 Roterodami3
1596 2925 1803 2966 eiusdemque
1822 2925 1862 2955 ad
1885 2925 2023 2965 singulas
2043 2924 2202 2965 Epistolas
2226 2929 2420 2963 argumenta,

1349 2979 1431 3010 quae
1455 2979 1492 3000 ex
1516 2969 1659 3000 eiusdem
1679 2980 1765 3000 novo
1784 2970 1991 3000 Testamento
2016 2970 2183 3009 desumpta
2207 2975 2295 3006 sunt,
2316 2970 2420 3007 Ange-

1348 3014 1400 3044 lici
1431 3013 1579 3044 Doctoris
1612 3014 1754 3054 prologis
1787 3013 2011 3054 praefiguntur.
2044 3014 2141 3050 Quod
2174 3013 2259 3043 idern
2292 3022 2422 3053 prorsus

1350 3058 1509 3098 exemplar
1537 3058 1597 3088 alia
1625 3065 1836 3099 repraesentat
1864 3058 1959 3088 editio
1984 3058 2125 3095 Veneta,
2161 3067 2259 3097 quam
2288 3056 2422 3096 gothicis

1350 3103 1578 3133 characteribus
1612 3113 1696 3133 anno
1732 3104 1812 3134 1536
1844 3102 1899 3133 fol.
1932 3108 2080 3133 curarunt
2109 3101 2227 3132 laudati
2257 3100 2422 3132 Octaviani

1350 3147 1436 3178 Scoti
1466 3147 1604 3178 heredes.
1639 3148 1794 3178 Venetam
1823 3147 1955 3177 demum
1987 3146 2060 3176 anni
2095 3147 2175 3176 1562
2206 3146 2290 3186 apud
2316 3146 2422 3175 luntas

1349 3192 1382 3221 in
1406 3191 1462 3222 sol.
1491 3202 1557 3221 non
1586 3192 1817 3231 praetermitto,
1846 3201 1927 3232 quae
1951 3191 1994 3221 ad
2022 3191 2186 3221 lectionem
2216 3191 2421 3230 antiquorum

1350 3236 1504 3273 codicum,
1511 3237 1706 3276 praesertim
1726 3246 1848 3273 eorum,
1869 3237 1924 3276 qui
1946 3236 2082 3266 Venetiis
2101 3236 2133 3265 in
2153 3235 2284 3265 aedibus
2303 3234 2354 3264 dd.
2372 3233 2419 3263 Io.

1350 3285 1380 3310 et
1402 3281 1508 3317 Pauli,
1535 3285 1565 3310 et
1587 3280 1618 3310 d.
1642 3281 1804 3310 Dominici
1827 3285 1949 3317 extant,
1965 3280 2113 3320 fideliter
2136 3289 2156 3310 a
2179 3279 2327 3319 Remigio
2347 3278 2421 3308 Flo-

1350 3326 1476 3354 rentino
1497 3323 1576 3354 Ord.
1593 3324 1857 3354 Praedicatorum
1875 3325 2022 3354 restituta
2039 3323 2161 3353 dicitur.
2179 3323 2274 3353 Hisce
2291 3323 2423 3352 demum

1350 3378 1495 3405 seorsum
1508 3368 1621 3398 curatis
1633 3368 1786 3398 accedunt
1795 3368 1932 3407 integrae
1943 3368 2091 3398 omnium
2101 3367 2246 3407 Operum
2257 3366 2422 3404 editiones,

1350 3413 1496 3442 Romana
1521 3413 1602 3452 1570
1622 3412 1677 3442 fol.
1702 3413 1791 3453 iussu
1816 3423 1855 3442 ss.
1875 3412 1922 3441 Pii
1942 3412 2056 3452 quinti,
2075 3410 2314 3451 Antuerpiensis
2339 3410 2420 3440 1612

1351 3456 1372 3486 f.
1390 3463 1579 3496 procurante
1599 3455 1719 3486 Cosma
1741 3456 1904 3494 Morelles,
1930 3463 1960 3486 et
1978 3455 2117 3486 Parisina
2142 3456 2223 3485 1660
2243 3454 2299 3485 fol.
2317 3454 2422 3484 studio

1351 3507 1382 3530 et
1406 3499 1487 3530 curis
1512 3499 1638 3529 Ioannis
1665 3499 1797 3530 Nicolai.

1419 3544 1599 3573 Romanam
1616 3544 1788 3574 editionem
1804 3543 1843 3573 ad
1859 3553 2001 3583 unguem
2017 3543 2238 3584 repraesentari
2254 3542 2287 3572 in
2303 3542 2424 3573 Veneta

1351 3587 1569 3618 Bettinelliana
1590 3588 1751 3626 iussimus,
1769 3588 1947 3628 patentibus
1968 3586 2424 3628 dumtaxatrtypographorum

1353 3631 1537 3672 sphalmatis
1572 3632 1764 3671 emendatis,
1798 3632 1973 3673 iisdemque
2007 3633 2046 3662 ad
2078 3632 2260 3663 inferiorem
2292 3631 2424 3672 paginae

2251 3692 2281 3717 16
