2548 4192
209 286 338 312 LXXXIV

209 353 340 384 toninus
364 352 416 382 dat
438 350 585 382 Postillae
610 360 633 380 s.
654 348 810 380 Doctoris.
832 348 934 379 Verba
958 347 1075 378 scilicet
1098 346 1164 376 eius
1184 351 1275 375 sunt:

209 398 345 437 Scripsit
377 401 407 426 et
438 405 535 435 super
569 394 702 424 Cantica
738 393 966 428 Canticorum,
1001 391 1135 420 multum
1169 394 1275 419 tamen

210 443 349 473 breviter
367 445 397 471 et
419 440 462 470 ad
485 440 633 469 litteram.
662 438 709 467 De
729 437 800 477 styli
824 435 1019 472 diversitate,
1044 443 1142 474 quam
1162 433 1276 463 Scotus

210 485 333 526 opponi
352 494 445 524 posse
459 483 660 523 praeviderat,
676 481 719 511 sic
739 480 859 510 disserit
872 479 905 509 in
920 478 1130 509 Praefatione:
1162 490 1176 504 «
1195 476 1277 506 Illud

213 543 227 557 »
251 536 357 560 autem
381 538 437 558 nec
460 536 571 566 negare
595 535 776 566 possumus,
801 533 858 553 nec
881 522 999 553 inficias
1022 522 1123 558 imus,
1153 520 1275 560 exposi-

213 587 227 602 »
255 573 375 604 tionem
403 572 483 602 hanc
507 571 544 600 ab
567 570 620 599 illa
650 568 763 609 (Sonet
791 577 854 598 vox
875 566 948 608 tua)
973 565 1165 606 reliquisque
1189 564 1275 614 Ope-

212 630 228 646 ι»
250 618 346 654 ribus,
370 625 451 656 quae
474 616 582 644 beatus
600 614 720 643 Doctor
742 611 851 652 paullo
874 610 1049 640 accuratius
1078 608 1273 648 conscripsu,

213 675 227 690 z
251 660 395 692 nonnihil
423 665 572 699 apparatu
602 664 632 687 et
659 656 740 697 stylo
770 655 891 685 distare.
922 654 983 684 Sed
1013 660 1044 684 et
1071 653 1150 683 illud
1179 652 1274 682 etiam

211 719 226 734 »
249 710 425 736 constanter
447 710 669 738 asseveramus,
690 700 714 729 si
738 699 793 739 qui
814 698 977 738 diligenter
994 697 1075 727 hanc
1104 695 1272 737 (Salomon

211 763 225 778 2>
248 746 437 788 inspiratus)
457 745 610 785 inspiciat,
626 751 656 774 et
674 743 857 774 brevitatem
877 742 959 783 styli,
975 748 1005 772 et
1024 751 1099 771 cum
1118 740 1185 780 ipsa
1200 740 1272 780 styli

210 806 223 821 »
246 792 393 822 brevitate
425 789 649 820 sententiarum
672 787 855 827 gravitatem
878 793 909 817 et
932 785 1135 816 devotionem
1165 784 1270 815 castis-

209 850 223 864 »
246 836 359 866 simam
377 844 474 875 quam
488 833 540 863 illa
558 832 735 872 praesefert,
752 831 878 861 nonnisi
897 829 1199 861 consummatissimi
1214 828 1271 858 viri

208 893 222 908 s
244 887 337 920 atque
360 878 469 908 itidem
493 876 665 907 doctissimi
693 876 774 906 hanc
803 885 869 905 esse
900 874 1069 905 nobiscum
1092 872 1269 903 affirmabit.

208 938 222 952 »
246 925 289 955 Ita
312 932 439 963 prorsus
460 928 495 952 ut
518 931 588 951 eam
607 920 752 951 Doctoris
772 919 869 950 nostri
889 918 1075 949 sanctissimi
1107 928 1173 948 esse
1208 927 1270 948 cre-

209 982 223 996 »
246 969 317 998 dere
340 967 443 997 obstet
465 966 557 996 nihil:
582 964 867 1006 quemadmodum,
888 971 923 994 ut
941 962 1164 1003 praediximus,
1189 968 1219 992 et
1238 961 1270 991 in

207 1026 221 1040 ⁷>
243 1011 374 1052 antiquo
402 1011 458 1041 illo
492 1009 660 1050 exemplari
688 1007 768 1050 (ms.
790 1007 1025 1050 Fabrianensi)
1047 1013 1270 1047 praenotatum

207 1069 222 1084 ι»
244 1056 346 1086 adhuc
369 1055 473 1085 videre
496 1054 577 1084 licet.
597 1066 611 1081 »

269 1099 423 1130 Nondum
441 1106 546 1129 tamen
565 1098 597 1128 in
622 1105 691 1128 tuto
710 1107 758 1127 res
777 1103 832 1127 est.
852 1095 1055 1136 Argumentis
1075 1105 1158 1135 opus
1178 1094 1269 1132 foret,

204 1154 285 1186 quae
311 1150 453 1174 veterum
472 1143 604 1181 nullius,
634 1152 691 1172 nec
715 1141 912 1178 Cassiodori,
941 1150 998 1171 nec
1027 1139 1181 1179 Remigii,
1212 1149 1269 1170 nec

202 1189 396 1230 Haymonis,
426 1198 483 1218 nec
505 1187 663 1218 Brunonis
692 1185 831 1217 Astensis
851 1186 974 1216 foetum
1003 1194 1069 1215 esse
1093 1183 1269 1215 Commen-

202 1233 332 1271 tarium,
362 1242 427 1273 quo
456 1232 495 1262 de
523 1231 661 1272 agimus,
691 1231 779 1261 facile
806 1240 841 1260 ac
871 1229 1006 1260 dilucide
1034 1229 1267 1269 persuaderent.

201 1278 328 1308 Praesto
348 1284 421 1307 sunt
438 1286 512 1307 vero
532 1282 716 1316 argumenta
735 1275 826 1306 allata
844 1285 862 1305 a
881 1274 1020 1311 Garetio,
1040 1283 1121 1314 quae
1142 1273 1268 1305 Cassio-

202 1322 280 1352 doro
305 1321 483 1351 abiudicant
507 1331 598 1360 opus.
629 1320 729 1360 Ipsius
758 1319 939 1350 Cassiodori
971 1318 1132 1348 silentium
1163 1328 1268 1359 oppo-

201 1366 301 1404 nitur,
335 1365 390 1406 qui
420 1365 611 1405 praefatione
647 1365 679 1394 in
711 1364 827 1394 librum
862 1363 900 1393 de
933 1363 1137 1403 ortographia
1167 1363 1265 1393 libros

202 1420 313 1440 omnes
337 1419 534 1447 enumerans,
559 1419 640 1450 quos
664 1409 839 1439 monachus
863 1407 1011 1446 ediderat,
1036 1407 1268 1438 Commentarii

200 1455 233 1485 in
261 1454 391 1485 Cantica
419 1450 539 1484 nullam
570 1453 681 1493 ingerit
705 1453 909 1483 mentionem.
935 1452 1107 1492 Gregorius
1131 1452 1175 1483 M.
1200 1452 1267 1483 lau-

201 1500 291 1530 datur
305 1499 337 1529 in
361 1498 556 1539 expositione
570 1498 602 1528 in
621 1498 801 1537 Evangelia,
813 1507 894 1538 quae
909 1497 1036 1527 nonnisi
1052 1503 1125 1538 post
1140 1497 1267 1528 obitum

201 1543 382 1575 Cassiodori
412 1543 461 1573 edi
491 1543 605 1583 potuit.
637 1542 714 1584 Styli
738 1542 897 1572 diversitas
921 1548 1051 1582 apparet
1083 1541 1266 1573 manifesta:

200 1588 428 1628 adhibeturque
442 1597 544 1618 sacrae
555 1588 731 1628 Scripturae
750 1594 851 1617 textus
866 1586 951 1617 iuxta
970 1586 1150 1617 versionem
1169 1586 1267 1618 sancti

200 1632 399 1673 Hieronymi,
423 1642 496 1662 cum
516 1632 609 1662 fuerit
631 1632 675 1662 illi
699 1631 849 1662 familiare
878 1631 923 1661 uti
947 1631 1093 1662 versione
1118 1630 1186 1662 τῶν
1213 1642 1265 1673 70.

266 1676 415 1707 Graviora
438 1676 658 1707 difficultatum
686 1683 849 1707 momenta
872 1683 1060 1716 sequuntur.
1091 1676 1267 1707 Commen-

198 1721 313 1751 tarium
340 1721 534 1761 praedictum
559 1721 731 1752 Casimirus
755 1721 904 1752 Oudinus
928 1727 1074 1759 testatur,
1100 1731 1133 1752 se
1152 1721 1266 1752 vidisse

197 1765 230 1795 in
253 1765 396 1805 plurimis
420 1765 592 1796 Galliarum
616 1773 646 1796 et
663 1765 761 1805 Belin
785 1765 982 1796 bibliothecis
1013 1776 1213 1807 anonymum
1234 1765 1266 1796 in

197 1810 356 1840 codicibus
375 1819 448 1840 mSS.
465 1810 616 1841 ducentos
634 1811 762 1841 circiter
780 1819 884 1840 annos
909 1815 1047 1842 aetatem
1080 1820 1106 1842 s.
1127 1811 1267 1842 nomae

195 1855 365 1895 Aquinatis
397 1855 635 1892 excedentibus,
665 1855 835 1896 ipsumque
864 1854 971 1886 haberi
1000 1866 1060 1886 ms.
1090 1855 1123 1886 in
1153 1855 1265 1886 biblio-

195 1899 285 1929 theca
317 1898 517 1929 Cluniacensi
550 1899 629 1930 intra
662 1899 778 1930 Gallias
807 1899 1009 1931 celeberrima
1037 1900 1096 1931 sub
1124 1900 1267 1942 Remigii

195 1944 480 1974 Autissiodorensis
503 1944 643 1982 nomine,
664 1945 713 1975 cui
742 1944 995 1975 nomenclatores
1019 1954 1132 1975 omnes
1151 1945 1265 1976 adscri-

196 1989 275 2018 bunt
308 1988 582 2020 Commentarium
615 1989 647 2019 in
680 1989 810 2020 Cantica
843 1989 1068 2028 Canticorum,
1103 1999 1138 2020 ac
1167 1991 1265 2022 istum

196 2032 349 2073 profecto,
374 2033 412 2063 de
436 2044 500 2074 quo
521 2034 654 2074 agimuS,
678 2041 835 2075 quantum
854 2034 1042 2067 coniecturis
1067 2035 1191 2076 assequi
1211 2036 1265 2066 da-

196 2084 257 2115 tur,
273 2077 417 2117 Remigio
438 2078 661 2118 assignandum
676 2089 751 2109 esse.
773 2078 932 2119 Equidem
948 2086 978 2110 et
993 2080 1097 2111 Sixtus
1117 2080 1264 2111 Senensis

195 2129 333 2152 recenset
369 2122 467 2162 ipsius
499 2124 639 2164 Remigii
670 2123 702 2153 in
736 2123 866 2154 Cantica
899 2123 1109 2156 Canticorum
1146 2126 1264 2156 librum

195 2177 307 2205 unum,
331 2167 481 2198 Salomon
501 2169 685 2208 inspiratus.
712 2168 918 2199 Praemiserat
943 2169 994 2200 ille
1019 2180 1051 2200 se
1070 2180 1202 2212 quoque
1221 2171 1263 2201 le-

193 2211 273 2250 gisse
297 2212 354 2242 sub
375 2213 504 2242 nomine
523 2213 702 2254 Haymonis
722 2213 962 2244 Alberstatensis
982 2214 1263 2246 Commentarium

193 2255 226 2286 in
250 2257 359 2286 eadem
383 2256 523 2294 Cantica,
548 2257 760 2298 incipientem:
788 2258 869 2288 Cum
893 2260 1036 2290 omnium
1056 2260 1264 2298 Sanctorum,·

193 2311 257 2342 qua
288 2301 320 2330 in
349 2311 380 2331 re
409 2302 576 2342 deceptum
604 2302 727 2333 Sixtum
755 2313 814 2343 pro
844 2310 929 2334 certo
962 2304 1080 2336 habent
1113 2305 1263 2336 monachi

193 2356 217 2375 s.
243 2345 343 2375 Mauri
367 2346 399 2376 in
424 2347 504 2377 Hist.
530 2347 675 2378 litteraria
708 2347 827 2378 Galliae
856 2354 935 2378 tom.
956 2349 1006 2386 V,
1035 2349 1068 2380 in
1091 2350 1263 2391 Haymone

193 2389 221 2430 ξ.
245 2399 285 2428 11,
310 2400 384 2420 cum
412 2401 516 2421 revera
544 2391 633 2423 istius
662 2392 833 2432 expositio,
858 2400 893 2423 ut
922 2393 1088 2435 inquiunt,
1117 2395 1261 2436 incipiat:

194 2434 344 2465 Salomon
378 2436 561 2475 inspiratus.
592 2437 674 2467 Hinc
708 2447 790 2477 opus
820 2447 878 2477 pro
911 2438 1052 2477 genuino
1082 2439 1262 2482 Haymonis

195 2478 282 2509 foetu
293 2479 434 2520 plerique
448 2480 577 2511 habent:
599 2482 656 2512 sub
673 2481 803 2522 eiusque
823 2482 953 2514 nomine
971 2482 1128 2516 Coloniae
1144 2484 1263 2526 prodiit

195 2533 278 2553 anno
309 2525 401 2562 1533,
422 2524 452 2559 8.
473 2534 509 2554 ex
524 2524 650 2556 officina
672 2526 819 2557 Eucharii
847 2526 1049 2567 Cervicorni,
1079 2529 1262 2566 Garetiano,

195 2568 283 2608 quod
302 2569 559 2608 memoravimus,
579 2570 788 2609 simillimum,
813 2578 848 2602 ut
867 2571 948 2603 facta
967 2574 1178 2613 cognovimus
1198 2574 1262 2605 col-

192 2612 318 2643 latione.
344 2613 513 2644 Florebant
543 2625 638 2655 porro
668 2615 793 2646 saeculo
815 2626 904 2647 nono
929 2617 1038 2649 adulto
1073 2619 1204 2660 Haymo
1229 2626 1260 2650 et

194 2657 365 2696 Remigius
384 2664 532 2689 extremo.

260 2701 379 2737 Quidni
410 2702 530 2733 diversa
553 2703 645 2741 haec,
675 2714 756 2745 quae
780 2704 812 2735 in
840 2706 1002 2737 codicibus
1026 2707 1179 2746 occurrit,
1204 2718 1261 2739 no-

193 2746 269 2776 tatio
293 2746 474 2785 nominum,
498 2746 690 2786 Cassiodori,
717 2749 862 2790 Remigii,
888 2751 1078 2792 Haymonis,
1102 2753 1262 2784 Brunonis

193 2790 298 2828 etiam,
319 2791 422 2822 adhuc
440 2791 598 2831 integrum
617 2793 783 2834 relinquat,
813 2801 848 2825 ut
866 2795 1054 2836 inscriptum
1081 2797 1184 2828 codici
1203 2798 1262 2828 Fa-

193 2834 348 2865 brianensi
371 2845 490 2866 nomen
513 2837 659 2868 Thomae
683 2839 850 2879 Aquinatis
869 2839 1034 2872 tueamur?
1063 2841 1166 2872 Litem
1186 2852 1262 2874 con-

193 2878 297 2910 ficeret
316 2880 464 2910 codicum
483 2881 662 2922 antiquitas,
685 2892 766 2923 quae
781 2883 950 2923 profertur,
965 2886 1120 2917 ducentos
1141 2886 1263 2918 circiter

193 2933 293 2953 annos
308 2931 441 2955 aetatem
451 2925 616 2966 Aquinatis
637 2927 804 2958 excedens:
825 2935 856 2959 at
875 2939 988 2960 eorum
1005 2937 1073 2962 esto
1094 2931 1260 2970 iudicium,

194 2967 310 3008 quibus
339 2969 461 2999 codices
493 2980 568 3001 mss.
588 2970 620 3000 in
640 2971 837 3003 bibliothecis
860 2973 991 3004 lustrare
1017 2975 1261 3018 diligentiusque

195 3012 366 3052 expendere
394 3013 473 3044 licet.
504 3014 550 3044 Ex
573 3015 670 3045 hocce
694 3022 799 3046 tamen
829 3016 1070 3050 Commentario
1100 3021 1262 3052 contendit

195 3066 368 3094 nonnemo,
392 3057 455 3087 iam
475 3059 644 3089 undecimo
669 3060 795 3091 saeculo
815 3061 906 3101 plura
925 3063 1080 3104 decerpta,
1101 3075 1261 3106 suumque

195 3100 340 3130 translata
368 3100 462 3132 fuisse
490 3102 523 3132 in
547 3103 744 3135 Glossarium
768 3115 785 3135 a
809 3106 920 3146 Papia,
950 3108 1005 3148 qui
1030 3108 1109 3139 circa
1139 3120 1261 3140 annum

195 3143 311 3174 Christi
336 3146 415 3176 1063
436 3146 576 3185 florebat,
596 3148 765 3179 adnotante
795 3150 839 3180 Io.
861 3151 990 3182 Alberto
1006 3152 1160 3185 Fabricio.
1175 3154 1214 3185 V.
1230 3164 1259 3194 g.

194 3187 226 3218 in
251 3189 363 3219 eodem
387 3190 500 3230 Papiae
523 3191 700 3230 Glossario,
726 3194 814 3234 quod
837 3194 976 3226 venetiis
1001 3196 1191 3237 impressum
1215 3206 1262 3230 est

193 3242 277 3262 anno
312 3233 390 3272 1485
422 3234 443 3264 f,
468 3244 523 3274 per
550 3236 709 3266 Andream
738 3237 777 3268 de
804 3238 949 3277 Bonetis,
982 3240 1060 3272 haec
1089 3242 1259 3274 habentur:

195 3276 307 3308 Grossi
318 3279 505 3323 primitivae
523 3284 553 3310 et
568 3281 760 3311 immaturae
768 3282 868 3323 ficus,
890 3293 953 3314 non
968 3285 1089 3317 habiles
1105 3287 1149 3318 ad
1167 3287 1260 3318 eden-

193 3321 286 3358 dum,
312 3331 394 3362 quae
416 3323 460 3353 ad
476 3324 607 3363 pulsum
629 3326 713 3356 venti
726 3325 833 3366 facile
856 3328 984 3359 cadunt.
1010 3329 1102 3361 Item:
1130 3331 1261 3372 Cyprus

194 3371 239 3396 est
262 3367 360 3396 arbor
377 3369 566 3406 aromatica,
591 3370 683 3400 cuius
700 3380 806 3401 semen
826 3372 929 3403 simile
950 3374 1126 3413 coriandri,
1151 3376 1259 3407 album

194 3415 223 3440 et
250 3411 450 3442 sublucidum
463 3435 473 3449 ,
502 3413 587 3453 quod
613 3414 682 3444 oleo
710 3420 832 3446 coctum
862 3422 892 3447 et
920 3427 1106 3458 expressum
1137 3429 1260 3461 cyprus

195 3460 335 3486 vocatur.
357 3456 449 3486 Item:
470 3456 594 3488 Fistula
614 3458 718 3489 brevis
736 3460 910 3491 arbuscula
930 3467 986 3500 est,
1007 3473 1090 3504 quae
1107 3469 1137 3495 et
1155 3466 1259 3496 cassia

195 3498 322 3536 dicitur,
342 3510 542 3540 purpureum
562 3502 681 3533 habens
704 3505 862 3536 corticem.
884 3506 976 3537 Item:
1000 3507 1118 3539 Elatae
1130 3509 1259 3549 palma-

196 3551 267 3571 rum
295 3549 370 3573 sunt
391 3545 615 3584 productiores
643 3549 727 3577 rami
755 3554 785 3579 et
812 3551 1068 3590 excellentiores,
1099 3553 1258 3584 interdum

195 3587 288 3615 aurei
310 3587 442 3625 coloris,
467 3590 643 3629 crispantes
673 3597 703 3621 et
725 3593 769 3623 ad
792 3594 918 3625 excelsa
941 3605 1067 3636 semper
1085 3597 1258 3629 tendentes.

195 3629 285 3666 Quae
313 3631 445 3662 totidem
474 3631 650 3674 αὐτολεξεὶ
675 3635 829 3667 habentur
856 3638 889 3668 in
913 3638 1170 3679 Commentario,
1195 3641 1259 3673 sive

932 266 1390 306 DISSERTATIONES
1421 265 1669 301 CRITICAE

1334 345 1543 381 Cassiodoro,
1573 343 1637 372 sive
1661 340 1824 380 Remigio,
1853 339 1918 369 sive
1949 337 2132 379 Haymoni,
2161 338 2227 368 sive
2250 339 2413 375 Brunoni‚

1333 389 1396 419 sive
1420 389 1567 419 Thomae
1599 386 1717 416 tributo
1747 384 1849 423 capite
1868 393 1901 421 1¹,
1927 383 1963 418 ὰ.
1986 383 2035 420 13,
2059 392 2102 420 1v,
2120 383 2156 418 y.
2182 392 2232 422 14,
2246 393 2278 422 v,
2304 385 2340 420 ᾗ.
2362 395 2411 415 11.

1331 435 1374 463 At
1397 432 1544 462 nondum
1563 431 1694 460 fortasse
1714 428 1851 468 eliquata
1874 427 1999 457 videtur
2018 426 2175 467 quaestio,
2195 437 2277 458 num
2297 428 2412 469 Papias

1331 487 1368 506 ex
1395 475 1573 516 antiquiore
1602 473 1769 513 scriptore,
1799 471 1848 501 vel
1877 470 2042 511 Remigio,
2070 470 2122 501 vel
2149 471 2338 513 Haymone;
2361 473 2412 504 vel

1330 520 1484 561 sequioris
1500 518 1607 549 aetatis
1627 523 1738 547 auctor
1755 526 1791 546 ex
1802 515 1899 555 Papia
1918 515 2078 555 praedicta
2092 515 2308 557 descripserit?
2323 517 2412 548 Iniici

1329 574 1460 605 quoque
1485 563 1620 593 dubium
1644 567 1760 602 potest,
1790 570 1870 590 num
1889 559 1998 600 potius
2026 559 2180 590 fusiorem
2208 571 2279 592 ven.
2305 562 2410 592 Bedae

1330 607 1608 639 Commentarium
1631 606 1664 636 in
1689 604 1820 636 Cantica
1843 604 1956 645 Papias
1981 602 2187 644 decerpserit?
2210 605 2301 637 Paria
2319 616 2409 637 nam-

1328 663 1391 693 que
1415 653 1447 682 in
1471 652 1532 682 isto
1556 651 1718 691 leguntur:
1742 649 1879 680 Grossos
1903 654 2019 680 vocant
2035 649 2224 690 primitivas
2247 656 2278 681 et
2297 652 2408 681 imma-

1328 702 1421 727 turas
1432 696 1524 736 ficus
1547 701 1643 736 atque
1662 694 1819 725 inhabiles
1838 695 1925 724 esui:
1947 704 2031 735 quae
2054 694 2162 732 etiam,
2183 695 2213 725 si
2231 704 2408 726 concussae

1319 741 1461 782 fuerint,
1488 740 1551 770 levi
1569 745 1656 770 tactu
1681 738 1842 770 decidunt.
1863 738 1959 769 Item:
1986 739 2118 780 Cyprus
2137 740 2170 769 in
2189 740 2342 780 Aegypto
2362 745 2410 771 est

1326 785 1425 815 arbor
1439 785 1630 820 aromatica,
1651 784 1766 825 ziziphi
1775 783 1884 824 foliis,
1900 785 2023 814 semine
2041 784 2209 815 coriandri
2228 784 2407 815 candidior.

1329 829 1488 870 Coquitur
1510 829 1590 860 haec
1613 830 1645 859 in
1666 829 1736 859 oleo
1753 829 1981 869 premiturque
1997 834 2138 868 postea:
2165 829 2252 869 quod
2284 839 2408 870 cyprus

1326 879 1471 904 vocatur.
1496 874 1590 904 Item:
1615 873 1754 911 Fistula,
1779 882 1863 914 quae
1886 878 1917 903 et
1936 874 2043 903 cassia
2062 873 2200 911 dicitur,
2224 874 2310 904 inter
2330 883 2407 904 aro-

1326 919 1461 949 maticas
1484 923 1724 948 annumeratur
1747 918 1898 948 arbores:
1921 922 1969 948 est
1991 922 2100 948 autem
2125 918 2248 948 robusti
2280 919 2409 949 corticis

1326 968 1356 993 et
1372 964 1544 1003 purpurei.
1571 963 1664 993 Item:
1691 963 1812 993 Comae
1835 963 1904 992 eius
1922 962 2006 992 sicut
2030 962 2135 993 elatae
2147 962 2350 1002 palmarum,
2372 968 2408 994 ut

1325 1008 1451 1047 crispae
1470 1008 1623 1038 nimirum
1640 1007 1813 1038 videantur
1831 1012 1861 1037 et
1875 1006 2028 1037 rutilae...
2044 1012 2079 1037 ut
2091 1007 2282 1047 palmarum
2303 1007 2408 1038 instar

1325 1052 1497 1090 excellant,
1522 1053 1599 1083 auri
1622 1053 1727 1083 instar
1750 1051 1951 1093 refulgeant.
1977 1051 2039 1082 Sed
2063 1058 2094 1082 et
2117 1051 2205 1092 paria
2228 1057 2314 1090 sunt,
2333 1051 2408 1082 licet

1325 1096 1449 1127 brevius
1474 1107 1629 1138 expressa,
1653 1096 1687 1127 in
1711 1096 1773 1127 alio
1799 1095 2054 1135 Commentario,
2084 1095 2140 1137 qui
2164 1095 2284 1136 incipit:
2309 1095 2409 1127 Sonet

1325 1151 1389 1172 vox
1411 1147 1468 1172 tua
1474 1149 1487 1179 ;
1510 1152 1546 1172 ac
1565 1141 1680 1182 Papiae
1701 1148 1782 1172 certe
1802 1147 1901 1172 aetate
1921 1140 2080 1181 posterior
2095 1147 2150 1171 est.
2172 1141 2308 1181 Nempe:
2327 1141 2406 1171 Pro—

1324 1186 1398 1217 tulit
1419 1196 1554 1227 grossos
1572 1196 1659 1224 suos,
1681 1186 1762 1217 idest
1773 1186 1915 1227 protulit
1922 1185 2014 1227 ficus
2032 1195 2122 1224 suas,
2142 1194 2226 1226 quae
2246 1185 2319 1216 licet
2341 1195 2405 1216 non

1323 1231 1388 1261 sint
1411 1236 1576 1269 maturae,
1601 1231 1659 1262 sed
1680 1232 1746 1262 sint
1767 1240 1906 1272 grossae
1929 1237 1987 1261 etc.
2011 1230 2053 1261 Et
2078 1239 2202 1271 cyprus
2225 1229 2403 1261 secundum

1322 1275 1467 1316 glossam
1495 1276 1601 1316 arbor·
1622 1281 1670 1307 est
1697 1277 1895 1313 aromatica,
1927 1275 2049 1307 habens
2075 1284 2183 1306 semen
2220 1274 2405 1306 candidum.

1323 1320 1365 1351 Et
1376 1320 1519 1362 fistula,
1548 1330 1605 1352 seu
1630 1322 1745 1352 cassia.
1778 1321 1819 1351 Et
1849 1329 1960 1351 comae
1986 1321 2056 1351 eius
2080 1320 2175 1361 quasi
2198 1319 2304 1350 elatae
2327 1319 2405 1360 pal—

1323 1372 1481 1403 marum,·
1508 1366 1584 1406 quia
1618 1371 1744 1397 erectae
1780 1370 1857 1396 sunt
1888 1365 2040 1405 superius
2076 1363 2260 1395 huiusmodi
2294 1372 2407 1395 comae

1323 1410 1407 1440 sicut
1423 1410 1567 1450 palmae.

1390 1454 1535 1494 Dignum
1553 1464 1629 1485 vero
1649 1453 1934 1492 animadversione,
1950 1453 2041 1494 quod
2059 1453 2099 1488 ab
2119 1453 2187 1484 aliis
2206 1452 2405 1494 praetermis-

1323 1508 1397 1529 sum
1428 1498 1567 1530 videtur:
1601 1499 1880 1540 quemadmodum
1913 1497 2173 1529 Commentarius
2206 1498 2239 1528 in
2273 1497 2405 1530 Cantica

1323 1543 1410 1583 apud
1443 1543 1602 1574 Isidorum
1629 1544 1854 1584 Hispalensem
1883 1542 1962 1573 nihil
1986 1542 2073 1574 aliud
2096 1549 2143 1574 est
2172 1552 2272 1584 quam
2295 1552 2404 1584 pressa

1323 1594 1354 1618 et
1382 1587 1632 1619 contractissima
1660 1589 1800 1629 epitome
1825 1587 2074 1626 Commentarii,
2102 1587 2159 1629 qui
2183 1587 2242 1618 sub
2270 1587 2404 1618 nomine

1323 1632 1507 1664 Cassiodori
1537 1639 1567 1664 et
1591 1633 1772 1674 Haymonis
1802 1639 1833 1663 et
1851 1631 2012 1663 Brunonis
2036 1642 2072 1663 ac
2097 1631 2247 1662 Thomae
2266 1637 2404 1672 prostat3

1322 1677 1365 1708 ita
1384 1677 1470 1708 hunc
1494 1677 1539 1708 nil
1558 1677 1645 1708 aliud
1669 1677 1735 1708 sine
1755 1677 1854 1708 dubio
1874 1687 1952 1715 esse,
1973 1686 2073 1718 quam
2091 1676 2255 1717 epitomen
2274 1675 2404 1708 fusioris

1321 1721 1467 1753 laudatae
1483 1722 1701 1763 expositionis,
1717 1733 1799 1764 quae
1809 1722 1931 1753 Bedam
1945 1722 2040 1752 habet
2063 1727 2238 1752 auctorem.
2255 1720 2336 1752 Satis
2350 1730 2404 1752 me

1323 1773 1403 1807 puto
1427 1766 1598 1797 lectoribus
1622 1767 1792 1806 facturum,
1811 1767 1836 1798 si
1860 1776 1963 1807 pauca
1986 1760 2143 1797 nonnulla
2157 1765 2294 1806 exempli
2309 1775 2404 1797 causa

1322 1812 1393 1842 loca
1416 1811 1593 1850 subiiciam,
1619 1819 1739 1843 caetera
1758 1812 1834 1853 ipsis
1849 1820 1996 1852 quaeque
2011 1810 2122 1841 omnia
2136 1810 2274 1851 propriis
2289 1810 2402 1850 oculis,

1321 1856 1463 1897 initaque
1480 1856 1646 1898 utriusque
1662 1856 1895 1888 Commentarii
1916 1855 2097 1895 collatione,
2118 1855 2338 1896 exploraturis.

1350 1945 1442 1977 Inter
1460 1955 1559 1987 opera
1579 1955 1649 1978 ven.
1673 1946 1793 1978 Bedae.

1368 2048 1383 2063 ι
1400 2035 1575 2067 Osculetur
1587 2046 1637 2067 me
1651 2037 1761 2068 osculo
1771 2037 1838 2067 oris

1319 2080 1380 2112 sui.
1401 2080 1500 2118 Quod
1520 2088 1566 2112 est
1589 2089 1695 2122 aperte
1714 2081 1835 2112 dicere:

1320 2125 1464 2164 obsecro,
1487 2136 1554 2156 non
1570 2135 1695 2167 semper
1716 2126 1756 2156 ad
1780 2136 1832 2156 me

1320 2170 1532 2201 erudiendum
1567 2171 1709 2212 Angelos
1721 2194 1730 2209 ,
1766 2181 1833 2201 non

1318 2215 1493 2256 Prophetas
1505 2215 1648 2247 destinet:
1656 2215 1761 2247 veniat
1771 2215 1836 2246 iam

1318 2259 1492 2301 aliquando
1515 2260 1603 2301 ipse,
1628 2261 1684 2302 qui
1713 2259 1835 2292 tamdiu

1318 2304 1496 2346 promissus
1516 2312 1578 2344 est,
1593 2312 1624 2336 et
1642 2305 1837 2346 praesentiae

1318 2359 1394 2381 suae
1408 2350 1479 2381 luce
1500 2350 1668 2389 informen
1688 2360 1724 2381 ac
1738 2349 1836 2381 veluti

1317 2394 1467 2426 osculum
1482 2394 1627 2434 offerens,
1635 2395 1767 2436 proprio
1783 2404 1835 2425 me

1317 2449 1372 2470 ore
1383 2439 1566 2481 alloquens,
1580 2439 1738 2471 confortet
1753 2446 1834 2471 etc...

1320 2483 1494 2515 osculetur
1504 2494 1554 2516 me
1563 2485 1673 2516 osculo
1687 2486 1755 2516 oris
1763 2485 1815 2516 sui
1820 2492 1833 2522 ;

1316 2528 1398 2560 idest
1412 2529 1479 2570 ipse
1495 2529 1574 2560 mihi
1589 2530 1675 2560 dona
1690 2539 1765 2560 suae
1778 2530 1834 2560 do-

1318 2573 1433 2604 ctrinae
1457 2573 1665 2615 impertiatur.
1691 2575 1833 2615 Repente

1317 2618 1357 2648 ad
1371 2618 1490 2659 ipsum,
1501 2619 1592 2650 cuius
1608 2619 1764 2650 desiderio
1779 2618 1833 2650 fla-

1316 2663 1435 2703 grabat,
1451 2664 1545 2694 verba
1560 2671 1747 2695 convertens
1762 2664 1835 2695 sub-

1317 2706 1376 2738 di't:
1396 2707 1482 2745 Quia
1498 2708 1633 2739 meliora
1647 2714 1724 2739 sunt
1734 2709 1834 2739 ubera

1317 2757 1373 2783 tua
1398 2754 1482 2783 vino.
1518 2755 1565 2783 Ac
1587 2752 1612 2783 si
1632 2760 1774 2794 patenter
1789 2752 1834 2783 di-

1317 2803 1414 2828 ceret:
1440 2797 1515 2828 Ideo
1535 2804 1565 2828 te
1585 2797 1750 2836 advenire,
1773 2797 1836 2828 tuis

1317 2841 1419 2872 oculis
1447 2841 1577 2873 recreari
1607 2842 1724 2883 cupio,
1759 2841 1836 2884 quia

1317 2892 1390 2917 tuae
1407 2886 1543 2917 dulcedo
1554 2886 1747 2927 praesentiae
1759 2897 1834 2918 cun-

1317 2930 1373 2962 ctis
1384 2931 1673 2972 incomparabiliter
1686 2931 1741 2970 eis,
1752 2941 1835 2973 quae

1317 2985 1373 3016 per
1403 2986 1575 3016 praecones
1603 2976 1757 3007 adventus
1787 2975 1834 3007 tui

1317 3020 1450 3059 misisti,
1479 3020 1666 3052 muneribus
1699 3020 1834 3052 antecel-

1316 3064 1361 3096 lit.
1391 3065 1504 3096 Vinum
1529 3065 1650 3107 quippe
1677 3065 1835 3096 fervorem

1317 3109 1464 3141 scientiae
1488 3110 1607 3150 legalis,
1634 3110 1734 3142 ubera
1758 3119 1834 3141 vero

1317 3153 1393 3185 dicit
1423 3154 1603 3186 rudimenta
1627 3154 1835 3195 Evangelicae

1317 3198 1389 3229 fidei
1404 3211 1418 3226 »
1446 3206 1504 3231 etc.

1930 1944 2022 1976 Inter
2045 1954 2144 1986 opera
2171 1943 2359 1975 Cassiodori

2036 1994 2066 2020 et
2094 1989 2243 2020 Thomae.

1932 2047 1947 2063 «
1964 2034 2138 2066 Osculetur
2147 2043 2198 2065 me
2211 2033 2320 2065 osculo
2334 2034 2403 2066 oris

1882 2080 1944 2111 sui.
1959 2079 2031 2111 Vox
2051 2085 2097 2110 est
2114 2078 2301 2120 Synagogae
2320 2078 2401 2110 desi-

1878 2123 2015 2155 derantis
2049 2122 2167 2155 Christi
2203 2124 2400 2163 adventum;

1880 2169 1972 2211 quasi
1988 2168 2113 2199 diceret:
2125 2167 2237 2199 Toties
2253 2167 2334 2199 mihi
2347 2167 2403 2200 ad-

1882 2221 2016 2245 ventum
2044 2222 2142 2244 suum
2170 2212 2319 2254 promisit
2345 2222 2403 2254 per

1883 2259 2075 2300 Prophetas:
2095 2257 2201 2289 veniat
2228 2267 2304 2299 ergo
2336 2257 2403 2289 iam

1884 2310 1914 2335 et
1937 2303 2102 2335 osculetur
2127 2312 2178 2333 me
2200 2303 2310 2334 osculo
2333 2303 2403 2335 oris

1882 2349 1945 2387 sui,
1967 2348 2055 2385 idest?
2067 2356 2124 2388 per
2143 2357 2176 2378 se
2193 2347 2302 2389 ipsum
2319 2346 2401 2378 mihi

1881 2393 2042 2435 loquatur.
2057 2404 2071 2420 ι

1929 2586 1944 2602 ι
1957 2574 2100 2614 Repente
2122 2572 2163 2603 ad
2178 2571 2298 2613 ipsum,
2309 2570 2401 2604 cuius

1881 2617 2037 2649 desiderio
2049 2617 2209 2658 flagrabat,
2217 2617 2312 2648 verba
2324 2626 2399 2648 eon-

1882 2669 2006 2694 vertens
2020 2662 2143 2693 subdit:
2163 2661 2249 2699 Quia
2264 2660 2400 2693 meliora

1884 2713 1961 2739 sunt
1984 2707 2084 2738 ubera
2108 2711 2165 2737 tua
2188 2706 2273 2738 vino.
2285 2718 2302 2734 ι

1930 2989 1944 3004 α
1962 2975 2021 3006 Per
2052 2975 2151 3006 ubera
2182 2974 2300 3007 Christi
2329 2975 2399 3008 dul-

1881 3020 1960 3051 cedo
1992 3020 2155 3060 Evangelii
2188 3019 2375 3061 intelligitur
2389 3042 2399 3060 ,

1881 3064 1957 3106 quia
1978 3075 2018 3096 eo
2041 3065 2139 3096 veluti
2161 3065 2242 3096 lacte
2261 3064 2400 3097 nutritur

1880 3109 2012 3140 infantia
2037 3109 2244 3141 credentium.
2284 3109 2397 3141 Vinum

1881 3160 1990 3185 autem
2014 3153 2168 3194 significat
2183 3153 2398 3186 austeritatem

1879 3198 1957 3239 legis
1975 3211 1990 3226 »
2017 3206 2075 3230 etc.

1385 3266 1441 3296 Illa
1463 3266 1497 3297 in
1521 3266 1764 3298 Commentario
1788 3266 1892 3297 Bedae
1915 3267 2020 3305 verba,
2045 3267 2119 3298 Non
2138 3275 2266 3308 semper
2283 3265 2328 3297 ad
2345 3275 2396 3296 me

1317 3310 1528 3342 erudiendum
1552 3311 1726 3352 Angelos..
1738 3333 1746 3342 .
1766 3311 1913 3349 destinet,
1939 3311 2013 3342 satis
2033 3311 2203 3343 manifesto
2223 3309 2303 3341 mihi
2321 3316 2396 3341 sunt

1317 3353 1446 3393 indicio,
1471 3365 1508 3386 ex
1526 3356 1585 3387 hac
1609 3356 1721 3386 eadem
1739 3355 1843 3386 Bedae
1863 3355 2062 3396 expositione
2081 3362 2112 3387 et
2130 3355 2222 3386 illum
2241 3353 2396 3396 prodiisse

1317 3398 1612 3439 Commentarium,
1642 3409 1739 3442 quem
1767 3399 1800 3430 in
1833 3400 1943 3431 codice
1980 3410 2039 3431 ms.
2065 3399 2243 3431 Sorbonico
2271 3398 2395 3439 legebat

1316 3442 1490 3483 Echardus,
1502 3444 1717 3486 incipientem:
1728 3444 1824 3476 Haec
1843 3449 1890 3476 est
1905 3454 1968 3476 vox
1978 3444 2192 3486 Synagogae,
2203 3452 2287 3485 quae
2299 3442 2392 3474 Chri-

1315 3492 1399 3518 stum
1425 3494 1596 3520 venturum
1621 3490 1654 3520 in
1678 3489 1834 3520 mundum
1858 3489 2018 3520 didicerat
2039 3489 2080 3520 ab
2102 3488 2247 3530 Angelis.

1364 3569 1378 3583 α
1401 3541 1605 3598 Fragrantia
1652 3559 1828 3598 unguentis
1921 3570 1936 3586 α
1950 3557 2152 3598 Fragrantia
2169 3556 2346 3597 unguentis
2360 3565 2394 3587 o-

1315 3601 1452 3640 optimis.
1500 3601 1671 3641 Unguenta
1710 3601 1833 3642 optima
1872 3602 1994 3642 ptimis.
2024 3601 2194 3640 Unguenta
2214 3600 2300 3630 dona
2319 3606 2394 3631 sunt

1316 3651 1390 3674 sunt
1422 3644 1508 3675 dona
1540 3645 1674 3685 Spiritus
1714 3645 1828 3684 sancti,
1875 3645 2011 3686 Spiritus
2055 3643 2171 3682 sancti;
2209 3644 2259 3675 vel
2296 3644 2392 3676 etiam
