2548 4192
177 245 248 270 CXC

830 477 1476 544 DISSERTATIO
1530 483 1727 546 XIII.

180 642 247 682 De
276 641 463 682 Summa
490 639 786 691 Theologica,
814 641 1010 691 genuino
1045 642 1388 694 certissimoque
1417 647 1568 687 sancti
1601 646 1807 689 Th0mae
1839 650 2083 700 Aquinatis
2112 652 2280 703 opere,
2309 656 2381 695 ad·

260 719 427 747 versus
459 707 678 747 Ioannem
711 707 961 747 Launoium
995 710 1041 747 et
1074 708 1255 749 Petrum
1289 711 1343 750 de
1376 711 1499 752 Alva
1533 716 1580 753 et
1613 714 1841 765 Astorga:
1874 717 2016 767 deque
2052 718 2380 770 Supplemento

258 772 440 813 Tertiae
474 773 643 823 partis:
678 785 732 813 ac
768 774 904 813 etiam
931 777 1152 824 tempore,
1181 787 1269 825 quo
1303 777 1419 816 idem
1453 777 1582 828 Opus
1619 781 1899 823 elucubravit
1927 783 2134 834 Aquinas
2146 798 2158 834 ;
2193 787 2380 838 eiusque

260 839 475 879 versione
505 838 698 888 Graeca,
725 840 969 880 Armenica
997 841 1200 891 aliisque.

584 1203 781 1241 CAPUT
811 1205 838 1241 Ι.

173 1316 296 1349 Imperita
315 1316 418 1342 loannis
437 1317 545 1342 Launoii
570 1326 686 1344 censura.
714 1319 810 1344 Natalis
828 1320 966 1345 Alexandri
991 1326 1017 1346 et
1035 1322 1118 1346 lacobi
1137 1322 1246 1348 Echardi

244 1352 403 1384 apologetica
418 1353 521 1386 scripta.
535 1354 657 1386 Aquinati
674 1355 810 1379 Summam
825 1355 983 1388 Theologiae
1002 1357 1146 1382 adiudicant
1160 1358 1246 1383 Ptolo-

245 1395 344 1448 giigfipase
345 1441 352 1448 Ι
361 1388 393 1413 de
412 1388 483 1413 Luca
507 1394 532 1414 et
554 1389 768 1415 Bartholomaeus
787 1390 944 1423 Logotheta,
962 1392 1156 1417 Protonomrius
1174 1394 1246 1426 regni

447 1595 454 1605 ,
468 1566 479 1598 .Ῐ
511 1567 621 1607 Opus,
641 1568 730 1608 quod
745 1568 899 1608 Angelico
922 1568 1120 1608 Praeceptori
1144 1569 1242 1599 maxi-

451 1609 460 1620 ''
510 1621 597 1641 mam
616 1612 702 1652 apud
718 1622 831 1643 omnes
847 1612 1005 1643 christiani
1020 1613 1105 1643 orbis
1126 1613 1246 1644 Acade—

439 1672 447 1679 κ
475 1658 487 1691 ᾖ*
509 1656 588 1686 mias
603 1666 780 1698 omnesque
794 1667 898 1687 sacrae
908 1657 1088 1697 theologiae
1103 1657 1245 1688 addictos

450 1712 454 1723 ·
492 1700 610 1740 viros,
628 1701 848 1732 auctoritatem
863 1701 1053 1740 conciliavit,
1068 1702 1167 1732 veluti
1187 1703 1245 1733 du-

493 1743 598 1775 bium
622 1745 746 1777 foetum
765 1743 855 1788 (quis
875 1744 1050 1789 crederet?)
1065 1746 1246 1777 habuerunt

487 1790 672 1829 nonnulli,
701 1790 872 1831 plagioque
902 1790 1071 1821 manifesto
1097 1801 1134 1821 ex
1159 1798 1246 1832 parte

171 1834 359 1866 defloratum
388 1845 425 1866 ex
444 1835 580 1865 aliorum
600 1834 873 1865 lucubrationibus
897 1841 1050 1875 putarunt
1068 1835 1130 1866 alii.
1155 1836 1245 1866 Ioan-

170 1889 226 1910 nes
248 1880 430 1918 Launoius,
452 1889 556 1910 sacrae
575 1878 731 1910 facultatis
755 1879 936 1910 Parisiensis
956 1879 1114 1919 magister,
1134 1880 1246 1911 Socius

169 1924 376 1963 Navarricus,
409 1923 605 1964 opusculum
634 1924 770 1954 Parisiis
796 1923 894 1954 edidit
920 1934 1008 1955 anno
1029 1923 1111 1964 1675
1138 1924 1246 1955 inscri-

170 1975 274 2008 ptum,
295 1969 484 1999 Veneranda
507 1969 675 1999 Romanae
694 1968 861 1999 Ecclesiae
881 1969 967 1999 circa
984 1970 1152 1999 simoniam
1178 1974 1245 2000 tra-

170 2013 258 2051 ditio,
277 2014 363 2054 apud
383 2013 514 2043 viduam
533 2012 695 2043 Edmundi
718 2012 843 2043 Martini
864 2012 896 2042 in
917 2012 954 2050 8,
976 2013 1030 2043 ubi
1047 2023 1115 2054 cap.
1135 2024 1198 2043 Lvn
1212 2013 1246 2044 in

172 2057 401 2089 Observatione
420 2064 530 2088 octava
545 2057 733 2087 sententiam
753 2067 788 2087 ac
806 2057 901 2087 verba
920 2057 983 2087 divi
1003 2057 1150 2088 Thomae
1170 2058 1244 2088 alle-

169 2108 319 2141 gaturus:
343 2103 465 2133 Beatus
493 2102 641 2139 Thomas,
662 2101 787 2142 inquit5
804 2102 854 2132 vel
876 2101 962 2132 alius
984 2103 1056 2142 quis
1074 2102 1132 2133 sub
1156 2103 1244 2133 illius

170 2147 307 2177 nomine.
332 2147 420 2177 Tum
439 2153 580 2177 mentem
600 2155 691 2176 suam
714 2145 922 2186 criticumque
941 2146 1097 2177 iudicium
1118 2147 1245 2186 prodit:

167 2190 271 2221 Porro
290 2196 409 2228 autem,
427 2190 585 2231 inquiens,
607 2190 677 2220 dixi
700 2188 829 2231 (beatus
853 2191 990 2221 Thomas
1011 2191 1061 2221 vel
1074 2191 1160 2222 alius
1173 2192 1245 2232 quis

167 2234 226 2265 sub
257 2236 326 2266 eius
357 2236 484 2266 nomine
485 2234 528 2277 ).·
557 2235 632 2275 quia
663 2240 699 2265 ut
729 2234 763 2265 id
792 2234 930 2265 dicerem
959 2234 1064 2276 effecit
1095 2235 1244 2267 Clemens

167 2279 257 2319 Papa
285 2280 331 2310 VI
351 2281 383 2310 in
407 2289 570 2316 sermone,
596 2288 689 2320 quem
713 2279 753 2309 de
783 2279 873 2310 beato
902 2279 1022 2310 Thoma
1046 2289 1158 2311 recens
1182 2290 1242 2311 nu-

167 2333 256 2354 mero
282 2324 440 2355 Caelitum
464 2324 626 2364 adscripto
649 2323 770 2354 habuit.
794 2323 905 2354 Petrus
932 2323 1088 2364 Rogerius
1112 2322 1243 2366 (postea

168 2366 319 2399 Clemens
338 2369 380 2399 VI
398 2369 515 2399 electus
531 2368 697 2398 Avenione
714 2367 763 2398 die
780 2378 800 2408 7
820 2368 895 2398 maii
915 2368 989 2398 anni
1010 2369 1091 2408 ¹34²
1112 2369 1241 2399 eodem-

167 2421 231 2452 que
254 2422 338 2442 anno
362 2413 526 2443 redimitus
551 2423 669 2443 corona
684 2412 717 2442 in
733 2412 863 2443 aedibus
887 2412 981 2443 sacris
1000 2412 1133 2444 fratrum
1148 2413 1239 2444 Prae-

168 2455 345 2487 dicatorum
374 2457 648 2488 Avenionensium
680 2457 730 2487 die
755 2467 791 2497 19
814 2457 956 2487 eiusdem
976 2456 1081 2500 maii),
1112 2457 1145 2488 in
1172 2458 1241 2498 ipsa

168 2500 303 2531 solemni
328 2511 431 2532 sacrae
450 2501 661 2541 apotheoseos
678 2501 728 2531 die
743 2511 924 2531 sermonem
947 2501 1058 2532 habuit
1081 2502 1120 2532 de
1139 2502 1239 2533 laudi·

168 2544 228 2575 bus
245 2545 325 2576 beati
344 2546 490 2576 Thomae
504 2555 611 2576 coram
628 2546 745 2576 Ioanne
755 2546 826 2576 XXI
844 2545 929 2576 dicto
944 2546 1136 2584 xxu‚ann0
1156 2547 1237 2578 1323

170 2599 278 2619 mense
302 2590 390 2620 iulio.
416 2590 527 2630 Incipit
550 2589 600 2621 hic
625 2599 740 2628 sermo,
766 2590 821 2620 Vir
842 2590 906 2620 Dei
929 2599 962 2620 es
986 2596 1019 2621 tu
1042 2597 1100 2621 etc.
1120 2600 1187 2632 quo
1207 2597 1239 2622 et

168 2643 228 2664 nos
247 2633 398 2665 hactenus
413 2634 462 2665 usi
482 2644 594 2665 sumus
613 2634 751 2674 genuina
763 2633 930 2674 Aquinatis
950 2634 1056 2674 Opera
1075 2644 1237 2666 recensen-

167 2684 213 2708 tes
237 2688 272 2709 ac
295 2678 488 2709 vindicantes
511 2679 545 2709 in
569 2678 784 2718 superioribus
808 2678 1098 2709 Dissertationibus.

233 2722 282 2753 Eo
293 2723 326 2753 in
337 2733 483 2754 sermone
493 2723 658 2754 Summam
679 2723 903 2763 Theologicam
925 2723 1133 2763 Tripartitam
1144 2723 1237 2754 aRo-

164 2766 251 2806 gerio
280 2768 532 2808 praetermissam
561 2767 749 2798 existimavit
772 2767 951 2797 Launoius:
981 2767 1118 2808 indeque
1146 2777 1236 2807 argu-

164 2818 271 2842 menta
294 2812 428 2852 promit,
448 2821 530 2853 quae
554 2818 747 2853 sequuntur,
767 2818 803 2842 ut
826 2811 918 2852 Opus
942 2811 1021 2842 illud
1045 2811 1077 2841 in
1102 2811 1237 2842 dubium

164 2862 299 2887 revocet.
330 2867 355 2887 1.
376 2870 390 2885 α
403 2856 593 2894 Quomodo,
613 2857 731 2896 inquit,
753 2855 845 2896 Opus
869 2862 935 2886 tam
958 2856 1090 2896 grande,
1113 2855 1138 2886 si
1155 2856 1236 2887 beati

166 2912 181 2927 »
202 2900 349 2931 Thomae
368 2901 473 2932 foetus
495 2907 552 2938 est,
572 2900 679 2940 fugere
703 2900 809 2940 potuit
832 2899 1006 2931 Clementis
1029 2899 1235 2940 diligentiam,

166 2956 181 2971 ιν
201 2944 257 2985 qui
286 2945 344 2975 sibi
373 2945 509 2986 sumpsit
533 2945 706 2976 Doctoretn
730 2951 874 2975 sanctum
898 2955 916 2975 a
939 2944 1127 2983 Librorum,
1152 2954 1235 2985 quos

167 3001 181 3015 »
201 2989 308 3027 edidit,
328 2990 532 3021 multitudine
552 2986 701 3020 laudare?
725 2989 901 3027 Quomodo
921 2995 987 3019 tam
1005 2989 1127 3029 insigne
1143 2988 1235 3029 Opus

166 3045 180 3060 »
201 3034 467 3073 praetermisisset,
484 3033 538 3075 qui
559 3040 607 3064 tot
626 3033 750 3064 minuta
769 3033 924 3073 opuscula
943 3031 1101 3064 recenset?
1126 3043 1155 3064 2.
1173 3033 1234 3064 De-

166 3090 181 3104 »
201 3077 273 3107 inde
297 3078 445 3109 Clemens
468 3077 650 3109 Parisiensis
674 3084 738 3108 erat
761 3077 950 3117 theologus,
970 3078 1063 3108 beato
1087 3077 1235 3108 Thomae

166 3134 181 3149 »
201 3128 300 3152 aetate
319 3133 437 3163 suppar
459 3129 490 3154 et
513 3122 619 3153 forsan
643 3128 736 3153 natus
759 3128 931 3163 antequam
949 3122 1094 3152 Thomas
1113 3122 1152 3152 de
1170 3121 1234 3152 vita

166 3179 181 3193 ›
202 3165 379 3198 decederet:
405 3174 435 3198 et
458 3177 528 3198 earn
552 3167 594 3198 ob
619 3176 747 3197 causam
771 3166 859 3197 facile
889 3176 982 3197 nosse
1011 3166 1131 3206 potuit,
1151 3176 1233 3207 quae

165 3223 180 3238 »
201 3210 344 3241 Thomas
359 3211 465 3252 Opera
476 3211 701 3251 conscripserat
711 3217 742 3242 et
756 3221 831 3242 cum
850 3210 959 3251 primis
974 3211 1138 3241 Summam
1163 3211 1232 3240 Tri-

165 3267 180 3282 »
193 3256 368 3294 partitam,
389 3266 470 3297 quae
494 3256 532 3286 ab
557 3265 595 3286 eo
619 3256 677 3286 sub
701 3262 841 3286 extremo
868 3254 950 3286 vitae
978 3261 1122 3295 tempore
1150 3254 1232 3286 edita

165 3312 180 3326 »
200 3298 324 3330 fuisset:
348 3301 375 3331 3.
387 3301 475 3331 Tum
496 3299 641 3331 credibile
660 3309 725 3330 non
750 3306 796 3330 est
813 3299 1012 3331 Clementem
1032 3309 1133 3340 usque
1151 3299 1231 3330 adeo

164 3356 179 3371 κ»
203 3351 384 3375 accuratum
408 3345 579 3375 Librorum
597 3344 744 3374 Thomae
767 3344 901 3375 texuisse
925 3344 1104 3384 catalogum
1119 3343 1230 3375 incon-

165 3401 179 3415 »
199 3388 288 3419 sultis
312 3389 541 3427 Dominicanis,
561 3399 579 3419 a
598 3388 714 3430 quibus
733 3388 811 3429 quin
830 3388 957 3419 adiutus
982 3388 1075 3419 fuerit
1097 3387 1148 3419 vix
1172 3388 1229 3418 du-

163 3445 179 3460 »
198 3432 286 3462 bitari
303 3440 418 3473 potest.
437 3433 626 3465 Omisissent
641 3443 680 3463 ne
695 3433 872 3471 Summam,
889 3432 914 3463 si
930 3433 1006 3463 haec
1024 3432 1105 3463 inter
1123 3432 1230 3473 Opera

164 3488 179 3504 ›
200 3476 283 3507 illius
316 3484 391 3508 tnnc
419 3476 589 3509 extitisset?
616 3487 647 3517 4.
668 3478 835 3508 Postremo
868 3487 934 3507 non
962 3477 1094 3507 memini
1126 3477 1228 3517 legere

164 3533 179 3547 »
199 3530 261 3558 me,
281 3521 387 3559 fuisse,
406 3522 461 3562 qui
485 3529 560 3553 tunc
580 3522 779 3553 Clementem
795 3522 834 3552 de
853 3521 1038 3562 imperfecto
1058 3521 1228 3552 Librorum

164 3578 180 3591 a·
199 3564 344 3595 Thomae
363 3566 506 3606 catalogo
525 3566 723 3597 accusaverit.
743 3569 918 3596 Accusatus
937 3572 1018 3596 esset
1033 3565 1100 3596 sine
1117 3565 1228 3604 dubio,

166 3620 180 3634 ι
200 3607 274 3648 quia
289 3608 484 3640 intoleranda
500 3610 609 3641 fuisset
622 3610 796 3641 Clementis
812 3609 1015 3650 negligentia:
1039 3611 1067 3640 5.
1082 3610 1157 3640 Non
1175 3620 1228 3640 me

1304 1220 1318 1235 w
1337 1207 1428 1246 latet,
1452 1208 1485 1239 in
1509 1209 1703 1250 praefatione
1727 1211 1883 1242 librorum
1906 1212 2049 1244 Durandi
2073 1224 2168 1255 super
2191 1215 2380 1257 Sententias,

1304 1264 1318 1279 ¹>
1338 1252 1491 1284 Summae
1505 1254 1703 1285 mentionem
1717 1255 1784 1286 fieri
1804 1266 1940 1298 eamque
1954 1257 2051 1289 citari.
2074 1258 2137 1290 Sed
2151 1270 2218 1290 non
2230 1271 2283 1292 me
2296 1272 2377 1302 quo-

1304 1309 1318 1324 »
1338 1307 1401 1337 que
1424 1297 1499 1329 latet
1522 1298 1666 1330 Durandi
1690 1301 1723 1330 in
1748 1300 1931 1333 Sententias
1953 1311 2020 1333 esse
2049 1303 2163 1344 scripta
2187 1305 2269 1344 duo,
2296 1317 2380 1347 quae

1304 1353 1318 1368 »
1338 1349 1459 1373 exstant
1481 1343 1514 1373 in
1538 1343 1730 1375 bibliotheca
1759 1346 1905 1376 coenobii
1937 1347 2036 1378 sancti
2060 1347 2196 1379 Victoris
2223 1350 2264 1380 ad
2282 1351 2378 1382 Lute-

1304 1397 1318 1412 »
1338 1386 1425 1416 tiam.
1447 1387 1483 1417 In
1497 1387 1614 1428 scripto
1630 1389 1728 1429 priori
1745 1390 1833 1420 nulla
1849 1397 1895 1421 est
1910 1390 2080 1431 praefatio:
2097 1392 2130 1423 in
2147 1394 2315 1433 posteriori
2330 1402 2378 1427 est

1303 1442 1318 1457 z·
1338 1430 1502 1470 praefatio,
1522 1442 1604 1472 quae
1628 1433 1755 1464 alterius
1780 1444 1846 1465 esse
1870 1442 1986 1475 potest,
2006 1446 2105 1477 quam
2125 1437 2281 1477 Durandi,
2302 1449 2379 1471 cum

1303 1486 1318 1501 »
1337 1484 1375 1504 ex
1391 1475 1469 1514 aliis,
1481 1483 1552 1506 tum
1568 1486 1605 1507 ex
1624 1487 1663 1508 eo
1682 1488 1825 1520 quoque,
1835 1480 1926 1520 quod
1943 1480 1977 1510 in
1990 1480 2052 1511 illis
2072 1481 2194 1522 scriptis
2210 1482 2377 1515 Summam

1303 1531 1318 1545 »
1337 1519 1529 1550 nominatim
1551 1521 1733 1553 meminerit
1755 1533 1926 1564 nusquam,
1947 1524 2070 1555 etiamsi
2092 1526 2240 1558 Thomae
2262 1528 2378 1568 placita

1303 1575 1317 1590 >
1337 1563 1456 1603 passim
1479 1564 1610 1596 refellat.
1639 1565 1762 1597 Deinde
1786 1567 1812 1598 si
1835 1568 1979 1601 Durandi
2003 1576 2100 1609 esset,
2121 1570 2275 1602 diceretur
2297 1573 2376 1604 veri-

1302 1620 1317 1634 »
1335 1607 1479 1639 similiter
1501 1619 1605 1640 unum
1618 1610 1669 1640 vel
1683 1610 1790 1650 plures
1809 1611 1917 1651 fuisse,
1932 1613 1988 1654 qui
2002 1613 2109 1645 statim
2123 1621 2218 1656 atque
2231 1616 2379 1648 Thomas

1302 1664 1317 1679 2>
1335 1652 1369 1683 in
1393 1652 1584 1684 Sanctorum
1606 1664 1780 1686 numerum
1803 1656 1919 1687 relatus
1943 1663 2005 1695 est,
2030 1658 2196 1690 Summam
2221 1669 2259 1690 ex
2281 1660 2375 1692 variis

1302 1709 1316 1724 »
1336 1697 1419 1728 beati
1442 1698 1590 1728 Thomae
1614 1698 1862 1731 Commentariis
1884 1700 1949 1731 iam
1973 1701 2188 1742 confecerant,
2208 1713 2284 1734 cum
2306 1705 2377 1736 Du-

1302 1753 1317 1768 »
1336 1741 1453 1773 raudus
1467 1742 1698 1783 praefationem
1714 1745 1881 1785 posteriori
1896 1745 2013 1786 scripto
2029 1746 2183 1779 adtexuit:
2203 1748 2378 1781 Durandua

1302 1797 1317 1813 x»
1336 1796 1412 1817 vero
1436 1786 1580 1818 relationi
1603 1788 1751 1819 Thomae
1769 1789 1803 1820 in
1822 1789 2014 1821 Sanctorum
2031 1801 2205 1823 numemm
2227 1793 2318 1824 annis
2337 1804 2377 1825 ιο

1301 1843 1316 1858 :u
1336 1831 1516 1871 supervixit.
1531 1844 1547 1859 »

1366 1875 1414 1906 Ex
1436 1875 1582 1915 silentio,
1606 1877 1696 1918 quod
1718 1877 1849 1909 Petrum
1872 1878 2068 1919 Rogerium,
2092 1886 2204 1920 postea
2227 1881 2376 1914 Clemen-

1299 1925 1365 1950 tem
1381 1919 1423 1951 Vl
1439 1920 1577 1951 tenuisse
1591 1928 1693 1961 putat,
1708 1922 1828 1962 colligit
1845 1923 2011 1954 Launoius
2040 1925 2264 1966 Tneologicam
2279 1926 2376 1958 Sum-

1299 1974 1396 2003 mam,
1413 1974 1496 2005 quae
1519 1972 1628 1997 sancto
1644 1966 1792 1997 Thomae
1815 1967 2006 2007 attribuitur,
2023 1969 2171 2000 nondum
2194 1970 2268 2000 anni
2290 1971 2372 2002 1323

1298 2018 1407 2039 mense
1430 2009 1530 2048 iulio,
1554 2020 1621 2052 quo
1649 2010 1815 2042 laudatum
1843 2012 1999 2052 Rogerius
2029 2012 2141 2044 habuit
2171 2023 2374 2055 sermonem,

1298 2053 1453 2093 prodiisse
1475 2054 1509 2084 in
1532 2055 1654 2086 lucem:
1673 2055 1892 2097 coniectatque
1910 2056 1968 2094 vir,
1986 2056 2115 2098 ingenio
2138 2068 2199 2089 suo
2213 2059 2375 2101 genioque

1297 2097 1476 2138 indulgens,
1501 2098 1582 2130 intra
1605 2099 1797 2130 decennium
1819 2099 1962 2139 fortasse,
1987 2102 2076 2142 quod
2102 2102 2201 2133 sancti
2224 2103 2374 2135 Doctoris

1297 2142 1499 2182 apotheosim
1523 2150 1697 2184 sequutum
1720 2150 1777 2182 est,
1795 2144 1888 2185 Opus
1904 2144 1984 2175 illud
2008 2146 2047 2176 ab
2071 2156 2137 2177 uno
2160 2147 2211 2177 vel
2230 2147 2376 2188 pluribus

1298 2187 1522 2218 consodalibus
1546 2198 1583 2218 ex
1606 2188 1698 2219 variis
1723 2189 1761 2219 ab
1786 2189 1901 2220 eodem
1925 2189 2116 2221 elucubratis
2137 2192 2376 2224 commentariis

1297 2238 1485 2271 congestum
1515 2233 1834 2274 consarcinatumque
1867 2233 1974 2264 fuisse.
2007 2234 2107 2266 Addit
2135 2245 2211 2266 vero
2240 2236 2376 2270 oblatio-

1297 2285 1383 2314 nem,
1406 2286 1465 2316 pro
1489 2286 1641 2317 germano
1666 2278 1813 2308 Thomae
1838 2277 1926 2309 foetu
1947 2278 2132 2310 habiturum
2155 2289 2189 2310 se
2217 2281 2374 2322 Triparti-

1296 2325 1361 2350 tam
1385 2320 1564 2359 Summam,
1585 2322 1611 2351 si
1630 2322 1784 2353 vetustior
1807 2322 1973 2354 Clemente
1992 2323 2034 2354 Vl
2055 2330 2086 2354 et
2108 2330 2181 2355 ante
2195 2334 2268 2356 ann.
2290 2326 2372 2358 1323

1296 2363 1441 2395 afferatur
1463 2365 1608 2406 scriptor,
1627 2366 1683 2407 qui
1708 2366 1853 2407 Operum
1877 2367 2025 2398 Thomae
2049 2366 2231 2409 catalogum
2254 2375 2374 2410 texens,

1295 2408 1461 2440 Summam
1486 2410 1514 2440 ei
1539 2411 1756 2451 adscripserit:
1784 2411 1968 2450 Caeterum,
1983 2412 2143 2454 inquiam,
2166 2414 2195 2444 si
2218 2415 2375 2446 vetustior

1298 2453 1461 2485 Clemente
1483 2456 1622 2495 scriptor
1647 2455 1789 2496 Operum
1814 2456 1954 2487 Thomae
1972 2457 2158 2498 catalogum
2183 2460 2371 2499 composuit,

1295 2499 1386 2539 eique
1399 2498 1565 2530 Summam
1581 2499 1707 2537 indidit,
1724 2501 1773 2531 illi
1780 2501 1901 2541 potius,
1916 2511 2012 2542 quam
2026 2501 2184 2533 Clementi
2197 2504 2370 2536 assentiar.

1362 2543 1453 2573 ll.1d
1475 2544 1559 2575 ultro
1584 2543 1726 2575 offerenti
1750 2545 1898 2576 Launoio
1923 2545 1996 2576 satis
2020 2552 2056 2577 ut
2080 2545 2194 2578 faceret
2215 2547 2274 2578 sibi
2298 2558 2372 2579 mu·

1293 2597 1354 2618 nus
1378 2587 1556 2629 adsumpsit
1579 2589 1698 2620 Natalis
1717 2589 1905 2628 Alexander,
1924 2600 2012 2621 anno
2031 2589 2109 2630 1675
2135 2601 2243 2622 mense
2267 2593 2368 2631 iunio,

1293 2641 1398 2662 novus
1421 2638 1498 2663 tunc
1520 2633 1723 2664 renunciatus
1739 2633 1920 2664 Parisiensis
1944 2634 2067 2673 doctor,
2088 2635 2174 2666 edito
2198 2636 2369 2676 opusculo,

1293 2675 1383 2716 quod
1405 2675 1602 2707 inscribitur:
1631 2677 1764 2708 Summa
1787 2679 1892 2708 sancti
1921 2678 2060 2709 Thomae
2083 2679 2246 2710 vindicata
2270 2685 2301 2710 et
2323 2681 2368 2711 ei-

1293 2720 1364 2750 dem
1387 2720 1545 2761 Angelico
1567 2721 1703 2752 Doctori
1734 2727 1871 2759 asserta,
1896 2727 2010 2752 contra
2036 2728 2283 2763 praeposteram
2314 2724 2368 2755 Io-

1292 2765 1389 2795 annis
1411 2764 1552 2795 Launoii
1566 2765 1760 2796 Parisiensis
1774 2765 1915 2807 theologi
1933 2766 2181 2798 dubitationem:
2204 2767 2277 2798 item
2293 2778 2367 2799 con-

1293 2813 1344 2839 tra
1377 2809 1588 2840 Launoianas
1620 2810 1707 2840 circa
1741 2810 1910 2840 simoniam
1947 2810 2185 2842 observationes
2219 2813 2367 2844 animad-

1293 2853 1416 2892 versio,
1440 2853 1585 2892 Parisiis,
1609 2853 1754 2884 Andreae
1783 2853 1951 2895 Cramoisy
1980 2855 2061 2896 1675
2086 2855 2120 2886 in
2149 2855 2180 2886 8.
2207 2855 2367 2888 Omnium

1291 2897 1406 2937 plausu
1431 2905 1577 2938 exceptae
1610 2897 1784 2929 doctissimi
1813 2898 1871 2929 viri
1901 2898 2056 2930 vindiciae
2080 2899 2218 2931 fuerunt.
2243 2903 2367 2933 Auctor

1290 2941 1528 2973 Dissertationis
1551 2942 1776 2980 Launoianae,
1796 2952 1879 2983 quae
1898 2949 1988 2974 tomo
2010 2943 2052 2975 1v
2076 2954 2213 2984 operum
2227 2945 2366 2977 Launoii

1290 2985 1438 3024 habetur,
1463 2986 1555 3017 refert
1582 2993 1670 3027 parte
1694 2987 1734 3017 111
1758 2987 2006 3027 Responsionem
2038 2988 2138 3029 ipsius
2162 2989 2301 3020 Launoii
2324 2990 2366 3021 ad

1290 3030 1458 3061 Alexandri
1482 3031 1677 3071 opusculum
1700 3031 1744 3062 ad
1762 3031 1881 3062 calcem
1895 3042 1982 3072 pene
1997 3033 2191 3073 perductam
2202 3033 2316 3074 fuisse
2333 3040 2366 3066 et

1279 3075 1379 3115 ‘prelo
1402 3076 1555 3106 committi
1577 3081 1732 3116 coeptam,
1753 3085 1825 3106 cum
1845 3082 1976 3116 repente
1998 3077 2108 3108 morbo
2127 3083 2294 3118 correptus
2309 3077 2364 3111 ille

1289 3119 1353 3150 vita
1375 3119 1502 3150 mortali
1518 3120 1664 3160 migravit
1686 3120 1736 3151 die
1759 3130 1796 3151 1o
1811 3120 1915 3151 martii
1945 3121 2037 3163 1678.
2055 3124 2107 3152 An
2131 3121 2208 3153 haee
2230 3132 2363 3164 respon-

1289 3163 1337 3194 sio
1367 3171 1490 3204 partem
1522 3164 1684 3195 dumtaxat
1710 3164 1797 3195 illam
1827 3165 1974 3205 opusculi
2007 3166 2046 3196 ab
2070 3166 2251 3197 Alexandro
2284 3176 2361 3198 con-

1289 3207 1404 3239 cinnati
1424 3208 1599 3249 impeteret,
1623 3208 1656 3239 in
1680 3219 1744 3249 qua
1766 3210 1925 3247 Armatus,
1953 3217 1988 3241 ut
2010 3217 2144 3249 vocant,
2167 3210 2238 3242 labe
2261 3210 2359 3241 simo-

1287 3252 1357 3282 niae
1387 3253 1566 3293 purgandas
1595 3253 1642 3283 vir
1669 3253 1782 3284 doctus
1811 3261 2007 3294 susceperat;
2031 3265 2071 3285 an
2104 3255 2235 3286 alteram
2265 3254 2361 3286 etiam

1286 3304 1424 3336 partem,
1445 3307 1527 3338 quae
1552 3298 1717 3328 Summam
1746 3298 1970 3339 Theologicam
1994 3299 2147 3340 Aquinati
2170 3298 2359 3338 vindicabat,

1286 3351 1352 3372 non
1376 3349 1509 3373 constat.
1527 3341 1684 3382 Opusculi
1701 3341 1750 3373 sui
1774 3342 1963 3383 exemplaria
1985 3353 2004 3374 a
2026 3343 2125 3383 longo
2149 3349 2293 3384 tempore
2311 3342 2357 3373 di-

1286 3392 1398 3417 stracta
1421 3396 1496 3417 cum
1519 3393 1632 3425 essent,
1654 3386 1792 3427 pretium
1816 3397 1932 3427 operae
1955 3387 2143 3418 existimavit
2168 3386 2360 3418 clarissimus

1285 3437 1415 3469 auctor,
1439 3430 1518 3462 illud
1542 3430 1650 3471 ipsum
1673 3432 1705 3461 in
1734 3441 1848 3462 novam
1862 3431 2013 3472 formam
2037 3431 2222 3469 redactum,
2252 3440 2357 3461 emen-

1284 3474 1406 3512 datum,
1432 3476 1524 3506 novis
1547 3476 1642 3506 etiam
1666 3480 1796 3506 auctum
1820 3475 2112 3513 observationibus,
2136 3475 2262 3506 selectis
2279 3474 2355 3506 Dis-

1283 3520 1510 3551 sertationibus
1526 3520 1558 3550 in
1574 3519 1756 3551 Historiam
1773 3520 2020 3551 ecclesiasticam
2034 3518 2128 3550 XIII
2141 3518 2274 3557 saeculi,
2291 3528 2355 3559 quo

1274 3563 1397 3603 floruit
1417 3565 1554 3595 Thomas
1577 3569 1607 3595 et
1629 3564 1863 3604 quartidecimi,
1880 3574 1944 3605 quo
1967 3565 1999 3595 in
2019 3563 2211 3594 Sanctorum
2231 3568 2355 3593 coetum

1283 3608 1407 3639 relatus
1429 3613 1496 3646 est,
1521 3609 1664 3639 inserere
1694 3613 1729 3639 ut
1761 3607 1805 3639 ad
1825 3613 1974 3648 posteros
1985 3606 2128 3649 facilius
2159 3607 2355 3638 transmitte-
