2788 4204
44 945 57 956 ⁸
69 950 100 966 Λο
121 949 168 966 non
183 947 259 965 recte:

43 970 218 1000 manifestavit.

45 1675 58 1696 ι’
71 1666 144 1706 um.
158 1672 182 1706 ὸ,

50 2321 62 2333 ·
66 2325 106 2342 m
110 2319 264 2343 :mee-idue.

51 2403 264 2431 'Ambe-tumel„

51 2436 104 2452 exc.
117 2436 157 2452 αι.
186 2457 188 2459 v

1084 261 1196 297 CAP.
1226 261 1316 306 XX,
1347 260 1498 296 LECT.
1526 260 1672 296 XXXII

343 342 492 369 smopsxs.
510 357 544 362 —
566 350 589 368 1.
604 341 816 377 Argumentum
837 345 865 367 et
885 338 988 366 divisio
1009 344 1110 365 textus.
1127 355 1144 359 -
1159 346 1186 365 2.
1209 338 1348 372 Quaestio

283 381 319 408 de
340 390 477 417 processu
500 380 529 408 in
551 380 695 408 infinitum
717 389 750 407 ex
771 385 850 415 parte
872 377 960 405 medii
984 377 1128 405 reducitur
1149 378 1186 405 ad
1204 377 1349 413 quaestio-

282 429 359 455 nem,
376 429 450 456 quae
465 427 598 448 movetur
613 420 648 447 de
663 418 805 452 extremis,
821 424 857 452 et,
873 426 906 444 ea
927 417 1031 450 soluta,
1047 416 1175 444 solvitur.
1198 416 1281 444 Ratio
1297 423 1348 451 est,

283 460 351 496 quia
361 469 422 488 non
437 466 560 496 possunt
573 468 636 487 esse
650 458 746 486 media
759 457 878 491 infinita,
887 456 910 483 si
926 456 1088 492 praedicata
1102 463 1163 483 tum
1179 456 1350 484 universalia

283 496 339 536 (iri
356 500 494 536 sursum)
516 506 578 527 tum
599 497 782 534 particularia
803 497 852 533 (in
882 497 1057 532 deorsum),
1079 505 1184 532 nempe
1213 502 1349 530 extrema,

282 549 344 567 non
366 546 432 566 sunt
457 538 576 566 infinita.
593 554 612 558 —
628 538 653 564 3.
670 537 812 564 Probatur
840 542 995 563 assertum:
1019 544 1087 562 nam
1116 536 1184 562 dato
1213 544 1349 571 supremo

283 579 458 615 praedicato,
474 577 571 605 media
591 577 621 604 in
643 576 846 603 descendendo
862 584 923 602 non
944 581 1067 611 possunt
1081 584 1143 602 esse
1159 574 1278 608 infinita,
1295 574 1349 602 nisi

283 624 465 654 supponatur
485 617 566 653 quod
587 625 648 643 non
670 616 753 642 detur
774 615 924 649 ultimum,
947 623 998 642 seu
1019 614 1151 642 infimum
1174 614 1350 648 subiectum;

260 656 263 659 ’
283 658 435 690 viceversa,
451 657 519 684 dato
534 655 635 683 infimo
650 654 790 689 subiecto,
801 654 896 682 media
911 654 941 682 in
955 654 1139 682 ascendendo
1155 663 1215 681 non
1230 661 1352 689 possunt

285 706 347 724 esse
369 695 488 730 infinita,
511 695 565 722 nisi
587 701 767 730 supponatur
789 695 869 730 quod
891 703 951 722 non
973 694 1058 721 detur
1079 694 1215 729 primum,
1231 703 1282 722 seu
1304 703 1352 721 su«

284 730 417 772 premum
439 734 645 771 praedicatum.
662 751 680 755 -
694 743 722 768 4.
738 733 871 761 Obiectio
893 734 928 761 de
950 733 1047 761 medio
1070 733 1143 761 inter
1162 742 1352 769 quoscunque

284 774 424 802 terminos
445 775 524 802 dato.
540 790 558 795 -
576 775 601 801 5.
617 775 697 801 Haec
724 773 849 801 obiectio
871 783 932 801 non
951 779 994 801 est
1018 774 1055 801 ad
1070 773 1262 809 propositum.
1278 775 1352 800 Nam

285 814 343 843 sive
365 814 461 842 media
481 813 695 850 coniungantur
720 813 887 841 immediate
908 813 967 841 sive
994 813 1118 841 mediate
1139 813 1216 848 aliis,
1239 822 1352 849 semper

432 946 443 958 .
491 940 500 949 ·
520 929 538 954 -“
554 931 730 971 ostquam
760 906 1016 971 Philosophus
1040 923 1163 959 movit
1192 923 1211 943 ἢ
1231 934 1353 981 'quae—

381 938 384 940 .
421 953 424 960 ι
436 933 483 965 “0¹⁴

352 974 359 979 Χ
377 971 382 984 l
414 964 479 1004 (¹955ss
505 973 507 976 ⁴

359 993 370 1011 ³.
415 999 423 1017 ’,Ι
433 993 439 1000 ’
448 1007 450 1009 .

508 973 715 1021 sassones,
741 976 803 1012 hic
832 976 960 1024 incipit
988 988 1052 1011 eas
1081 975 1352 1020 determinare;

453 1046 462 1050 ἰ
501 1062 535 1075 ,Ι
554 1037 591 1065 et
610 1029 790 1065 dividitur
818 1029 855 1065 in
885 1030 979 1066 duas
1007 1036 1144 1077 partes.
1169 1031 1210 1065 In
1230 1028 1354 1076 prima

285 1107 288 1110 »
353 1107 362 1112 -
495 1082 520 1110 J..
553 1090 671 1131 parte,
693 1082 857 1118 ostendit
880 1082 985 1129 quod
1010 1082 1266 1130 quarumdam
1287 1081 1354 1117 du-

287 1135 513 1173 bitationum
542 1134 678 1172 solutio
713 1135 904 1171 reducitur
932 1135 980 1171 ad
1009 1134 1239 1171 solutionem
1268 1134 1355 1170 alia-

288 1201 386 1226 rum.
418 1189 461 1224 In
494 1188 682 1234 secunda,
719 1188 832 1224 solvit
864 1188 1139 1225 dubitationem
1169 1195 1354 1235 quantum

287 1242 336 1279 ad
365 1241 437 1287 illa,
463 1242 501 1278 in
521 1241 659 1290 quibus
678 1253 748 1289 per
767 1253 807 1277 se
828 1248 864 1277 et
882 1242 1136 1290 principaliter
1156 1240 1355 1277 difficultas

288 1294 474 1341 consistit3
503 1295 575 1331 ibi:
609 1295 720 1336 Quod
747 1300 872 1331 autem
893 1295 930 1332 in
951 1296 1037 1340 illis,
1057 1295 1092 1331 si
1107 1294 1230 1343 logice
1243 1294 1264 1314 *
1285 1301 1353 1330 etc.

289 1348 400 1385 Circa
424 1350 595 1400 primum
625 1348 702 1384 duo
732 1348 834 1384 facit:
864 1348 989 1396 primo
1023 1348 1126 1384 enim
1149 1348 1170 1368 *
1194 1347 1357 1383 ostendit

288 1401 395 1450 quod
423 1401 619 1447 dubitatio,
649 1413 748 1449 quae
767 1409 894 1449 potest
913 1414 995 1438 esse
1017 1401 1114 1438 circa
1143 1400 1282 1445 media,
1300 1413 1356 1437 re-

287 1455 439 1492 ducitur
460 1455 509 1494 ad
533 1454 822 1501 dubitationem,
852 1467 950 1503 quae
970 1463 1150 1492 movetur
1170 1455 1216 1491 de
1237 1462 1356 1491 extre-

251 1525 254 1528 *
287 1508 372 1554 mis,
389 1516 437 1556 et,
449 1522 495 1546 ea
509 1510 644 1555 soluta,
657 1508 858 1553 solvitur⁰‘;
874 1508 1056 1554 secundo,
1073 1507 1237 1545 ostendit
1251 1508 1356 1556 quod

288 1561 484 1610 dubitatio,
496 1574 596 1612 quae
611 1569 668 1598 est
681 1561 780 1598 circa
795 1562 988 1609 negativas
1000 1561 1354 1608 demonstrationes,

288 1615 480 1653 reducitur
507 1616 556 1653 ad
581 1614 875 1661 dubitationem,
906 1627 1005 1664 quae
1034 1623 1090 1651 est
1118 1615 1166 1652 de
1190 1615 1356 1651 affirma-

287 1667 392 1715 tivis3
412 1669 482 1706 ibi:
502 1669 753 1717 Manifestum
772 1674 827 1704 est
842 1674 967 1705 autem
988 1669 1025 1705 in
1041 1668 1239 1716 privativis
1251 1669 1271 1689 '⁸‘
1285 1676 1354 1705 etc.

289 1721 400 1758 Circa
415 1722 582 1771 primum
602 1721 672 1758 tria
692 1721 798 1757 facit:
818 1721 955 1770 primo,
976 1722 1156 1770 proponit
1183 1722 1289 1770 quod
1303 1722 1357 1758 in-

288 1775 425 1820 tendit;
446 1775 628 1822 secundo,
640 1775 778 1823 probat
790 1776 1047 1824 propositum3
1064 1775 1134 1812 ibi:
1154 1776 1197 1812 Si
1209 1775 1307 1811 enim
1321 1776 1358 1812 A

281 1828 657 1876 praedicante¹etc.;
677 1828 798 1874 tertio,
819 1828 983 1865 excludit
1002 1828 1211 1877 quamdam
1227 1828 1358 1866 obvia-

251 1913 263 1917 -
287 1880 433 1918 tionem
449 1883 487 1927 '3
516 1881 589 1918 ibi:
618 1882 704 1918 Nec
729 1881 764 1917 si
788 1881 924 1930 aliquis
950 1882 1052 1918 dicat
1068 1882 1112 1903 *⁵
1139 1889 1207 1918 etc.

324 1945 380 1971 12.
418 1934 519 1971 Dicit
549 1946 640 1982 ergo
676 1934 803 1982 primo
833 1935 938 1983 quod
970 1934 1211 1983 manifestum
1245 1941 1298 1972 est
1319 1933 1357 1982 Ρ,

289 1986 321 2024 si
348 1987 433 2036 quis
462 1987 648 2024 rationem
669 1995 893 2036 sequentem
914 1988 1138 2034 consideret,
1155 1989 1261 2037 quod
1281 1999 1356 2024 non

289 2040 474 2090 contingit
497 2053 577 2078 esse
594 2041 718 2077 media
734 2041 897 2088 infinita,
920 2041 950 2078 si
964 2041 1265 2090 praedicationes
1280 2048 1358 2078 tam

209 2092 213 2099 '
243 2093 246 2097 ’
287 2104 330 2130 m
355 2105 507 2131 sursum
535 2106 652 2143 quam
681 2094 719 2131 in
747 2095 922 2131 deorsum
944 2102 1042 2132 stent
1069 2095 1107 2132 in
1136 2095 1323 2143 aliquibus
1337 2095 1358 2116 ³*

289 2146 480 2193 ter-minis,
516 2147 656 2185 scilicet
682 2147 721 2184 in
749 2160 904 2184 summo
932 2148 1150 2196 praedicato
1175 2156 1212 2186 et
1239 2148 1277 2185 in
1305 2148 1359 2185 in-

290 2199 387 2236 fimo
403 2200 574 2238 subiecto
584 2206 610 2237 ⁷.
627 2202 677 2238 Et
692 2201 846 2249 exponit
860 2201 951 2250 quid
966 2201 1012 2245 sit
1025 2201 1235 2250 procedere
1251 2214 1359 2250 prae-

292 2251 500 2290 dicationes
538 2267 689 2291 sursum
702 2284 711 2296 ,
751 2262 787 2291 et
815 2254 1019 2301 deorsum;
1055 2263 1092 2292 et
1129 2255 1217 2292 dicit
1255 2254 1360 2304 quod

290 2316 440 2343 sursum
470 2307 686 2345 ascenditur
698 2309 734 2355 *,
755 2308 910 2357 quando
931 2309 1149 2357 proceditur
1168 2309 1217 2346 ad
1238 2308 1360 2356 magis

290 2358 518 2407 universale,
545 2360 594 2398 de
614 2360 720 2398 cuius
741 2361 884 2398 ratione
905 2369 961 2398 est
979 2362 1084 2410 quod
1102 2362 1359 2410 praedicetur:

293 2411 468 2456 deorsum
489 2421 618 2450 autem
633 2414 655 2435 *
671 2414 901 2463 proceditur,
923 2415 1077 2464 quando
1106 2415 1180 2452 itur
1207 2415 1255 2453 ad
1279 2428 1359 2452 ma-

346 2611 374 2647 α)
389 2612 537 2643 Easoluta,
550 2613 702 2638 solvitur-.·-
711 2613 776 2638 Cod.
786 2615 822 2639 A:
836 2614 951 2639 solvitur
963 2612 1057 2647 (marg.
1071 2618 1098 2639 et
1107 2614 1180 2649 illa);
1198 2616 1234 2640 13:
1248 2616 1363 2641 soluitur

292 2648 420 2680 quaestio.
430 2662 451 2667 -
460 2648 555 2673 Notatu
574 2648 651 2680 digna
665 2654 706 2673 est
724 2649 863 2679 methodus
878 2657 931 2682 qua
943 2650 1023 2674 utitur
1036 2650 1197 2675 Aristoteles.
1217 2651 1245 2675 ln
1259 2659 1362 2683 praece-

292 2682 363 2718 denti
381 2683 490 2709 lectione
510 2683 592 2708 movit
611 2685 792 2716 quaestionem
810 2692 843 2709 an
861 2685 888 2709 in
907 2685 1169 2710 demonstrationibus
1188 2686 1222 2710 sit
1239 2687 1363 2719 possibile

291 2718 434 2752 procedere
447 2719 474 2743 in
487 2717 623 2743 infinitum.
637 2719 708 2744 Haec
722 2725 809 2745 autem
819 2721 938 2752 quaestio
952 2728 982 2745 ex
997 2725 1086 2745 natura
1101 2728 1149 2745 sua
1161 2722 1295 2754 complexa
1308 2727 1363 2747 est:

291 2761 354 2779 nam
367 2754 563 2784 demonstratio,
573 2762 633 2779 cum
643 2755 675 2779 sit
685 2755 863 2787 syllogismus,
882 2761 983 2780 constat
1001 2763 1032 2780 ex
1050 2756 1141 2780 maiori
1160 2764 1188 2781 ac
1208 2758 1300 2782 minori
1321 2765 1363 2782 ex-

292 2793 377 2815 tremo
387 2794 413 2814 et
427 2797 458 2814 ex
470 2790 570 2821 medio;
584 2790 691 2823 insuper
704 2790 891 2816 demonstratio
906 2796 946 2815 est
962 2790 1004 2816 vel
1020 2789 1170 2816 affirmativa
1180 2793 1219 2817 vel
1237 2793 1363 2825 negativa.

293 2822 360 2848 Hinc
378 2824 466 2856 plures
485 2824 652 2858 quaestiones
666 2825 692 2849 in
706 2825 750 2850 illa
768 2826 851 2858 prima
865 2827 1044 2855 includuntur,
1064 2834 1174 2859 quarum
1195 2828 1259 2852 aliae
1282 2829 1363 2860 respi-

293 2859 364 2894 ciunt
382 2859 624 2891 demonstrationes,
642 2861 707 2886 aliae
723 2868 787 2886 vero
812 2867 873 2886 sunt
898 2862 930 2886 de
948 2862 1074 2887 terminis.
1091 2862 1126 2887 At
1138 2862 1301 2894 Aristoteles,
1320 2872 1364 2888 an-

292 2899 400 2927 tequam
413 2895 596 2928 quaestionum
614 2896 773 2921 solutionem
791 2902 910 2929 quaerat,
930 2898 962 2922 de
981 2904 1072 2922 earum
1086 2899 1243 2923 connexione
1261 2899 1322 2931 agit,
1336 2904 1366 2924 ut

294 2929 469 2962 multiplicitas
483 2931 516 2955 ad
528 2931 653 2956 unitatem
671 2931 822 2962 reducatur,
841 2937 867 2956 et
881 2933 913 2957 ad
932 2940 990 2958 eam
1010 2932 1051 2957 vel
1067 2939 1126 2963 eas,
1143 2940 1174 2958 ex
1188 2941 1240 2966 qua
1252 2935 1294 2959 vel
1307 2935 1364 2967 qui-

294 2965 345 2990 bus
357 2965 422 2990 aliae
435 2966 556 3001 pendent,
575 2966 712 2998 praecipue
731 2967 853 2992 intendat.
872 2968 938 2992 Hinc
953 2968 978 2992 in
991 2967 1039 2993 hac
1058 2967 1166 2992 lectione
1184 2970 1365 3001 quaestionem

295 3000 328 3025 de
345 3001 433 3025 medio
451 3001 550 3026 reducit
567 3001 599 3025 a'd
614 3002 793 3034 quaestionem
806 3002 839 3027 de
853 3004 983 3034 extremis,
1003 3009 1029 3028 et
1043 3004 1222 3034 quaestionem
1241 3005 1274 3029 de
1286 3013 1365 3037 nega-

294 3035 354 3060 tivis
372 3036 405 3060 ad
423 3036 604 3068 quaestionem
623 3036 655 3060 de
677 3035 850 3062 affirmativis:
874 3038 994 3063 videlicet
1015 3046 1046 3064 ex
1066 3039 1190 3064 omnibus
1208 3041 1365 3072 quaestioni·

294 3070 346 3095 bus
365 3071 466 3095 nonnisi
487 3070 554 3095 duae
571 3071 712 3096 solvendae
731 3077 799 3102 sunt,
818 3072 913 3104 quibus
933 3074 1032 3104 solutis,
1047 3074 1111 3100 aliae
1129 3075 1273 3100 solvuntur.
1293 3076 1365 3100 Hanc

295 3105 450 3130 methodum
469 3106 597 3138 sapientes
613 3111 760 3131 constanter
778 3112 804 3131 et
817 3113 961 3140 sequuntur
978 3114 1004 3134 et
1020 3110 1161 3136 inculcant:
1181 3109 1284 3135 brevior
1296 3112 1365 3135 enim

297 3146 344 3170 eet,
355 3145 383 3165 ut
395 3145 472 3173 patet,
491 3141 632 3173 expeditior
650 3146 676 3166 et
694 3142 776 3174 magis
795 3141 945 3174 scientifica;
965 3152 994 3169 ac
1006 3145 1115 3177 proinde
1132 3153 1179 3177 per
1192 3145 1276 3177 ipsam
1290 3154 1365 3170 mens

295 3184 349 3201 non
368 3175 509 3209 divagatur,
525 3183 611 3208 neque
629 3176 697 3200 vires
717 3177 841 3209 disperdit
858 3178 885 3202 in
901 3178 1049 3205 dirimendis
1064 3180 1258 3213 quaestionibus
1272 3189 1365 3206 secun—

297 3211 387 3242 dariis,
407 3211 453 3235 sed
471 3216 525 3235 tota
544 3216 584 3235 est
601 3211 627 3235 in
647 3211 790 3237 dirimenda
807 3213 960 3245 quaestione
977 3215 1118 3248 principali.

352 3245 378 3280 β)
399 3246 473 3271 Dicit
491 3253 556 3279 ergo
570 3246 662 3278 primo
680 3247 752 3279 quod
765 3247 938 3279 ete—Codd.‚
957 3257 1012 3275 exc.
1030 3250 1119 3280 OQR:
1139 3250 1214 3275 Dicit
1226 3257 1291 3283 ergo
1305 3251 1365 3282 pri-

297 3289 340 3306 mo
350 3281 530 3341 dmum-'festum
555 3288 624 3311 esse,
650 3282 674 3307 si
692 3287 757 3313 etc.;
783 3282 822 3307 0:
842 3282 917 3308 Dicit
934 3291 1000 3317 ergo
1013 3286 1120 3317 primo.-
1139 3285 1308 3318 manifestum
1327 3289 1367 3311 est

315 3324 348 3342 uo
385 3317 411 3341 si
428 3321 476 3341 etc.

297 3325 312 3350 q
350 3351 378 3386 γ)
400 3352 436 3376 Et
454 3352 480 3376 in
495 3351 584 3385 infimo
596 3351 836 3382 subiecta-Codd-
854 3353 965 3379 ACERS
983 3362 1037 3380 om.
1051 3355 1093 3385 in,·
1111 3355 1159 3379 IN:
1179 3358 1205 3380 et
1223 3355 1366 3380 inrsummo

297 3388 428 3416 subiecto,·
446 3387 510 3417 GQ:
533 3389 560 3411 et
578 3386 604 3411 in
631 3384 673 3419 (G
697 3395 750 3412 orn.
776 3386 821 3422 in)
848 3388 950 3421 infinito
974 3390 1105 3419 subiecto;
1124 3389 1162 3414 T:
1186 3393 1213 3414 et
1237 3390 1263 3415 in
1284 3391 1365 3423 sinito

297 3423 423 3448 subiecto.
442 3422 492 3446 Sed
511 3427 582 3454 patet
594 3429 624 3446 ex
637 3422 696 3447 lect.
714 3423 832 3454 praeced.
847 3424 941 3448 menda
957 3432 1025 3455 esse,
1040 3425 1066 3449 in
1080 3432 1192 3454 summo,
1213 3425 1239 3449 in
1254 3425 1364 3459 infinito,

299 3458 326 3491 in
338 3457 616 3492 finita—Subiectum
635 3458 661 3482 in
680 3458 762 3490 logica
780 3458 871 3482 dicitur
890 3459 915 3482 id
934 3459 966 3483 de
985 3467 1038 3491 quo
1051 3460 1147 3492 aliquid
1166 3458 1306 3485 affirmatur
1324 3461 1365 3485 vel

298 3498 419 3526 negatum
438 3493 627 3525 praedicatum
647 3493 738 3517 dicitur
755 3493 818 3517 illud
836 3494 908 3525 quod
926 3493 1067 3519 affirmatur
1080 3495 1126 3520 ‚vel
1145 3500 1252 3526 negatur
1263 3496 1303 3523 *de
1322 3503 1366 3520 su-

298 3528 392 3554 biecto.
410 3529 438 3553 In
457 3527 613 3552 affirmativis
632 3533 719 3553 autem
735 3528 955 3561 propositionibus
974 3530 1162 3561 praedicatum,
1174 3530 1200 3554 vi
1212 3531 1366 3562 propositio-

298 3565 348 3595 nis,
368 3568 412 3595 est.
426 3563 598 3588 universalius
617 3563 742 3594 subiecto,
760 3569 790 3588 ut
807 3563 867 3588 alibi
886 3564 982 3589 dictum
1002 3570 1042 3589 est
1060 3564 1114 3597 (Cf.
1124 3565 1257 3595 lect.xxv1‚
1272 3573 1326 3597 n.4
1341 3571 1366 3591 et

299 3604 354 3624 not.
368 3598 403 3632 ζ).
417 3599 486 3632 Ergo
499 3606 632 3623 summum
647 3598 822 3632 praedicatum
840 3599 904 3623 illud
918 3600 965 3624 erit
977 3607 1031 3632 quo
1048 3599 1220 3625 universalius
1240 3600 1294 3625 dari
1312 3609 1365 3625 non

2391 256 2465 303 267

1403 344 1459 366 stat
1480 339 1561 374 quod
1582 339 1736 374 probatum
1759 343 1801 365 est
1822 346 1902 364 num.
1927 337 1953 371 3,
1969 345 2073 372 nempe
2094 336 2174 372 quod
2195 335 2218 362 si
2240 335 2335 363 media
2356 335 2412 362 sint
2426 335 2470 362 in-

1405 378 1493 412 finita,
1509 387 1570 405 non
1591 378 1675 405 datur
1689 385 1783 413 neque
1799 385 1966 412 supremum
1982 385 2076 412 neque
2092 375 2223 403 infimum
2239 375 2471 411 praedicatum.—

1405 419 1431 445 6.
1448 417 1587 451 Quaestio
1610 418 1646 444 de
1668 425 1805 453 processu
1826 416 1856 443 in
1877 415 2021 443 infinitum
2036 415 2065 442 in
2081 414 2326 442 demonstratione
2341 415 2472 451 negativa

1404 456 1550 484 reducitur
1579 457 1615 484 ad
1635 456 1835 493 quaestionem
1858 457 1894 483 de
1916 465 2053 492 processu
2078 454 2106 482 in
2132 454 2274 481 infinitum
2297 454 2326 481 in
2348 455 2471 481 demon-

1404 496 1542 524 stratione
1564 494 1744 524 affirmativa.
1767 495 1850 524 Ratio
1872 502 1929 524 est:
1952 495 1976 523 si
1997 495 2027 522 in
2046 492 2225 522 affirmativis
2247 493 2470 521 demonstratio-

1405 535 1490 563 nibus
1512 545 1573 563 non
1588 542 1630 563 est
1645 545 1795 572 processus
1811 534 1840 562 in
1855 534 2008 569 infinitum,
2024 534 2093 571 qula
2114 535 2199 562 debet
2221 543 2282 561 esse
2304 542 2471 569 supremum

1406 574 1611 611 praedicatum,
1628 576 1708 612 quod
1729 575 1768 602 ita
1788 581 1830 602 est
1845 574 2040 611 praedicatum
2056 581 2087 601 ut
2101 583 2162 601 non
2183 573 2274 610 possit
2295 582 2356 600 esse
2377 572 2471 600 subie-

1406 621 1500 648 ctum,
1523 621 1550 642 et
1572 614 1704 642 infimum
1733 614 1909 649 subiectum,
1932 615 2012 651 quod
2034 614 2073 642 ita
2096 620 2138 641 est
2165 613 2324 641 subiectum
2353 619 2384 640 ut
2411 622 2472 640 non

1407 654 1498 690 possit
1512 663 1574 681 esse
1591 654 1804 690 praedicatum;
1827 654 1904 682 idem
1925 654 2011 682 etiam
2034 653 2090 681 dici
2105 654 2190 681 debet
2211 653 2309 690 quoad
2326 652 2472 689 negativas

1408 693 1678 721 demonstrationes.
1695 711 1713 715 -
1729 703 1754 729 7.
1778 695 1919 721 Probatur
1947 693 2077 730 inprimis
2098 693 2127 720 in
2150 693 2317 730 syllogismo
2339 691 2471 729 negativo

1407 733 1436 760 in
1451 733 1545 769 prima
1566 733 1664 770 figura.
1676 751 1691 754 -
1710 734 1736 760 8.
1754 734 1896 761 Probatur
1911 733 1986 761 idem
2002 733 2031 760 in
2046 732 2178 769 negativo
2200 732 2368 769 syllogismo
2383 731 2413 759 in
2428 740 2472 759 se-

1408 773 1503 800 cunda
1518 772 1616 809 figura.
1626 782 1679 809 -9.
1695 774 1731 800 Et
1745 773 1774 800 in
1789 773 1871 800 tertia
1886 773 1984 809 figura.
1996 790 2015 794 -
2031 782 2073 800 1o.
2089 772 2214 800 Solvitur
2235 771 2359 800 obiectio
2375 771 2473 808 quoad

1408 812 1559 840 transitum
1581 813 1617 840 de
1638 822 1697 840 una
1717 813 1754 840 ad
1775 812 1861 840 aliam
1882 812 2012 849 figuram.

1408 923 1463 970 gis
1490 922 1731 970 particulare,
1758 921 1806 958 de
1835 922 1941 958 cuius
1971 922 2114 958 ratione
2143 930 2199 959 est
2227 922 2331 974 quod
2359 922 2472 959 subii-

1410 975 1538 1011 ciatur.

1466 1029 1500 1064 3.
1517 1028 1667 1064 Deinde
1683 1040 1771 1064 cum
1788 1027 1892 1064 dicit:
1915 1028 1957 1064 Si
1970 1029 2068 1064 enim
2087 1028 2122 1063 Α
2133 1029 2375 1076 praedicante
2390 1036 2471 1075 etc.,

1410 1081 1576 1116 ostendit
1602 1081 1843 1129 propositum
1871 1093 1940 1129 per
1967 1082 2070 1117 hunc
2098 1081 2258 1117 modum
2279 1081 2311 1117 *.
2343 1082 2397 1118 Sit
2424 1082 2474 1117 ita

1411 1133 1517 1181 quod
1545 1135 1580 1169 A
1609 1134 1654 1170 sit
1682 1146 1879 1170 summum
1908 1134 2185 1182 praedicatum,
2216 1142 2252 1170 et
2272 1134 2302 1170 C
2323 1134 2368 1170 sit
2390 1134 2473 1171 infi-

1411 1199 1520 1223 mum
1551 1186 1785 1232 subiectum,
1821 1194 1858 1223 et
1885 1188 1957 1223 sint
1984 1187 2129 1223 infinita
2148 1187 2287 1233 media,
2309 1199 2474 1235 quorum

1411 1239 1608 1288 quodlibet
1635 1247 1795 1276 vocetur
1808 1241 1851 1276 Β.
1887 1240 1988 1286 Quia
2016 1240 2172 1287 igiturA
2202 1248 2280 1276 erat
2306 1240 2474 1288 primum

1411 1293 1684 1341 praedicatum,
1713 1293 1993 1341 praedicabitur
2022 1293 2068 1329 de
2102 1293 2227 1340 aliquo
2257 1293 2384 1330 medio
2405 1293 2474 1330 sibi

1411 1346 1694 1395 propinquiori,
1731 1354 1767 1382 et
1803 1347 1939 1383 iterum
1982 1346 2073 1383 illud
2110 1346 2281 1382 medium
2320 1346 2367 1382 de
2402 1346 2474 1382 alio

1411 1399 1540 1436 medio
1561 1397 1575 1421 ὅ
1602 1399 1788 1445 inferiori;
1819 1407 1856 1436 et
1875 1411 1963 1435 cum
1992 1399 2119 1435 media
2143 1399 2215 1435 sint
2242 1398 2397 1445 infinita,
2419 1411 2475 1435 se-

1411 1453 1538 1501 quitur
1566 1453 1671 1501 quod
1695 1452 1732 1489 in
1761 1453 1950 1490 infinitum
1980 1452 2162 1500 procedet
2188 1452 2418 1500 praedicatio
2438 1451 2476 1487 in

1412 1506 1693 1552 descendendo,
1706 1507 1811 1554 quod
1822 1514 1878 1542 est
1888 1514 2018 1542 contra
2031 1506 2211 1553 positum.
2228 1506 2446 1541 Ponebatur
2458 1505 2477 1526 *

1412 1559 1512 1596 enim
1544 1560 1648 1607 quod
1677 1572 1755 1596 non
1785 1560 1991 1597 descendat
2018 1558 2247 1607 praedicatio
2263 1559 2331 1595 ‘in
2354 1558 2476 1595 infini-

1410 1620 1492 1658 tum
1510 1613 1539 1649 *.
1558 1612 1736 1649 Similiter
1764 1613 1877 1649 etiam
1897 1613 1927 1649 si
1946 1612 2170 1660 incipiamus
2191 1624 2213 1648 a
2232 1612 2276 1657 C,
2297 1611 2403 1660 quod
2422 1618 2478 1648 est

1412 1666 1590 1703 infimum
1625 1666 1859 1712 subiectum,
1895 1666 2124 1714 procedetur
2157 1664 2399 1702 ascendendo
2438 1665 2476 1701 in

1413 1719 1602 1756 infinitum
1623 1726 1828 1767 antequam
1849 1719 2093 1768 perveniatur
2112 1719 2160 1755 ad
2175 1721 2221 1765 A,
2239 1719 2343 1766 quod
2363 1718 2476 1755 etiam

1413 1780 1470 1809 est
1489 1772 1720 1809 contrarium
1747 1773 1884 1821 posito.
1915 1773 1954 1809 Si
1976 1784 2066 1820 ergo
2092 1773 2187 1809 haec
2206 1772 2279 1808 sint
2300 1773 2320 1792 '²²
2335 1771 2476 1820 impos-

1414 1826 1555 1873 sibilia,
1585 1826 1723 1862 scilicet
1756 1827 1861 1874 quod
1895 1826 2123 1874 procedatur
2149 1824 2406 1874 praedicando
2439 1824 2477 1861 in

1414 1879 1603 1916 infinitum
1628 1891 1779 1915 sursum
1807 1879 1869 1915 vel
1891 1880 1911 1898 ¹
1936 1879 2136 1924 deorsum,
2167 1886 2346 1927 sequetur
2373 1878 2477 1927 quod

1412 1932 1720 1981 impossibilesit
1751 1932 1879 1969 media
1917 1944 1999 1969 esse
2027 1932 2182 1968 infinita.
2214 1932 2262 1968 Et
2295 1932 2345 1968 ita
2375 1939 2478 1980 patet

1414 1986 1519 2034 quod
1547 1985 1718 2034 quaestio
1748 1986 1796 2022 de
1824 1985 2007 2022 infinitate
2043 1985 2260 2022 mediorum
2291 1985 2479 2022 reducitur

1415 2040 1463 2076 ad
1491 2039 1754 2088 quaestionem
1784 2039 1830 2076 de
1859 2038 2042 2075 infinitate
2071 2046 2339 2075 extremorum.

1467 2104 1504 2139 4.
1526 2093 1674 2130 Deinde
1696 2104 1784 2129 cum
1805 2092 1908 2128 dicit:
1928 2092 2064 2140 Neque
2082 2093 2181 2128 enim
2195 2092 2229 2128 si
2246 2091 2379 2139 aliquis
2394 2098 2477 2136 etc.,

1416 2146 1578 2183 excludit
1592 2146 1800 2195 quamdam
1815 2146 1836 2166 ³¹²
1851 2145 2122 2182 obviationem.
2140 2147 2274 2182 Posset
2293 2144 2394 2181 enim
2415 2144 2478 2181 ali-

1416 2200 1499 2247 quis
1515 2200 1684 2246 obviare,
1705 2200 1834 2236 dicens
1846 2199 1865 2219 '¹‘
1877 2199 1981 2247 quod
1995 2199 2188 2248 praedicta
2202 2198 2375 2247 probatio
2390 2210 2477 2246 pro-

1416 2254 1574 2290 cedebat
1587 2255 1621 2297 *,
1635 2266 1679 2290 ac
1694 2253 1724 2290 si
1739 2255 1773 2289 A
1789 2253 1819 2288 Β
1831 2253 1873 2298 C,
1890 2252 1986 2289 idest
2000 2252 2172 2289 medium
2188 2260 2224 2288 et
2239 2259 2417 2298 extrema,
2429 2250 2479 2287 ita

1415 2318 1456 2342 se
1484 2308 1685 2354 haberent,
1706 2306 1811 2355 quod
1831 2313 1956 2343 essent
1979 2306 2108 2342 habita
2123 2305 2138 2332 ζ
2157 2305 2206 2342 ad
2225 2304 2408 2350 invicem,
2429 2304 2479 2340 ita

1415 2359 1565 2406 scilicet,
1589 2360 1694 2409 quod
1721 2360 1817 2396 inter
1841 2372 1887 2396 ea
1906 2372 1984 2396 non
2004 2367 2102 2396 esset
2118 2358 2273 2407 aliquod
2288 2357 2477 2395 medium:

1415 2413 1468 2450 sic
1501 2414 1604 2450 enim
1633 2413 1811 2450 definitur
1841 2413 2008 2450 habitum
2041 2412 2079 2449 in
2102 2413 2138 2450 V
2164 2413 2412 2461 physicorum
2440 2412 2479 2456 *‚

1415 2621 1510 2648 potest,
1520 2624 1615 2648 nempe
1629 2617 1692 2641 illud
1706 2617 1778 2649 quod
1787 2615 1929 2641 affirmatur
1941 2618 1983 2641 vel
1997 2621 2105 2650 negatur
2119 2617 2151 2641 de
2164 2616 2228 2648 aliis,
2239 2617 2286 2641 sed
2296 2617 2328 2641 de
2342 2624 2403 2649 que,
2414 2621 2441 2640 ut
2450 2616 2483 2640 de

1417 2652 1541 2682 subiecto,
1555 2652 1617 2676 nihil
1631 2650 1751 2676 affirmari
1769 2652 1811 2677 vel
1830 2652 1916 2685 negari
1935 2658 2029 2684 potest.
2048 2653 2086 2677 Ex
2098 2653 2217 2684 opposito
2230 2652 2292 2676 illud
2306 2652 2352 2676 erit
2364 2651 2482 2676 infimum

1417 2687 1571 2718 subiectum,
1590 2687 1661 2719 quod
1675 2692 1716 2712 est
1729 2687 1778 2712 sub
1797 2688 1918 2712 omnibus
1937 2688 2134 2718 universalibus,
2153 2695 2256 2720 nempe,
2270 2688 2302 2712 de
2316 2695 2368 2719 quo
2382 2687 2482 2719 praedi-

1418 2728 1473 2747 cata
1492 2722 1651 2747 affirmantur
1664 2723 1706 2747 vel
1719 2728 1853 2755 negantur.
1873 2724 1920 2748 sed
1939 2724 2025 2755 ipsum
2045 2722 2164 2747 affirmari
2179 2728 2204 2747 et
2218 2723 2305 2755 negari
2325 2730 2376 2747 non
2389 2726 2482 2754 potest,

1417 2763 1446 2782 ut
1464 2758 1654 2790 praedicatum,
1679 2759 1711 2783 de
1730 2759 1780 2783 alio
1799 2758 1927 2790 subiecto;
1954 2759 2097 2783 cuiusmodi
2123 2764 2182 2783 sunt
2207 2758 2366 2782 substantiae
2384 2757 2482 2790 primae

1419 2791 1475 2827 (Cf.
1487 2801 1496 2818 ι
1516 2794 1611 2823 Per-ih„
1626 2794 1684 2818 lect.
1696 2801 1728 2825 x,
1746 2799 1810 2819 nott.
1824 2802 1849 2824 α,
1863 2793 1903 2828 β).
1923 2795 1988 2819 Hinc
2001 2801 2124 2819 ascensus
2136 2794 2167 2818 ad
2181 2794 2331 2826 praedicata,
2345 2793 2483 2818 descensus

1416 2829 1450 2853 ad
1468 2828 1590 2854 subiecta.

1471 2863 1496 2898 ὃ)
1517 2864 1721 2890 Praedia-abitur
1740 2865 1773 2890 de
1790 2865 1879 2897 aliquo
1893 2865 1979 2890 medio
1991 2865 2041 2890 sibi
2060 2864 2260 2897 propinquiori,
2280 2864 2428 2888 ete-eod.
2447 2863 2482 2887 B:

1418 2900 1452 2924 de
1469 2900 1523 2924 alio
1542 2900 1629 2924 medio
1635 2907 1645 2928 ;
1663 2900 1841 2925 CDHKOST:
1859 2900 1910 2925 sibi
1929 2900 2168 2932 propinquissim05
2188 2900 2226 2924 G:
2246 2899 2331 2924 medio
2352 2898 2482 2931 proximo

1418 2935 1443 2959 ei
1448 2943 1457 2965 ,·
1476 2935 1500 2959 1:
1517 2935 1549 2960 de
1558 2935 1650 2967 primo
1665 2936 1751 2960 medio
1763 2936 1852 2968 aliquo
1861 2936 2095 2968 propinquissimo.
2105 2936 2222 2960 —Codd.:
2237 2938 2262 2959 et
2275 2935 2370 2959 iterum
2386 2933 2483 2958 illud.—

1419 2970 1468 2994 01:
1487 2970 1520 2995 de
1538 2971 1623 2995 altero
1643 2971 1730 2995 medio
1748 2971 1877 3004 inferiori,
1892 2979 1951 2996 cum
1971 2971 2058 2996 media
2077 2977 2139 3001 etc.;
2158 2970 2245 2995 HKN:
2265 2970 2298 2994 de
2309 2970 2397 3001 aliquo
2417 2973 2483 2993 etc.-

1418 3006 1492 3036 AQR
1505 3013 1627 3030 erronee:
1646 3006 1700 3030 sint
1711 3007 1831 3039 finita.—
1845 3006 1939 3031 BGIK:
1959 3007 1984 3031 in
2006 3007 2136 3040 infinitum
2150 3005 2295 3038 procedam
2314 3005 2349 3029 P:
2369 3005 2395 3029 in
2410 3004 2482 3037 infin.

1415 3041 1541 3072 procedit
1545 3048 1555 3069 ,·
1574 3041 1615 3065 alii
1630 3041 1719 3065 codd.:
1734 3042 1871 3073 procedet.
1880 3055 1899 3060 —
1909 3042 1996 3066 Lectio
2009 3050 2088 3074 supra
2098 3042 2224 3073 adoptata,
2239 3048 2306 3073 quae
2316 3045 2356 3064 est
2365 3040 2483 3064 omnium

1420 3076 1501 3100 ferme
1516 3076 1600 3106 codd„
1613 3084 1675 3100 vera
1689 3081 1729 3100 est
1741 3081 1767 3101 et
1780 3077 1924 3107 retinenda;
1943 3077 2080 3110 perspicue
2093 3077 2161 3101 enim
2174 3076 2354 3108 complectitur
2365 3075 2483 3099 ordinem

1420 3111 1611 3141 descensivum,
1622 3119 1702 3143 quem
1717 3111 1845 3136 infinitum
1860 3113 1946 3144 quoad
1962 3112 2061 3137 medios
2076 3112 2201 3137 terminos
2214 3119 2273 3136 esse
2286 3119 2338 3135 non
2352 3118 2430 3142 posse
2444 3110 2483 3135 in-

1419 3146 1501 3170 tendit
1519 3147 1545 3170 in
1563 3146 1701 3178 hypothesi
1715 3147 1825 3179 probare
1841 3155 1901 3172 cum
1915 3147 2052 3172 Aristotele
2071 3156 2093 3172 s.
2106 3147 2230 3171 Thomas.
2250 3146 2333 3171 Editio
2352 3146 2372 3170 P
2392 3150 2433 3170 est
2444 3146 2483 3170 in-

1420 3182 1562 3213 completa:
1577 3182 1782 3212 praedicabitur
1796 3182 1829 3207 de
1842 3183 1932 3215 aliquo
1947 3183 2033 3208 medio
2048 3183 2182 3216 inferiori,·
2200 3185 2226 3207 et
2241 3189 2300 3206 cum
2315 3181 2403 3206 media
2417 3186 2465 3207 etc.

1473 3215 1495 3249 ε)
1514 3216 1592 3246 Quod
1605 3224 1656 3241 non
1666 3217 1809 3242 descendat
1822 3218 1991 3249 praedicatio
2002 3223 2069 3242 etc.·-
2078 3218 2142 3242 Cod.
2152 3218 2178 3241 M
2190 3225 2243 3241 om.
2254 3224 2305 3241 non
2311 3225 2320 3246 ‚·
2334 3217 2363 3242 P:
2377 3217 2483 3242 descen-

1421 3251 1514 3281 debat,·
1533 3251 1652 3276 DELMT
1664 3257 1690 3276 et
1701 3260 1727 3284 p.
1741 3260 1776 3276 m.
1790 3253 1820 3277 S:
1834 3253 2011 3278 descendatur
2016 3261 2026 3282 ,·
2044 3253 2081 3278 G:
2097 3254 2224 3278 ascendat
2229 3261 2238 3282 ,·
2252 3253 2274 3277 N
2293 3261 2319 3286 p.
2333 3260 2383 3277 m.:
2396 3256 2483 3277 osten-

1419 3287 1509 3316 datur,
1530 3294 1552 3311 s.
1562 3294 1606 3311 m.:
1625 3287 1796 3312 ascendatur.
1814 3288 1864 3312 Alii
1877 3289 1952 3313 codd.
1967 3294 1993 3313 et
2005 3297 2028 3314 s.
2041 3297 2076 3313 m.
2090 3290 2122 3314 S:
2141 3289 2317 3314 descendat.-
2326 3288 2416 3318 Codd.‚
2430 3295 2483 3312 exc.

1419 3321 1482 3351 KQ:
1503 3321 1634 3346 Similiter
1652 3322 1746 3352 etiam
1761 3322 1832 3352 PKQ
1843 3330 1896 3347 om.
1910 3324 2004 3354 etiam;
2023 3324 2093 3348 AIR:
2111 3324 2136 3349 si
2148 3323 2389 3356 accipiamus—A:
2407 3326 2483 3348 ante-

1419 3364 1498 3389 quam
1513 3357 1691 3388 perveniatur
1702 3357 1740 3381 ad
1748 3358 1866 3388 primum
1875 3359 2063 3389 praedicatum
2076 3360 2114 3389 A,-
2134 3359 2182 3384 G1:
2196 3359 2268 3391 quod
2279 3360 2360 3384 etiam
2376 3357 2417 3391 (G
2429 3366 2484 3383 om.

1419 3391 1517 3425 etiam)
1542 3394 1583 3416 est
1606 3395 1701 3416 contra
1721 3393 1840 3423 positum
1846 3401 1856 3422 ;
1873 3392 1911 3418 K:
1931 3394 2003 3426 quod
2020 3394 2100 3418 etiam
2119 3397 2159 3419 est
2176 3395 2341 3419 contrarium
2355 3394 2484 3427 positum.

1472 3425 1498 3460 ζ)
1521 3426 1599 3456 Quod
1617 3430 1704 3451 essent
1721 3427 1936 3453 habim-Codd.
1956 3429 2020 3460 (exc.
2033 3429 2117 3461 BIO):
2137 3430 2208 3462 quod
2226 3433 2311 3454 essent
2328 3430 2485 3459 coniuncta:

1420 3462 1447 3485 in
1465 3461 1523 3486 cod.
1538 3462 1556 3486 S
1569 3462 1683 3486 secunda
1701 3469 1778 3486 manu
1798 3463 1906 3494 additur,
1921 3465 1962 3488 vel
1975 3464 2080 3493 habita;
2099 3465 2137 3489 O:
2156 3465 2228 3497 quod
2242 3469 2328 3490 essent
2339 3465 2430 3491 habita
2444 3465 2486 3489 vel

1419 3503 1556 3521 conversa.
1575 3496 1687 3521 Textus:
1713 3494 1838 3532 ἐχόμενα,
1858 3498 1928 3523 inter
1954 3506 1983 3523 se
2003 3500 2103 3525 habita.
2127 3500 2252 3530 Quamvis
2266 3501 2384 3526 codicum
2397 3505 2484 3525 aucto-

1403 3532 1480 3557 ritas
1498 3536 1602 3564 urgeat,
1621 3532 1761 3557 retinemus
1779 3537 1866 3558 tamen
1884 3534 1975 3559 habita
1994 3534 2059 3566 PBI;
2078 3536 2139 3567 quia
2156 3535 2206 3560 hoc
2223 3537 2379 3561 vocabulum
2398 3537 2485 3569 requi-

1419 3567 1483 3591 ritur
1502 3574 1532 3591 ex
1551 3567 1591 3591 his
1613 3574 1681 3599 quae
1700 3573 1859 3600 sequuntur:
1884 3569 1923 3594 sic
1941 3570 2010 3595 enim
2030 3571 2156 3604 dqinitur
2173 3571 2291 3597 habitum
2305 3577 2367 3603 etc.,
2389 3573 2415 3596 in
2433 3579 2485 3604 qua

1421 3602 1533 3626 lectione
1553 3602 1655 3627 codices
1674 3611 1734 3627 cum
1754 3603 1773 3627 P
1793 3605 1964 3629 consentiunt.

2501 1096 2512 1106 ⁸
2522 1101 2529 1116 1
2539 1101 2588 1116 om.
2594 1101 2640 1123 per
2655 1095 2715 1117 hunc

2502 1122 2601 1143 modum.

2504 1515 2514 1525 ⁸
2526 1514 2600 1536 Codd.
2611 1525 2620 1530 -
2632 1520 2656 1535 P:
2671 1514 2715 1536 Po-

2506 1627 2513 1633 '
2529 1624 2564 1646 Cf.
2576 1625 2627 1645 lect.
2640 1629 2716 1650 praec.

2503 1782 2649 1808 *Codd.(exc.
2656 1785 2716 1808 cuni:

2503 1811 2564 1830 suna

2504 1891 2514 1900 ⁸
2532 1888 2606 1910 Codd.
2620 1900 2629 1904 -
2640 1895 2666 1910 r:
2682 1890 2717 1910 et.

2505 2163 2516 2173 ·
2526 2170 2537 2182 A
2546 2169 2550 2182 :
2558 2162 2720 2189 praedictam,-

2506 2189 2545 2209 sed
2561 2195 2606 2209 non
2622 2192 2690 2209 recte.

2506 2225 2516 2235 ⁴
2531 2224 2667 2251 (31:1111'quis
2682 2224 2718 2245 di—

2506 2257 2559 2272 cere
2573 2251 2641 2278 quod.

2505 2282 2516 2293 *
2531 2281 2615 2306 Codd.,
2626 2287 2675 2302 exc.
2686 2287 2719 2302 ιιι

2506 2315 2529 2329 ο.
2538 2320 2547 2324 -
2556 2314 2569 2329 1²
2578 2315 2582 2328 :
2594 2308 2719 2335 procedat.

2508 2385 2515 2392 ·
2532 2382 2589 2410 Cap.
2600 2389 2632 2409 ιιι,
2644 2389 2667 2404 ιι.
2678 2382 2699 2404 6.
2708 2394 2718 2399 -

2508 2409 2600 2431 Corum.
2635 2416 2654 2431 s.
2673 2409 2718 2431 Th.

2508 2436 2559 2457 lect.
2577 2442 2599 2457 v.
