2548 4192
936 275 992 311 IN
1022 276 1060 312 S.
1083 275 1325 312 THOMAM
1352 277 1676 323 AQUINATEM

277 354 365 392 Quid
383 361 430 385 est
451 363 539 392 vero,
563 354 653 395 quod
672 354 969 394 Areopagiticorum
994 361 1157 385 auctorem
1183 354 1284 395 suspi-

208 405 296 430 cetur
318 398 506 429 Dodwellus
531 398 698 428 hominem
722 398 857 428 latinum
881 399 1078 439 quempiam,
1102 408 1142 429 ac
1158 398 1282 439 forsan

208 444 377 484 ipsummet
406 442 620 483 Gregorium,
649 443 705 483 qui
731 443 787 472 diu
823 443 1102 483 Constantinopoli
1130 443 1284 474 vixerat?

207 487 315 517 Iussus
338 497 356 517 a
374 486 502 527 Pelagio
523 487 549 516 ll
565 486 711 526 migravit
729 486 1056 527 Constantinopolim,
1080 487 1283 527 Apocrisiarii

207 541 338 561 munere
363 530 569 561 defuncturus
593 529 776 570 Gregorius,
801 541 886 561 anno
917 531 978 572 578
1003 538 1058 562 aut
1081 531 1280 572 insequente:

206 575 410 615 Romamque
436 575 527 605 rediit
556 574 608 605 ille
641 584 726 605 anno
759 575 880 605 circiter
907 575 980 605 585.
1006 576 1181 617 Utramque
1206 587 1281 616 epo-

205 619 299 649 cham
332 618 488 649 definiunt
515 625 635 649 ascetae
659 619 875 650 Sammauraei
907 619 939 650 in
964 620 1108 650 eiusdem
1137 621 1280 660 Gregorii

204 663 309 704 Papae
325 663 398 694 Vita
417 663 518 703 capite
533 673 564 700 v,
581 671 616 694 ac
641 673 700 693 nos
717 664 812 694 etiam
831 664 1039 704 expendimus
1063 671 1094 695 et
1117 665 1279 696 constitui-

206 717 279 738 mus
293 707 326 738 in
342 707 560 738 monumentis
570 707 827 748 Aquileiensibus
845 708 945 748 capite
959 719 1042 747 xxvr,
1054 719 1181 749 num.4.
1198 711 1279 740 Iam-

204 761 282 782 vero
305 758 421 782 notum
453 758 718 793 compertumque
747 752 900 790 fecimus,
925 753 1041 783 saeculi
1066 754 1142 784 sexti
1167 754 1278 794 initiO‚

205 795 255 826 vel
279 796 374 826 etiam
398 796 524 826 saeculo
548 796 662 837 quinto
682 797 822 835 cadente,
847 804 923 827 nota
947 797 1043 828 fuisse
1059 809 1155 838 opera
1178 801 1278 829 Areo-

205 839 359 880 pagitica,
384 840 560 881 eademque
579 841 705 871 laudata
728 840 761 871 in
789 841 958 872 collatione
983 842 1278 884 Constantinopoli-

204 890 289 923 tana‚
309 891 340 915 et
358 885 397 915 ab
412 885 605 925 Ephraemio
629 885 807 915 Patriarcha
830 886 1033 917 Antiocheno
1057 894 1232 918 memorata
1248 895 1279 919 et

203 927 356 959 illustrata
379 929 513 959 Scholiis
530 939 547 959 a
565 929 682 960 Ioanne
706 929 986 970 Scythopolitan03
1011 938 1047 962 ut
1074 931 1184 962 insana
1211 932 1278 963 sine

204 973 304 1003 dubio
323 973 467 1013 opinatio
486 974 539 1004 illa
558 974 608 1010 sit,
627 973 677 1004 vel
701 974 812 1004 eadem
831 974 986 1014 Gregorio
1006 975 1173 1006 attribuere
1191 977 1279 1007 velut

204 1017 325 1048 auctori
348 1018 399 1047 vel
422 1018 461 1048 ab
480 1018 665 1048 hominibus
684 1018 788 1048 latinis
808 1028 943 1058 procusa
967 1019 1108 1050 adserere
1132 1030 1170 1050 eo
1199 1026 1278 1050 tem-

203 1071 293 1102 pore,
313 1072 379 1103 quo
403 1062 489 1092 idem
512 1061 684 1102 Gregorius
703 1060 984 1102 Constantinopoli
1009 1064 1201 1094 morabatur.

270 1107 321 1136 An
345 1106 445 1146 ipsius
468 1112 626 1146 praeterea
649 1105 837 1136 sanctissimi
861 1106 1005 1146 Gregorii
1025 1107 1165 1147 probitas
1191 1115 1277 1148 pate-

203 1155 299 1187 retur,
324 1156 360 1180 ut
382 1159 490 1190 opera,
514 1159 596 1190 quae
619 1149 686 1189 ipse
708 1148 895 1180 confinxerit
917 1157 972 1180 aut
995 1150 1071 1191 ipsis
1095 1151 1280 1191 confingenss

204 1193 251 1223 dis
270 1202 380 1224 ansam
404 1200 435 1224 et
458 1203 555 1233 opem
574 1193 763 1234 praebuerit,
779 1194 838 1224 sub
863 1194 994 1224 nomine
1017 1195 1163 1236 Dionysii
1178 1198 1276 1227 Areo-

202 1237 326 1278 pagitae
349 1236 510 1268 laudaret?
526 1238 650 1268 Laudat
673 1248 709 1268 ea
727 1247 803 1268 vero
822 1238 965 1268 Homilia
982 1249 1075 1269 xxxrv
1094 1239 1127 1269 in
1144 1240 1275 1271 Lucam:

202 1281 333 1320 Fertur,
351 1282 509 1323 inquiens,
523 1282 705 1323 Dionysius
723 1283 934 1322 Areopagita,
954 1285 1108 1323 antiquus
1131 1289 1162 1314 et
1185 1294 1276 1315 vene-

202 1326 440 1367 rabilisyater,
461 1326 568 1357 atcere
585 1327 671 1367 quod
694 1336 736 1357 ex
754 1327 931 1357 minoribus
949 1327 1151 1368 Angelorum
1171 1331 1275 1369 agmi-

202 1368 296 1401 nibus
310 1370 412 1411 foras
434 1371 479 1401 ad
501 1371 694 1411 explendum
719 1371 950 1408 ministerium,
973 1372 1023 1402 vel
1037 1373 1203 1403 visibiliter
1227 1374 1277 1404 vel

201 1415 405 1446 invisibiliter
433 1416 614 1447 mittuntur.
644 1415 731 1445 Haec
759 1414 906 1455 allegatio
930 1415 1074 1455 Gregorii
1109 1417 1173 1447 iam
1205 1424 1276 1448 turn

200 1459 328 1498 vulgata
351 1459 448 1490 fuisse
475 1459 590 1490 evincit
620 1469 717 1500 opera
746 1460 805 1490 sub
836 1460 968 1491 nomine
997 1461 1143 1502 Dinoysii
1173 1463 1273 1493 Areo-

200 1503 336 1544 pagitae,
355 1512 438 1545 quae
457 1513 531 1544 prae
557 1504 705 1534 manibus
734 1504 884 1535 omnium
911 1504 1025 1536 forent.
1050 1505 1112 1536 Sed
1135 1513 1275 1538 attamen

200 1547 436 1579 sanctissimum
451 1548 638 1579 Pontificem
659 1548 697 1578 de
713 1548 842 1580 illorum
858 1549 971 1579 saltem
987 1557 1115 1581 auctore
1139 1551 1275 1583 dubium

199 1592 336 1623 haesisse
359 1599 519 1633 reponunt
542 1593 702 1634 plerique:
727 1594 817 1633 quod
833 1593 858 1624 si
881 1593 1013 1634 placeat,
1030 1604 1086 1635 per
1109 1605 1161 1626 me
1184 1596 1274 1634 licet;

199 1647 399 1679 quamquam
414 1637 654 1668 haesitationem
671 1637 749 1674 eim,
765 1648 864 1680 quam
883 1638 1038 1678 significat
1055 1640 1188 1670 verbum
1198 1640 1273 1681 fer-

200 1686 266 1719 tur,
284 1691 350 1712 non
374 1682 414 1711 ad
437 1688 598 1712 auctorem
623 1681 755 1722 eiusque
774 1693 882 1724 opera,
907 1682 962 1712 sed
981 1684 1020 1714 ad
1040 1683 1216 1715 doctrinam
1240 1685 1273 1716 in

200 1726 282 1756 libro
306 1725 345 1756 de
377 1725 500 1756 caelesti
517 1726 700 1756 Hierarchia
715 1734 908 1765 contentam,
928 1736 1027 1767 quam
1045 1728 1078 1758 in
1098 1728 1168 1768 ipso
1186 1728 1273 1760 fonte

200 1770 375 1810 expendere
398 1769 479 1800 forte
498 1770 653 1810 Gregorio
677 1780 744 1801 non
766 1772 913 1811 vacabat,
942 1771 1048 1802 referri
1071 1782 1166 1812 posse
1189 1773 1274 1805 docti

198 1814 258 1845 viri
280 1814 543 1854 interpretantur:
567 1825 666 1856 quam
689 1825 750 1857 ego
767 1815 919 1847 intactam
941 1816 1004 1847 hoc
1026 1816 1100 1848 loco
1126 1817 1272 1859 refinquo

199 1865 430 1901 quaestionem.

265 1902 396 1934 Accedit
415 1902 547 1933 demum
570 1909 601 1934 et
623 1903 692 1944 ipsa
715 1911 814 1935 aetate
847 1904 1118 1946 Scythopolitani,
1142 1913 1191 1937 tot
1213 1907 1272 1938 sci-

198 1946 272 1978 licet
294 1953 366 1977 ante
390 1946 784 1988 constantinopolitanum
805 1948 947 1989 Gregorii
972 1950 1030 1980 iter
1049 1950 1149 1986 annis,
1166 1951 1198 1981 in
1225 1962 1271 1982 ar-

198 1991 298 2023 chivis
321 1992 486 2022 Romanae
509 1991 667 2023 Ecclesiae
691 1993 842 2024 exstitisse
868 2004 976 2034 opera,
993 2004 1075 2035 quae
1098 1996 1272 2036 Areopagi-

198 2035 260 2067 tica
284 2035 441 2066 dicuntur.
468 2036 542 2073 Qua
565 2037 604 2067 de
627 2047 660 2067 re
692 2037 790 2068 fidem
822 2038 904 2069 Petri
933 2039 1100 2070 cuiusdam
1131 2040 1269 2071 Romani

198 2079 333 2111 Diaconi
351 2080 466 2120 allegat
492 2080 560 2120 ipse
584 2081 866 2122 Scythopolitanus
894 2083 927 2113 in
951 2084 1106 2123 prologo:
1130 2084 1269 2121 Quidam

198 2133 286 2162 vero,
306 2124 474 2166 inquiens,
492 2125 660 2157 Diaconus
682 2127 860 2164 Romanus,
886 2129 1014 2158 nomine
1036 2129 1172 2167 Petrus,
1193 2140 1270 2160 nar-

199 2170 286 2199 ravit
317 2169 395 2199 mihi
427 2170 536 2200 omnia
565 2170 632 2200 divi
654 2171 808 2212 Dionysii
831 2181 929 2212 opera
953 2173 1076 2203 Romae
1100 2174 1133 2204 in
1161 2184 1270 2205 sacro-

199 2223 272 2244 rum
288 2214 482 2254 scriptorum
516 2213 701 2246 bibliotheca
726 2217 866 2256 reposita
889 2218 1026 2247 servari.
1044 2216 1202 2248 Sonoram
1226 2218 1270 2249 fa-

197 2257 316 2288 bellam
340 2258 450 2288 loanni
474 2257 738 2299 Scythopolitano
761 2260 910 2291 cecinisse
929 2261 1058 2292 Petrum
1081 2261 1173 2293 illum
1197 2263 1270 2294 Dia-

198 2311 318 2332 conum
342 2308 433 2341 putat
455 2302 654 2343 Lequienus,
670 2305 933 2345 quandoquidem
954 2312 1042 2337 sexto
1065 2307 1192 2338 saeculo
1208 2307 1272 2338 iam

199 2345 310 2377 affecto
333 2344 392 2388 (ait
414 2345 481 2389 ille)
501 2346 673 2387 Gregorius
692 2349 827 2388 Magnus
851 2359 888 2379 ex
910 2349 1021 2380 auditu
1046 2351 1116 2381 solo
1140 2351 1193 2382 illa
1221 2362 1271 2382 ex-

197 2392 263 2421 tare
286 2397 434 2427 noverat;
457 2391 641 2432 profertque
671 2393 781 2424 locum
805 2393 873 2424 eius
899 2394 963 2424 iam
988 2394 1119 2425 allatum
1143 2406 1179 2426 ex
1203 2397 1271 2427 Ho-

197 2434 286 2464 milia
303 2444 396 2464 xxxrv
418 2435 451 2465 in
475 2436 607 2466 Lucam.
625 2438 668 2466 At
690 2437 800 2468 locum
823 2437 915 2468 illum
935 2438 1008 2468 satis
1032 2449 1097 2469 non
1122 2449 1209 2476 esse,
1236 2447 1272 2471 ut

198 2488 257 2518 pro
281 2478 395 2509 fabella
418 2478 570 2510 habeatur
591 2480 675 2510 Petri
698 2481 783 2512 illius
807 2481 941 2512 Diaconi
960 2483 1098 2513 Romani
1122 2483 1270 2523 narratio,

197 2522 430 2553 adnotavimus.

265 2567 303 2597 11.
321 2566 619 2607 Areopagiticorum
645 2575 776 2606 auctor,
800 2569 904 2610 inquit
922 2570 1130 2608 Dodwellus.
1153 2572 1270 2604 Roma-

198 2620 313 2641 norum
332 2612 453 2652 potius,
472 2621 568 2652 quam
588 2612 786 2644 Graecorum
811 2624 927 2651 mores,
945 2614 979 2644 id
996 2616 1091 2646 etiam
1109 2617 1177 2656 ipso
1196 2618 1270 2647 Ma-

194 2656 284 2686 ximo
306 2655 483 2687 adnotante
505 2657 538 2686 in
562 2656 718 2695 scholiis,
743 2663 888 2689 enarrat.
918 2659 1042 2689 Locum
1072 2660 1201 2691 Maximi
1226 2661 1271 2692 af-

195 2699 276 2730 ferre
299 2700 372 2730 satis
396 2699 509 2738 fuerit,
534 2700 590 2741 qui
614 2701 747 2732 habetur
769 2701 802 2732 in
826 2702 962 2733 Scholiis
985 2704 1025 2733 ad
1053 2712 1149 2744 caput
1171 2716 1203 2735 1v
1232 2706 1270 2736 de

197 2743 405 2774 ecclesiastica
428 2744 612 2775 Hierarchia
635 2756 724 2776 num.
744 2755 773 2776 2.
794 2759 809 2774 ‹
829 2747 1027 2787 Proponunt.
1053 2749 1126 2778 Hoc
1154 2756 1200 2780 est
1223 2760 1270 2781 se-

200 2800 216 2816 »
238 2788 382 2818 cundum
405 2789 689 2827 consuetudinem,
709 2801 791 2831 quae
815 2792 937 2821 Romae
965 2791 1069 2830 viget;
1093 2793 1156 2824 illic
1185 2795 1271 2824 enim

201 2844 216 2860 ι
239 2839 361 2872 septem
384 2833 443 2863 soli
467 2833 600 2864 Diaconi
617 2834 704 2864 altari
724 2835 874 2873 serviunt,
894 2846 977 2876 quos
996 2836 1047 2867 hic
1067 2837 1200 2868 arbitror
1221 2849 1270 2869 se-

201 2877 337 2907 »lectos
369 2877 530 2917 appellari.
552 2890 567 2905 ιι
603 2879 755 2910 Latinum
787 2889 863 2919 ergo
896 2880 921 2910 si
955 2880 1066 2912 exinde
1100 2882 1271 2913 concludas

201 2918 298 2951 fuisse
316 2928 478 2952 auctorem
493 2923 801 2963 Areopagiticorum,
817 2930 886 2954 toto
902 2925 1024 2954 aberras
1041 2925 1134 2956 ostio.
1150 2926 1271 2963 Quidni

202 2964 289 2994 enim
308 2964 446 2996 Graecus
469 2965 581 3002 homo,
606 2966 661 3007 qui
686 2967 764 2998 ritus
788 2967 971 3007 liturgicos,
996 2969 1140 3010 aliosque
1173 2971 1271 3002 eccle-

202 3007 343 3039 siasticos
366 3009 545 3048 aggreditur
563 3011 635 3041 data
657 3021 754 3051 opera
778 3012 1011 3052 explanandos,
1032 3023 1098 3043 non
1122 3015 1272 3054 potuerit,

201 3051 252 3082 vel
275 3052 371 3082 etiam
393 3063 460 3083 non
483 3054 624 3085 debuerit
647 3055 724 3086 ritus
748 3066 803 3086 eos
822 3066 989 3095 exponere,
1013 3067 1096 3097 quos
1125 3058 1157 3088 in
1181 3059 1272 3090 Occi-

202 3095 319 3126 dentali
334 3103 365 3127 et
378 3097 524 3127 Romana
539 3099 679 3129 Ecclesia
697 3100 836 3130 adhiberi
858 3099 1009 3131 facillimo
1029 3102 1159 3141 negotio
1179 3113 1273 3134 nosse

202 3138 344 3180 poterat?
376 3140 569 3181 Frequentes
592 3150 666 3173 sunt
689 3143 777 3174 latini
809 3144 996 3184 scriptores,
1024 3146 1139 3177 vetusti
1168 3157 1203 3178 ac
1227 3158 1272 3178 re-

201 3191 318 3221 centes,
342 3184 399 3225 qui
417 3184 504 3214 idem
525 3194 749 3225 argumentum
768 3194 990 3228 pertractantes
1009 3196 1040 3220 et
1057 3190 1173 3221 latinos
1194 3191 1271 3222 ritus

203 3228 362 3259 declarant
385 3235 416 3258 et
442 3238 571 3267 graecos
594 3230 747 3272 aliosque.

269 3272 365 3302 Plura
387 3272 516 3304 adducit
538 3281 722 3314 argumenta
740 3276 923 3316 Lequienus
946 3277 1018 3307 loco
1038 3278 1144 3316 citato,
1164 3285 1200 3309 ut
1216 3282 1272 3310 At-

201 3317 302 3347 ticum
326 3316 422 3347 fuisse
437 3316 530 3348 illum
549 3318 734 3358 scriptorem
752 3320 883 3350 evincat.
900 3321 1072 3352 Atticismis
1091 3332 1188 3362 opera
1204 3323 1271 3353 eius

202 3367 320 3400 scatere
353 3361 485 3391 loannes
518 3362 798 3402 Scythopolitanus
830 3364 946 3404 aliique
985 3365 1094 3396 Graeci
1127 3367 1271 3397 observa-

203 3411 287 3435 runt.
315 3405 350 3435 In
365 3405 457 3435 Notis
481 3406 521 3435 ad
544 3413 639 3445 caput
657 3417 699 3436 vn
718 3407 759 3437 de
781 3407 905 3438 caelesti
929 3408 1110 3439 Hierarchia
1133 3421 1205 3449 pag.
1226 3421 1268 3450 90

202 3449 278 3479 edit.
303 3449 433 3480 Corder.
461 3449 538 3480 haec
561 3449 730 3480 habentur:
759 3451 862 3481 Nemo
889 3452 1109 3483 soloecismum
1133 3455 1271 3493 suspice-

203 3498 278 3523 tur.
290 3516 298 3523 .
311 3516 339 3524 ..
363 3494 541 3524 Atticorum
557 3495 640 3524 enim
665 3499 712 3524 est
730 3496 904 3534 participia
924 3497 1102 3526 masculina
1113 3497 1269 3537 foemini-

204 3538 255 3567 nis
277 3538 484 3578 coniungere.
501 3539 610 3578 Ipsum
633 3545 725 3569 vocat
744 3538 878 3569 Michael
901 3539 1055 3579 Syngelus
1079 3540 1111 3570 in
1129 3541 1271 3571 eiusdem

203 3581 351 3611 encomio
370 3583 607 3623 Atticizantium
630 3583 850 3613 atticissimum
867 3588 896 3613 et
910 3585 1198 3623 grammaticorum
1214 3595 1271 3625 pe-

202 3626 402 3656 ritissimum.
419 3627 503 3657 Hinc
526 3637 601 3657 vero
621 3627 748 3657 coniicit
766 3628 911 3658 laudatus
931 3628 1128 3668 Lequienus,
1153 3630 1271 3659 Roma-

2303 293 2411 319 CXLIII

1340 365 1458 386 norum
1490 356 1567 387 ritus
1595 357 1634 387 ab
1659 367 1698 387 eo
1727 367 1820 397 saepe
1850 358 1999 396 describi,
2024 366 2190 399 propterea
2218 362 2306 401 quod
2334 372 2409 392 cum

1339 399 1495 430 Ecclesiae
1519 401 1666 439 Achaiae,
1686 401 1868 432 Thessaliae
1879 409 1909 432 et
1919 402 2032 443 Illyrici
2043 404 2081 433 ab
2096 403 2167 443 ipso
2177 405 2409 443 Apostolorum

1338 453 1416 474 aevo
1440 445 1581 476 addictae
1605 452 1708 476 essent
1731 446 1879 476 Romano
1902 446 2042 485 Primati,
2065 447 2228 478 Romanae
2252 448 2408 479 Ecclesiae

1337 489 1550 519 caeremonias
1573 489 1696 530 aliquot
1719 491 1924 530 usurpabant,
1949 501 2028 532 quas
2047 491 2126 521 aliae
2149 491 2250 531 graeci
2274 492 2350 522 ritus
2377 499 2407 523 et

1336 531 1496 563 idiomatis
1520 543 1586 564 non
1610 534 1769 564 haberent.
1786 535 1879 565 Hanc
1902 535 2094 575 peculiarem
2113 535 2277 566 Romanae
2301 536 2407 566 Eccle-

1336 575 1399 606 siae
1423 586 1532 607 curam
1550 578 1584 608 in
1608 578 1780 618 praedictas
1804 579 1983 609 Provincias
2001 589 2037 610 ex
2056 589 2095 610 eo
2119 579 2239 619 colligit
2261 580 2407 610 laudatus

1336 627 1447 651 auctor
1461 621 1493 651 in
1510 622 1648 652 Orientis
1672 622 1830 653 christiani
1852 623 1995 654 Dioecesi
2013 623 2135 664 Illyrica
2158 634 2248 654 num.
2265 633 2297 663 4,
2317 624 2406 664 quod

1335 673 1444 695 earum
1461 666 1674 697 Ecclesiarum
1694 666 1843 698 fundator
1866 677 1901 698 ac
1924 667 2085 698 institutor
2099 668 2230 706 Paulus,
2247 678 2322 698 cum
2341 668 2406 698 Ro-

1335 718 1422 739 mam
1441 710 1574 740 subinde
1594 710 1754 751 profectus
1778 718 1858 742 esset
1881 711 1988 752 ibique
2013 712 2164 753 martyrio
2189 712 2327 755 functus,
2351 722 2403 742 eas

1335 753 1420 784 dedit
1443 754 1606 785 Romanae
1621 755 1777 785 Ecclesiae
1796 756 2068 787 administrandas.
2089 770 2103 784 a
2117 757 2337 793 Quamobrem
2352 756 2406 786 ali-

1336 809 1351 823 »
1374 798 1516 837 quandiu
1551 800 1589 829 ab
1618 799 1686 829 eius
1710 799 1819 837 obitu,
1844 806 1912 830 orta
1940 800 1972 830 in
2001 800 2243 831 Corinthiorum
2266 800 2406 831 Ecclesia

1336 853 1351 868 ³>
1374 839 1447 884 (sub
1467 852 1531 883 qua
1554 841 1710 885 Athenae)
1727 843 1930 874 contentione
1950 845 1988 874 de
2004 844 2052 882 iis,
2072 854 2155 885 quos
2169 845 2405 885 Episcoporutn

1335 897 1350 912 »
1373 895 1429 916 seu
1453 887 1713 927 Presbyterorum
1745 888 1844 926 gradu
1873 889 2049 918 movendos
2078 889 2250 927 ducebant,
2276 899 2405 919 causam

1335 941 1350 956 ιι
1373 930 1537 960 Romanae
1557 931 1629 961 Sedi
1653 931 1844 969 detulerunt,
1869 933 1955 971 apud
1977 943 2075 973 quam
2098 933 2288 964 iudicaretur
2311 940 2341 964 et
2364 932 2401 963 fi-

1335 985 1349 1000 »
1372 973 1500 1004 nitetur.
1519 974 1693 1005 Clementis
1709 975 1813 1015 Papae
1833 975 1926 1015 primi
1943 976 2075 1016 epistola
2099 983 2207 1015 exstat,
2223 987 2322 1018 quam
2345 977 2403 1008 Ec-

1335 1029 1350 1043 »
1373 1018 1484 1048 clesiae
1508 1028 1583 1048 suae
1607 1019 1738 1049 nomine
1755 1019 1794 1048 ad
1813 1019 1997 1050 Corinthios
2015 1020 2053 1050 de
2068 1020 2123 1051 illo
2140 1021 2268 1060 negotio
2285 1021 2402 1052 scribit.

1335 1073 1349 1087 v
1373 1062 1446 1092 Huc
1469 1072 1600 1102 quoque
1625 1069 1760 1102 spectat,
1780 1063 1870 1103 quod
1893 1064 2093 1104 Hegesippus
2118 1065 2203 1105 apud
2226 1065 2402 1096 Eusebium

1335 1117 1350 1131 »
1372 1105 1453 1135 libro
1479 1106 1520 1136 IV
1544 1106 1703 1136 Historiae
1723 1107 1907 1144 ecclesiast„
1934 1108 2033 1148 capite
2055 1119 2116 1138 xxn
2150 1110 2346 1140 memorabat
2369 1119 2402 1140 se

1335 1161 1349 1176 ιι
1373 1149 1512 1179 Romam
1528 1160 1603 1180 cum
1622 1150 1729 1180 Primo
1746 1150 1988 1182 Corinthiorum
2007 1153 2154 1183 Antistite
2178 1153 2356 1193 navigasse.
2369 1154 2399 1184 ..⁴

1334 1205 1349 1220 »
1371 1193 1546 1233 Navigabat
1569 1194 1643 1224 illuc
1666 1194 1791 1225 Primus
1811 1196 1852 1224 ob
1873 1196 1999 1235 negotia
2022 1196 2179 1226 Ecclesiae
2195 1206 2269 1227 suae
2289 1207 2401 1237 urgen-

1334 1249 1348 1264 »
1371 1237 1502 1268 tissima.
1532 1238 1726 1278 Dionysius,
1750 1239 1847 1269 Primi
1876 1250 2055 1279 successor,
2080 1240 2181 1270 Soteri
2209 1242 2311 1281 Papae
2331 1242 2403 1272 data

1334 1294 1348 1308 »
1371 1281 1506 1321 epistola
1529 1282 1715 1322 significavit
1737 1282 1823 1313 illam
1849 1283 2021 1314 Clementis
2045 1284 2083 1314 ad
2113 1284 2296 1315 Corinthios
2326 1296 2401 1316 suos

1334 1338 1348 1352 »
1371 1326 1540 1366 epistolam
1563 1326 1649 1357 statis
1678 1327 1875 1367 temporibus
1904 1329 1990 1368 apud
2014 1338 2046 1358 se
2076 1328 2137 1368 legi
2161 1329 2303 1367 solitam;
2323 1329 2402 1370 quin

1333 1382 1348 1397 »
1370 1370 1458 1400 illam
1482 1370 1607 1411 pariter,
1627 1381 1726 1411 quam
1750 1371 1842 1402 Soter
1864 1382 1995 1413 quoque
2013 1373 2099 1412 Papa
2118 1372 2176 1402 sibi
2196 1373 2368 1413 scripserat.
2383 1387 2397 1401 »

1330 1413 1469 1445 Graecus
1493 1425 1568 1455 ergo
1597 1415 1697 1445 homo
1723 1422 1753 1446 et
1777 1425 1814 1446 ex
1836 1416 1956 1446 Achaia
1978 1416 2029 1447 vel
2053 1416 2274 1455 Atheniensis,
2298 1424 2334 1448 ut
2356 1417 2401 1448 vi-

1330 1459 1432 1497 detur,
1449 1469 1524 1490 cum
1543 1459 1637 1490 fuerit
1655 1460 1952 1500 Areopagiticorum
1976 1467 2096 1499 auctor,
2114 1460 2232 1491 mirum
2251 1471 2317 1491 esse
2334 1471 2400 1491 non

1330 1503 1422 1534 debet
1452 1503 1529 1534 ritus
1560 1503 1685 1544 aliquos
1715 1504 1873 1535 Ecclesiae
1901 1505 2066 1535 Romanae
2098 1504 2163 1535 suis
2195 1505 2228 1535 in
2252 1505 2402 1545 operibus

1329 1547 1437 1588 ipsum
1460 1548 1653 1588 explanasse.
2017 1582 2026 1591 ¹

1395 1592 1500 1632 Pergit
1531 1592 1713 1633 Lequienus
1745 1592 1779 1622 in
1802 1593 2029 1623 Dissertatione
2055 1593 2081 1623 11
2106 1593 2323 1624 damascenica
2358 1593 2401 1624 sic

1329 1636 1493 1667 disserere:
1512 1649 1527 1664 ι
1541 1636 1669 1667 Sacram
1692 1637 1888 1675 unctionem,
1913 1647 2011 1678 quam
2035 1647 2094 1668 nos
2116 1638 2399 1678 Confirmationem

1332 1693 1346 1708 »
1369 1681 1578 1721 appellamuS‚
1596 1691 1663 1711 non
1682 1691 1700 1711 a
1718 1681 1908 1722 Presbyteris
1924 1681 1990 1712 fieri
2010 1682 2165 1720 concedit,
2186 1692 2243 1712 ceu
2259 1682 2314 1722 qui
2331 1692 2400 1721 per-

1331 1737 1346 1752 »
1369 1724 1493 1755 ficiendi
1505 1731 1658 1765 potestate
1669 1732 1803 1762 careant,
1813 1725 1867 1756 sed
1883 1725 2074 1765 aPontifice,
2091 1725 2145 1757 ἐπὶ
2167 1724 2226 1757 τὸν
2243 1723 2398 1770 ἰεροίρχην

1331 1782 1346 1797 ›
1371 1767 1475 1801 ἀυτον
1503 1768 1685 1814 ἀναγουσιν
1705 1767 1815 1812 (illum
1836 1768 2059 1812 (baptizatum)
2074 1771 2118 1801 ad
2136 1771 2320 1812 Pontificem
2339 1772 2399 1801 du-

1331 1826 1346 1841 »
1369 1819 1456 1851 cunt,
1482 1815 1538 1855 qui
1559 1815 1713 1845 divinitus
1735 1820 1863 1845 sacrato
1887 1814 1956 1845 oleo
1981 1816 2085 1845 virum
2109 1817 2306 1856 consignans
2329 1821 2400 1853 ete„

1331 1870 1346 1885 κ»
1368 1858 1470 1899 capite
1489 1869 1511 1889 11
1530 1859 1569 1890 de
1593 1858 1667 1889 eccl.
1685 1858 1877 1897 Hierarchia,
1898 1869 1986 1889 num.
2007 1869 2036 1889 2.
2053 1859 2082 1899 ἓ.
2100 1858 2145 1902 7).
2164 1859 2228 1896 Qui
2244 1859 2334 1890 locus
2353 1869 2399 1889 ar-

1331 1915 1346 1930 »
1367 1910 1523 1943 gumento
1547 1903 1605 1934 erit
1629 1903 1785 1933 larvatum
1808 1903 1892 1933 hunc
1909 1903 2102 1944 Dionysium
2126 1914 2192 1934 non
2206 1903 2303 1934 fuisse
2326 1903 2399 1933 Ale-

1330 1960 1344 1974 »
1366 1947 1536 1978 xandrinae
1553 1947 1711 1978 Ecclesiae
1730 1947 1924 1985 obnoxium;
1945 1947 1977 1977 in
2001 1958 2065 1988 qua
2088 1958 2185 1988 penes
2209 1947 2304 1978 etiam
2327 1948 2399 1978 Pre-

1329 2004 1343 2019 »
1367 1992 1509 2032 sbyteros
1532 1992 1597 2022 iarn
1620 1991 1699 2022 olim
1723 1997 1804 2022 esset
1826 1991 1922 2022 huius
1950 1991 2109 2022 unctionis
2138 1992 2333 2032 peragendae
2352 1991 2399 2022 of-

1329 2049 1343 2063 »
1366 2035 1485 2067 ficium.
1509 2049 1523 2063 »
1550 2037 1637 2066 Haec
1670 2035 1822 2066 nimirum
1855 2035 1937 2066 dicta
1959 2043 2033 2066 sunt
2063 2043 2172 2067 contra
2194 2036 2399 2067 Paschasium

1326 2080 1549 2118 Quesnellium
1569 2087 1599 2111 et
1626 2080 1778 2110 Ioannem
1800 2080 1944 2118 Bonam,
1969 2080 2007 2110 de
2031 2080 2147 2121 quibus
2170 2080 2268 2110 infra:
2293 2080 2397 2111 conie-

1327 2132 1513 2166 cturamque
1533 2124 1722 2155 confirmant
1746 2124 1784 2154 de
1808 2124 1945 2155 auctoris
1973 2125 2072 2164 patria
2095 2131 2126 2155 et
2144 2124 2303 2161 Ecclesia,
2333 2125 2398 2155 Ro-

1326 2179 1438 2200 manae
1472 2169 1630 2200 Ecclesiae
1663 2168 1812 2199 subiecta.
1849 2169 2056 2209 Quamquam
2082 2169 2222 2208 theologi
2250 2168 2308 2198 viri
2331 2168 2398 2198 ani—

1326 2214 1537 2250 madvertunt,
1548 2214 1643 2243 allato
1654 2213 1726 2243 loco
1737 2212 1933 2243 ordinarium
1948 2212 2207 2243 Confirmationis
2218 2212 2399 2243 ministrum

1326 2258 1502 2298 indigitari;
1531 2258 1701 2298 ipsumque
1726 2257 1911 2297 scriptorem
1939 2257 2011 2287 alibi
2033 2257 2253 2298 Presbyterum
2277 2256 2397 2297 simpli-

1327 2312 1396 2333 cem
1421 2302 1586 2342 agnovisse
1603 2301 1784 2332 ministrum
1800 2301 2091 2339 extraordinarium,
2108 2308 2144 2331 ut
2159 2301 2246 2341 apud
2261 2300 2398 2331 Graecos

1327 2347 1359 2377 in
1384 2356 1473 2376 more
1498 2346 1640 2386 positum
1664 2352 1720 2375 est.
1751 2346 1876 2375 Locum
1901 2344 2034 2375 afferunt
2057 2355 2094 2375 ex
2117 2345 2218 2385 capite
2242 2355 2262 2374 v
2289 2345 2327 2375 de
2347 2355 2396 2375 ec-

1328 2390 1499 2421 clesiastica
1522 2389 1705 2420 Hierarchia
1724 2389 1813 2419 numi
1837 2400 1863 2427 1,
1880 2389 1908 2430 ξ.
1930 2391 1959 2427 5,
1976 2389 2031 2420 ubi
2045 2388 2232 2420 Pontificem
2251 2399 2318 2419 esse
2337 2389 2399 2429 pri-

1328 2445 1419 2465 mum
1438 2434 1471 2464 in
1491 2434 1602 2464 ordine
1626 2433 1830 2471 hierarchico,
1854 2434 1892 2464 ab
1917 2443 2020 2474 eoque
2044 2443 2164 2464 sacram
2188 2443 2319 2463 omnem
2338 2443 2396 2473 po-

1327 2485 1471 2509 testatem
1495 2479 1534 2508 ad
1557 2477 1720 2508 inferiores
1739 2487 1927 2518 promanare
1951 2487 2026 2508 cum
2049 2478 2172 2517 probet,
2192 2477 2235 2507 sic
2252 2477 2398 2517 deinceps

1327 2523 1387 2553 ait:
1413 2523 1502 2553 Licet
1515 2524 1599 2552 enim
1616 2532 1636 2552 a
1653 2522 1879 2552 Sacerdotibus
1903 2522 2087 2552 veneranda
2103 2522 2261 2562 quaedam
2280 2521 2397 2552 Sacra-

1327 2572 1434 2598 menta
1467 2567 1700 2607 conficiantur,
1726 2576 1900 2606 numquam
1934 2571 2040 2596 tamen
2065 2565 2223 2596 Sacerdos
2254 2565 2396 2596 divinam

1327 2612 1416 2642 illam
1433 2612 1711 2652 regenerationem
1728 2608 1798 2652 (seu
1819 2609 2028 2652 baptismum)
2044 2611 2114 2640 sine
2129 2610 2325 2640 divinissimo
2342 2610 2397 2640 illo

1327 2661 1494 2696 unguento
1517 2655 1758 2686 consummabit.
1775 2655 1873 2692 Quod
1898 2661 2099 2694 unguentum
2120 2654 2187 2684 sine
2207 2653 2305 2684 dubio
2321 2664 2396 2684 con-

1327 2707 1426 2730 secrat
1448 2699 1610 2730 Pontifex:
1631 2710 1670 2729 an
1695 2699 1790 2730 etiam
1813 2698 1893 2729 illud
1916 2698 1983 2738 ipse
2007 2708 2132 2738 semper
2155 2698 2318 2735 adhibeat,
2343 2699 2397 2728 ba-

1327 2744 1461 2785 ptizatos
1485 2742 1723 2784 consignando?
1747 2744 1793 2773 lta
1811 2753 1885 2773 sane
1904 2742 2117 2780 Pachimeres,
2137 2742 2281 2782 Dionysii
2305 2742 2397 2772 Para-

1327 2789 1486 2829 phrastes:
1507 2798 1573 2818 non
1597 2788 1640 2818 ita
1658 2787 1828 2824 Arcudius,
1843 2787 1899 2827 qui
1914 2787 2108 2827 baptizatum
2125 2797 2163 2817 eo
2179 2786 2240 2816 loci
2264 2786 2302 2816 ab
2326 2786 2397 2826 ipso

1326 2832 1462 2873 simplici
1487 2832 1654 2863 Sacerdote
1677 2831 1900 2872 inungendum
1923 2831 2054 2871 intelligi
2074 2830 2247 2861 arbitratur.

1703 2952 1902 2989 CAPUT
1929 2951 2020 2988 VII.

1326 3049 1367 3074 Ab
1385 3049 1521 3074 haereticis
1536 3048 1726 3081 Monophyaitis
1741 3056 1788 3073 seu
1803 3047 1970 3080 Eutychi-anis
1985 3046 2161 3079 Areopagitica
2174 3054 2254 3079 opera
2268 3054 2321 3071 non
2336 3054 2395 3079 pro-

1398 3085 1485 3115 diisse,
1500 3085 1572 3109 velut
1590 3084 1747 3114 auctoribus,
1762 3088 1914 3115 argumenta
1929 3083 2003 3115 plura
2017 3083 2142 3106 suadent:
2156 3083 2260 3114 vulgata
2279 3082 2397 3114 Dionysii

1397 3120 1571 3153 Areopagitae
1594 3125 1696 3144 vetusta
1718 3119 1891 3152 praenotatio:
1910 3118 2087 3150 Areopagitica
2107 3118 2228 3149 dogmata
2252 3117 2284 3142 ab
2308 3117 2395 3142 ortho-

1398 3156 1471 3180 doxis
1491 3156 1609 3180 Patribus
1634 3160 1723 3179 contra
1752 3154 1927 3186 Eutychianos
1952 3158 1977 3178 et
2001 3152 2182 3178 Monothelitas
2206 3153 2332 3177 adhibita:
2352 3161 2396 3177 su-

1398 3191 1481 3223 spicio
1500 3191 1605 3223 quidem
1625 3191 1694 3223 apud
1713 3190 1813 3222 aliquos
1833 3190 1865 3213 de
1888 3193 1992 3213 auctore
2010 3188 2206 3221 Apollinarista,
2226 3188 2294 3220 apud
2314 3189 2395 3212 nemi-

1398 3234 1459 3250 nem
1479 3226 1510 3250 de
1529 3225 1719 3258 Monophysita.
1734 3225 1872 3249 Adduntur
1895 3223 2042 3248 testimonia
2062 3224 2137 3256 plura
2160 3224 2186 3248 in
2205 3223 2304 3248 eisdem
2323 3224 2395 3248 libris

1398 3266 1526 3292 contenta,
1545 3269 1613 3293 quae
1632 3260 1798 3293 Eutychianis
1818 3259 1949 3284 erroribus
1968 3259 2145 3284 adversantur.

1327 3364 1349 3394 1.
1374 3357 1586 3437 Hactenus
1609 3363 1727 3393 leviora
1743 3362 1960 3399 disseruimus,
1976 3371 2058 3402 quae
2077 3361 2163 3391 nulla
2182 3367 2287 3391 tamen
2304 3370 2392 3400 prae-

1457 3407 1585 3437 termitti
1610 3407 1730 3436 ratione
1754 3413 1905 3446 potuere,
1925 3412 1961 3436 ut
1983 3405 2137 3435 inoffenso
2162 3405 2240 3444 pede
2260 3404 2300 3433 ad
2323 3414 2391 3444 gra-

1325 3451 1413 3481 viora
1437 3451 1686 3489 adsurgeremus.
1704 3450 1791 3479 Num
1815 3449 2031 3489 Eutychianus
2055 3449 2154 3478 homo
2174 3448 2267 3478 fuerit
2285 3455 2395 3478 auctor

1326 3494 1633 3534 Areopagiticorum,
1650 3493 1794 3534 quaestio
1819 3500 1875 3530 est,
1892 3503 1989 3533 quam
2009 3492 2163 3522 celebrem
2182 3492 2255 3522 fecit
2279 3492 2394 3522 doctis-

1326 3538 1426 3568 simus
1449 3538 1496 3568 vir
1519 3537 1653 3567 Michael
1678 3537 1858 3577 Lequienus
1882 3536 2010 3567 Ordinis
2034 3536 2298 3573 Praedicatorum,
2323 3546 2393 3566 eru-

1326 3582 1486 3612 ditissimis
1502 3581 1591 3611 editis
1606 3581 1755 3621 operibus
1777 3580 1976 3611 clarissimus.
1998 3581 2031 3610 ln
2043 3580 2266 3610 Dissertatione
2286 3580 2393 3610 dama-

1326 3626 1447 3656 scenica
1467 3626 1504 3664 11,
1530 3635 1618 3655 num.
1642 3635 1680 3664 14
1696 3632 1726 3655 et
1741 3635 1828 3666 seqq.
1846 3625 2010 3655 ostendere
2029 3634 2087 3664 pro
2107 3624 2188 3654 virili
2205 3634 2262 3654 sua
2285 3624 2395 3655 nititur
