2548 4192
220 287 305 313 XCIV

223 355 322 386 Iorsio
342 362 397 386 aut
419 355 557 387 vallensi
581 356 685 394 tribui,
706 363 735 386 te
754 362 892 393 auctore,
913 355 1060 391 debeant;
1083 363 1138 383 cur
1160 353 1285 383 nullum

221 400 323 430 bonae
333 406 427 430 notae
438 399 580 430 codicem
594 399 827 437 affers,nullum
844 398 1059 439 synchronum
1076 407 1285 437 supparemve

221 444 355 474 advocas
378 450 500 482 testem,
519 443 634 484 quibus
656 443 778 474 evincas
797 443 886 483 quod
904 441 1029 480 adseris,
1050 451 1089 471 ne
1113 447 1143 471 et
1166 447 1200 471 tu
1224 451 1283 481 pro

219 487 313 527 genio
337 498 426 527 agere
449 488 640 527 ingenioque
665 485 794 517 dicaris?

286 532 396 562 Facilis
420 531 549 572 quidem
568 531 653 562 Sixto
674 530 802 561 Senensi
822 529 900 559 olim
918 530 984 560 visa
1006 536 1051 560 est
1073 529 1125 559 illa
1150 539 1281 560 concor-

220 575 288 606 diae
311 576 376 614 via,
405 576 542 606 Romae
569 575 683 605 scilicet
709 574 833 614 Anglici
861 574 893 603 in
923 574 1072 603 lemam
1087 574 1279 614 Angelicum

219 619 441 650 commutatio:
465 626 497 649 at
519 619 662 649 eamdem
684 617 856 657 generatim
879 624 1051 657 sumptam,
1076 628 1111 648 ac
1135 618 1202 648 sine
1224 628 1279 658 pe-

218 663 324 694 culiari
347 663 467 693 ratione
489 662 607 702 passim
630 662 812 699 adhibitam,
831 661 926 691 veluti
946 661 1075 701 periculi
1097 662 1225 702 plenam
1243 672 1279 692 ac

216 707 458 747 improbandam
480 706 656 736 solertiores
679 705 904 745 peritioresque
926 705 1155 736 existimarunt:
1176 707 1278 747 deque

218 750 320 781 dubiis
342 750 504 790 praedictis
527 750 675 790 operibus
699 749 777 780 nihil
800 749 1033 780 decernendum
1059 750 1181 780 censuit
1203 761 1277 790 pru-

217 794 416 824 dentissimus
439 794 617 833 Echardus,
642 795 704 824 nisi
722 804 764 824 ex
782 795 973 834 inspectione
995 795 1200 834 antiquorum
1225 805 1276 825 co-

565 275 1021 313 DISSERTATIONES
1052 272 1298 310 CRITICAE
1329 272 1383 308 IN
1414 273 1451 309 S.
1473 273 1714 310 THOMAM
1742 274 2067 320 AQUINATEM

1340 351 1446 382 dicum
1470 362 1544 383 mss.
1565 353 1625 383 lux
1652 354 1758 383 maior
1779 353 1953 394 affulgeat.
1988 354 2019 385 Si
2049 365 2132 395 quae
2154 366 2230 387 vero
2262 358 2417 391 dederunt

1341 404 1495 427 nostrates
1520 407 1616 437 opera
1631 397 1789 435 Thomae,
1805 398 1896 428 cuius
1916 398 2027 429 eadem
2044 409 2111 430 non
2131 410 2199 430 esse
2218 401 2415 443 diligentiore

1338 448 1449 479 postea
1472 441 1619 480 indagine
1638 441 1789 479 innotuit,
1808 441 1841 471 id
1865 443 1904 472 ab
1927 442 1988 473 illis
2013 450 2095 474 certe
2118 444 2249 484 factum,
2269 447 2320 479 vel
2340 449 2416 489 quia

1338 485 1462 515 codices
1485 495 1561 516 mss.
1582 485 1714 515 nomine
1741 486 1888 517 Thomae
1916 487 1989 518 licet
2020 488 2100 519 falso
2129 489 2298 531 inscriptos
2328 492 2414 523 inve-

1337 536 1466 567 nerunt;
1493 530 1543 559 vel
1566 530 1608 559 ob
1632 530 1808 570 quamdam
1827 531 1932 571 operis
1961 532 2081 563 inventi
2101 533 2168 565 sine
2194 536 2331 567 auctoris
2355 547 2414 568 no-

1336 573 1421 603 mine
1450 583 1524 604 cum
1551 574 1632 604 veris
1659 575 1829 615 Aquinatis
1852 575 2013 616 Operibus
2041 578 2203 610 doctrinae
2225 580 2284 611 sibi
2312 581 2414 613 visam

1336 618 1591 651 consonantiam:
1617 618 1768 660 idemque
1787 627 1951 660 postremo
1973 621 2016 652 ita
2035 623 2232 663 praestitum,
2252 632 2288 656 ut
2307 625 2414 658 foetus

1334 661 1405 692 illos
1430 662 1600 693 certissime
1619 664 1776 703 genuinos
1795 675 1863 696 non
1886 666 2054 698 habuerint
2072 667 2143 708 ipsi,
2163 668 2237 699 hinc
2260 669 2334 700 inde
2354 671 2412 702 cri-

1333 707 1428 737 ticam
1451 707 1674 748 quaestionem
1697 710 1889 741 versaverint
1919 711 2073 753 litemque
2094 711 2268 744 finiendam
2287 715 2411 755 sapien-

1332 751 1453 782 tiorum
1470 751 1589 782 iudicio
1609 753 1802 794 reliquerint.
1822 755 1995 787 Methodus
2009 757 2086 788 haec
2106 764 2163 795 est,
2178 768 2260 799 quae
2275 759 2349 790 satis
2363 769 2411 790 se-

1331 795 1435 836 ipsam
1458 803 1568 827 contra
1591 797 1718 828 dicteria
1742 798 1864 830 Oudini
1887 807 1994 832 tuetur
2019 811 2055 832 ac
2078 802 2225 835 vindicat.
