2788 4204
68 798 76 806 ·
87 803 112 818 e:
123 795 218 817 accidit.

68 956 76 964 ·
87 960 101 975 Α
114 961 119 975 :
163 951 279 979 contingit

67 978 276 1004 Ιιαπειιηίῐαίσηιιέὶ.

305 228 353 264 38

306 319 353 343 ne
370 305 644 343 coniunctionis
658 306 721 342 vel
737 317 868 342 morae
884 310 907 341 ⁰.
930 306 978 341 Et
993 304 1147 352 quidem
1164 315 1242 339 non
1257 302 1367 338 inter-

306 359 430 408 ruptio
447 359 646 395 locutionis
671 358 882 395 necessaria
898 365 953 393 est
968 357 1016 393 ad
1030 357 1214 393 unitatem
1236 353 1367 391 defini-

304 412 433 458 tionis,
460 411 547 460 quia
576 412 605 448 si
631 411 931 459 interponeretur
959 409 1172 446 coniunctio
1199 407 1368 456 partibus

307 464 629 511 definitionis,iam
645 463 811 500 secunda
821 474 899 498 non
911 462 1176 498 determinaret
1189 460 1366 509 primam,

306 518 374 555 sed
395 517 691 565 significarentur
706 522 746 552 ut
758 521 842 551 actu
858 516 998 551 multae
1018 514 1055 550 in
1075 514 1265 550 locutione
1279 518 1315 548 ⁷¹:
1333 520 1369 548 et

306 571 408 608 idem
443 578 620 619 operatur
653 567 883 615 interpositio
916 579 1069 613 morae,
1105 579 1180 615 qua
1212 573 1368 602 utuntur

306 625 474 660 rhetores
511 623 595 658 loco
638 619 921 657 coniunctionis.
957 620 1068 661 Unde
1103 619 1151 656 ad
1185 619 1368 655 unitatem

307 675 534 713 definitionis
563 673 761 722 requiritur
789 672 894 721 quod
916 680 1042 721 partes
1067 672 1146 709 eius
1173 672 1367 721 proferan-

306 737 365 765 tur
385 728 463 764 sine
484 727 742 764 coniunctione
768 733 804 762 et
829 726 1129 774 interpolatione:
1145 724 1233 774 quia
1254 724 1367 760 etiam

305 781 343 817 in
363 793 402 817 re
422 780 590 826 naturali,
618 780 723 816 cuius
743 786 799 815 est
818 778 999 826 definitio,
1020 778 1110 815 nihil
1131 777 1229 815 cadit
1250 778 1270 798 *
1288 789 1367 813 me-

306 833 410 870 dium
445 833 540 869 inter
574 832 772 869 materiam
802 839 839 868 et
873 833 1054 868 formam:
1081 831 1149 868 sed
1175 830 1368 879 praedicta

305 898 382 923 non
411 885 630 934 interruptio
666 898 743 922 non
773 885 910 922 sufficit
943 885 992 922 ad
1019 885 1201 921 unitatem
1236 883 1367 920 defini-

305 938 426 985 tionis,
458 938 546 987 quia
575 938 753 985 contingit
781 938 894 975 etiam
923 939 1021 975 hanc
1050 936 1368 974 continuitatem*

303 992 523 1040 prolationis
544 991 685 1028 servari
701 991 738 1027 in
753 990 822 1038 his,
840 1004 937 1040 quae
957 1003 1035 1028 non
1055 998 1141 1028 sunt
1153 990 1369 1038 simpliciter

266 1042 271 1046 “
304 1057 437 1092 unum,
459 1045 526 1082 sed
539 1056 612 1092 per
639 1044 829 1089 accidens‚·
847 1053 889 1081 ut
915 1044 944 1081 si
965 1044 1106 1091 dicam,
1126 1045 1237 1080 homo
1262 1043 1368 1079 albus

68 1429 76 1435 “
86 1427 120 1449 Cf.
129 1433 188 1454 sup„
196 1433 218 1448 n.
227 1433 250 1454 9.

304 1098 477 1134 musicus.
501 1098 562 1135 Sic
581 1097 690 1145 igitur
709 1096 927 1134 Aristoteles
947 1097 1060 1135 valde
1080 1096 1260 1134 subtiliter
1288 1108 1367 1132 ma-

305 1150 492 1188 nifestavit
517 1151 622 1199 quod
646 1151 819 1188 absoluta
846 1151 969 1187 unitas
994 1149 1266 1187 enunciationis
1290 1161 1368 1193 non

304 1203 508 1252 impeditur
527 1210 557 1250 1',
583 1216 708 1253 neque
727 1215 796 1252 per
816 1203 1134 1252 compositionem
1158 1215 1274 1251 quam
1298 1202 1368 1238 im—

304 1264 428 1305 portat
464 1258 650 1304 verbum,
677 1268 801 1305 neque
829 1269 898 1305 per
932 1256 1212 1293 multitudinem
1245 1255 1367 1291 nomi-

305 1322 398 1346 num
420 1322 466 1346 ex
494 1310 631 1358 quibus
670 1317 814 1346 constat
849 1309 1028 1347 definitio.
1066 1310 1114 1346 Et
1148 1315 1203 1345 est
1231 1308 1367 1345 eadem

306 1362 398 1399 ratio
427 1363 641 1412 utrobique,
662 1375 752 1399 nam
775 1362 1036 1410 praedicatum
1058 1368 1300 1410 comparatur
1319 1361 1367 1397 ad

305 1415 517 1452 subiectum
532 1424 574 1453 ut
593 1416 716 1452 forma
735 1414 782 1451 ad
803 1415 1001 1452 materiam
1009 1415 1039 1461 ³¹³,
1057 1422 1094 1451 et
1113 1414 1281 1451 similiter
1300 1413 1367 1450 dif-

305 1469 461 1505 ferentia
480 1469 528 1506 ad
556 1481 695 1516 genus:
717 1480 761 1504 ex
782 1468 910 1504 forma.
929 1475 1056 1504 autem
1083 1474 1120 1504 et
1144 1466 1301 1504 materia
1326 1467 1369 1503 fit

304 1534 426 1558 unum
456 1522 682 1570 simpliciter.

366 1587 420 1611 12.
438 1575 586 1611 Deinde
607 1586 695 1610 cum
717 1571 820 1610 dicit:
835 1574 905 1610 Est
916 1578 1040 1610 autem
1061 1585 1136 1609 una
1152 1572 1272 1609 oratio
1284 1579 1366 1619 etc.,

306 1627 450 1664 accedit
469 1627 517 1664 ad
536 1625 853 1664 manifestandam
872 1626 1106 1675 praedictam
1127 1625 1367 1662 divisionem.

305 1681 354 1716 Et
379 1680 517 1728 primo,
539 1680 752 1717 manifestat
779 1680 905 1728 ipsum
944 1691 1150 1715 commune
1185 1678 1289 1728 quod
1316 1678 1369 1715 di-

304 1732 454 1780 viditur,
486 1733 590 1781 quod
623 1740 678 1769 est
698 1732 911 1778 enunciatio
931 1745 1026 1778 una;
1047 1732 1228 1778 secundo,
1249 1731 1369 1768 mani-

304 1786 412 1822 festat
439 1794 564 1834 partes
593 1786 788 1823 divisionis
817 1785 1028 1822 secundum
1057 1785 1230 1834 proprias
1258 1784 1369 1821 ratio-

304 1851 389 1884 nes;
416 1839 484 1876 ibi:
505 1840 660 1876 Harum
698 1844 822 1876 autem
850 1840 943 1875 haec
969 1838 1130 1886 simplex
1163 1845 1232 1875 etc.
1260 1838 1370 1874 Circa

303 1891 471 1940 primum
501 1892 577 1929 duo
611 1892 716 1928 facit:
748 1892 891 1941 primo,
922 1891 1134 1928 manifestat
1165 1890 1287 1940 ipsam
1317 1890 1370 1928 di-

303 1945 492 1982 visionem
514 1951 540 1991 '¹;
571 1945 761 1993 secundo,
793 1944 983 1982 concludit
1002 1944 1107 1993 quod
1131 1945 1179 1981 ab
1207 1952 1369 1993 utroque

358 2083 384 2118 o)
400 2085 464 2110 Sine
482 2085 572 2116 aliqua
591 2083 790 2116 interpositione
808 2083 1000 2108 coniunctionis
1019 2084 1058 2108 vel
1072 2090 1169 2108 morae.
1190 2083 1263 2113 Quae
1283 2084 1314 2108 de
1333 2084 1371 2109 in-

304 2120 472 2152 terpositione
491 2127 519 2144 ac
539 2120 571 2144 de
589 2119 775 2151 interruptione
794 2118 834 2143 hic
854 2119 974 2143 dicuntur
997 2119 1083 2151 quoad
1102 2119 1225 2143 unitatem
1246 2118 1370 2144 definitio-

304 2156 352 2186 nis,
368 2156 420 2180 imo
440 2160 465 2180 et
483 2155 610 2187 cuiusque
629 2154 759 2183 orationis,
775 2154 887 2178 novitius
902 2154 1007 2186 accipiat
1026 2162 1078 2178 non
1095 2154 1202 2186 physice
1226 2155 1271 2179 sed
1286 2163 1371 2179 mora-

303 2191 368 2221 liter,
383 2190 432 2215 hoc
447 2195 494 2219 est,
510 2190 653 2215 secundum
673 2189 808 2214 hominum
828 2197 995 2214 communem
1014 2189 1236 2214 existimationem.
1256 2190 1282 2214 Si
1301 2190 1370 2215 enim

304 2226 464 2258 interpositio
483 2226 524 2250 vel
543 2225 694 2257 interruptio
720 2225 754 2249 sit
771 2225 828 2249 talis
848 2232 877 2249 ac
901 2229 970 2249 tanta
992 2229 1022 2248 ut
1040 2225 1184 2249 secundum
1203 2233 1369 2250 communem

303 2261 440 2286 hominum
466 2261 678 2285 existimationem
704 2268 755 2284 non
775 2260 886 2292 amplius
911 2267 1005 2284 sensus
1030 2260 1214 2292 propositionis
1234 2260 1370 2291 habeatur,

304 2297 370 2329 perit
383 2297 467 2321 unitas
478 2295 632 2320 definitionis
647 2296 687 2320 vel
702 2295 824 2320 orationis
832 2303 839 2325 ;
851 2303 927 2320 secus
943 2300 1029 2320 autem
1042 2295 1063 2319 si
1074 2303 1176 2325 sensus,
1188 2303 1240 2320 non
1250 2296 1370 2321 obstante

304 2331 498 2364 interpositione
511 2332 552 2355 vel
571 2331 762 2363 interruptione,
777 2335 924 2363 perseveret
938 2331 1006 2355 idem
1026 2328 1076 2363 (Cf.
1091 2338 1158 2363 quae
1173 2330 1219 2355 hac
1234 2332 1265 2356 de
1281 2339 1308 2356 re
1323 2332 1369 2356 do-

305 2372 345 2391 cet
359 2375 380 2391 s.
395 2366 511 2390 Thomas
527 2366 554 2390 P.
566 2367 605 2396 111,
621 2374 664 2398 qu.
681 2374 719 2396 Lx,
735 2366 803 2390 artic.
814 2373 872 2396 vm,
888 2366 919 2390 ad
936 2365 962 2395 3,
978 2371 1003 2390 et
1017 2373 1084 2398 quae
1099 2366 1235 2390 Caietanus
1251 2367 1284 2391 ib.
1297 2375 1368 2391 com-

305 2400 452 2434 mentatur).
463 2401 538 2425 Ratio
551 2406 591 2425 est
604 2402 664 2434 quia
677 2409 736 2425 cum
746 2401 824 2426 verba
834 2409 864 2425 ex
874 2401 1033 2426 institutione
1047 2401 1160 2426 humana
1175 2401 1326 2433 significent,
1337 2402 1368 2427 ad

305 2444 471 2462 communem
491 2436 625 2460 hominum
646 2444 751 2461 sensum
768 2441 807 2460 est
824 2437 899 2461 etiam
919 2436 965 2460 hac
980 2436 1005 2460 in
1020 2444 1047 2460 re
1062 2437 1255 2462 recurrendum.

358 2471 387 2505 π)
408 2471 462 2496 Sed
479 2471 696 2504 significarentur
715 2474 744 2496 ut
757 2475 818 2496 actu
834 2472 932 2496 multae
947 2472 973 2496 in
988 2471 1127 2496 locutione.
1147 2472 1193 2496 Est
1207 2473 1281 2497 lectio
1294 2473 1367 2498 codd.

305 2513 331 2532 et
348 2507 413 2531 Ven.
429 2507 486 2531 edd.
504 2505 569 2531 1526
592 2512 617 2531 et
640 2506 718 2539 1557,
737 2514 804 2539 quae
823 2512 862 2531 est
880 2507 1023 2539 adoptanda
1042 2507 1098 2531 loco
1117 2507 1209 2532 Pianae
1224 2513 1249 2532 et
1261 2508 1367 2532 aliarum

305 2542 363 2567 edd.
374 2542 451 2566 Ven.:
471 2541 676 2574 significaretur.
695 2542 735 2566 Ad
757 2541 806 2566 hoc
829 2541 898 2566 enim
922 2547 950 2566 ut
967 2542 1050 2566 unitas
1069 2541 1221 2567 definitionis
1245 2543 1368 2568 habeatur

304 2577 441 2610 requiritur
461 2582 490 2601 ut
507 2582 592 2609 partes
612 2576 672 2601 fiant
691 2582 747 2601 actu
765 2584 859 2600 unum:
879 2575 942 2601 fiunt
960 2582 1044 2601 autem
1068 2580 1129 2602 actu
1153 2585 1233 2602 unum
1257 2578 1327 2611 (cum
1341 2578 1366 2602 in

304 2612 409 2645 seipsis,
424 2611 473 2636 hoc
494 2617 533 2636 est
551 2611 652 2636 divisim
667 2616 785 2644 acceptae
804 2612 854 2636 sint
873 2611 987 2644 multae),
1007 2617 1133 2644 quatenus
1146 2620 1197 2636 una
1217 2613 1367 2638 determinat

304 2648 388 2677 aliam,
402 2646 466 2671 sicut
481 2646 564 2671 forma
579 2647 730 2672 determinat
742 2646 883 2671 materiam.
903 2647 936 2671 At
954 2646 1036 2679 posita
1056 2647 1247 2680 interpositione
1262 2648 1367 2672 coniun-

304 2683 394 2707 ctionis
409 2682 449 2706 vel
469 2689 557 2706 morae
576 2690 626 2706 una
639 2690 698 2715 pars
713 2690 764 2706 non
779 2682 930 2707 determinat
943 2681 1031 2712 aliam;
1047 2690 1108 2714 ergo
1121 2687 1206 2715 partes
1225 2690 1276 2707 non
1295 2682 1365 2713 fiunt,

303 2726 350 2742 seu
370 2725 422 2742 non
441 2715 615 2749 significantur
637 2722 666 2742 ut
684 2725 764 2741 unum
783 2722 854 2747 actu,
880 2718 926 2742 sed
945 2723 1048 2742 manent
1067 2722 1123 2742 actu
1143 2718 1365 2742 multae.-Codd.

302 2753 423 2778 omittunt
442 2752 467 2777 in
487 2752 625 2781 locutione,
645 2752 783 2785 quaelicet
802 2760 854 2776 non
873 2752 1025 2782 necessaria,
1045 2757 1130 2777 tamen
1147 2752 1287 2777 retinemus
1306 2761 1365 2777 cum

302 2788 380 2813 Piana
400 2787 508 2819 aliisque
527 2787 612 2812 edd.—-
625 2788 742 2820 Denique
761 2788 819 2812 edd.
834 2787 864 2812 bc
882 2792 908 2812 et
925 2786 990 2811 1526
1010 2787 1104 2812 habent
1118 2795 1176 2812 cum
1197 2787 1240 2812 P.:
1259 2791 1286 2813 et
1304 2788 1363 2813 ideo

303 2823 371 2848 idem
391 2826 518 2855 operatur
536 2827 583 2847 etc.
603 2823 637 2847 At
655 2823 729 2847 codd.
743 2823 810 2847 ΑΒΕ
828 2822 949 2847 omittunt
967 2822 1039 2851 ideo,
1059 2830 1087 2847 ac
1106 2822 1198 2847 melius
1219 2823 1320 2854 legunt:
1339 2826 1366 2848 et

303 2855 339 2892 (Α
354 2858 448 2883 omittit
462 2857 538 2882 etiam
557 2856 592 2891 et)
613 2858 682 2883 idem
702 2861 830 2890 operatur
848 2862 895 2883 etc.
907 2857 992 2882 -Edd.
1006 2865 1023 2882 a
1042 2862 1067 2882 et
1090 2857 1167 2890 1557:
1187 2861 1213 2883 et
1231 2858 1290 2883 ideo
1304 2865 1363 2890 ope-

302 2897 394 2922 ratur,·
413 2893 472 2918 ideo
491 2900 598 2917 erronee
616 2893 719 2925 ponitur
737 2900 784 2925 pro
803 2893 881 2918 idem.

355 2927 380 2962 ρ)
400 2929 459 2953 Non
484 2928 642 2960 impeditum
668 2928 703 2952 sic
727 2928 823 2952 habent
841 2928 942 2953 codices
961 2935 1067 2958 omnes,
1091 2935 1203 2960 quorum
1228 2928 1363 2953 lectionem

302 2964 470 2996 praetulimus
494 2965 531 2997 τῷ
554 2963 758 2995 interrumpitur
777 2961 878 2996 (quod,
902 2963 1021 2996 quamvis
1045 2971 1098 2988 non
1121 2964 1202 2993 male,
1227 2963 1319 2996 legitur
1338 2963 1363 2987 in

302 2999 413 3023 editione
432 2997 532 3032 Fiam),
552 2999 612 3030 quia
631 2999 722 3023 melior
741 2998 816 3023 nobis
839 2998 894 3023 visa
913 3003 953 3023 est
966 3006 996 3023 ex
1009 3003 1063 3022 toto
1082 3003 1209 3023 contextu.

356 3033 382 3067 σ)
402 3033 493 3058 Ρνίνηο
512 3034 664 3067 manifestat
688 3034 771 3065 ipsam
791 3033 954 3058 divisionem.
973 3033 1054 3058 Codd.
1073 3041 1178 3058 omnes:
1197 3033 1288 3066 primo
1307 3040 1363 3058 ma·
1376 3055 1384 3063 ,

303 3069 411 3102 nifestat
425 3069 601 3100 praemissam
625 3069 794 3094 divisionem:
812 3076 879 3101 quae
905 3069 978 3094 lectio
1002 3068 1093 3101 repetit
1111 3076 1178 3101 quae
1201 3077 1279 3101 supra
1298 3069 1363 3094 dicta

302 3109 376 3128 sunt:
392 3104 493 3128 accedit
507 3104 544 3128 ad
557 3109 605 3128 etc.
615 3117 633 3122 -
643 3104 776 3129 Praeterea
791 3104 846 3128 cod.
857 3105 879 3128 Α
894 3103 1040 3128 immediate
1053 3104 1229 3136 prosequitur:
1248 3104 1363 3129 secundo

301 3139 435 3164 concludit
452 3139 485 3163 ab
505 3142 615 3171 utroque
634 3139 749 3164 membro
769 3139 904 3164 divisionis
923 3146 1015 3164 nomen
1035 3142 1061 3164 et
1079 3139 1185 3164 verbum
1204 3139 1321 3165 excludi.

356 3173 380 3207 τ)
396 3174 447 3198 Per
465 3174 556 3198 modos
570 3174 744 3206 pluralitatis.
765 3174 831 3204 Quia
845 3182 892 3206 per
907 3182 988 3198 unum
1002 3174 1180 3207 oppositorum
1200 3174 1363 3206 cognoscitur

302 3209 379 3239 aliud,
390 3217 420 3233 ex
436 3209 543 3233 diversis
563 3209 712 3241 pluralitatis
728 3209 811 3233 modis
827 3210 968 3234 declaratur
981 3209 1065 3234 unitas
1078 3209 1269 3242 propositionis.
1284 3209 1362 3234 Piana

302 3244 389 3268 habet:
401 3251 452 3276 per
466 3244 573 3268 modum
583 3244 758 3276 pluralitatis.
769 3258 788 3263 -
798 3245 878 3269 Codd.
891 3245 981 3269 ACDE
997 3245 1095 3276 legunt:
1110 3245 1257 3276 oppositum
1272 3248 1360 3270 autem

303 3279 400 3304 unitati
424 3279 462 3311 (A
483 3278 607 3312 unitatis)
628 3283 667 3304 est
680 3279 839 3311 pluralitas;
857 3283 883 3304 et
897 3279 956 3305 ideo
975 3280 1066 3305 modos
1080 3280 1190 3305 unitatis
1209 3280 1362 3314 manifestat

296 3321 348 3345 per
361 3315 452 3339 modos
461 3314 635 3346 pluralitatis.
651 3314 735 3344 Quam
751 3315 894 3345 lectionem,
908 3315 1026 3347 quamvis
1041 3323 1114 3340 corru
1135 3320 1167 3344 te.
1181 3315 1273 3340 indicat
1285 3315 1361 3340 etiam

302 3350 357 3373 cod.
365 3350 398 3373 B:
411 3348 446 3382 (in
457 3357 537 3381 marg.
547 3349 617 3384 cum)
628 3350 701 3374 omni
710 3353 797 3374 autem
810 3350 907 3375 unitati
916 3353 955 3375 est
959 3350 1105 3382 pluralitas
1114 3323 1205 3383 Fmarg.
1214 3349 1361 3385 opposita),-

301 3387 327 3408 et
341 3384 400 3409 ideo
408 3391 459 3416 per
477 3384 568 3409 modos
590 3385 699 3410 unitatis
718 3385 871 3419 manifestat
878 3392 930 3417 per
946 3386 1036 3411 modos
1046 3386 1220 3417 pluralitatis.
1231 3386 1296 3410 Hinc
1310 3393 1362 3418 per

302 3419 392 3443 modos
403 3424 441 3444 est
453 3420 527 3444 lectio
540 3420 613 3444 codd.
623 3420 748 3445 omnium.
759 3420 835 3450 Quod
845 3420 866 3444 si
882 3421 983 3453 sapiens
999 3421 1077 3445 lector
1091 3421 1214 3453 integram
1225 3421 1360 3446 lectionem

302 3454 391 3478 ACDE
405 3454 522 3486 amplecti
538 3455 662 3483 maluerit,
678 3463 728 3480 non
743 3463 791 3487 ego
811 3456 980 3480 contradicam
998 3455 1048 3488 (ef.
1062 3456 1134 3487 infra,
1145 3464 1188 3481 nn.
1203 3464 1259 3489 seq.
1270 3461 1296 3481 et
1309 3454 1360 3488 16).

355 3487 380 3520 u)
402 3489 436 3513 Et
455 3490 519 3514 tales
538 3493 707 3521 opponuntur
718 3491 832 3516 secundo
845 3491 923 3516 modo
942 3491 1060 3516 unitatis.
1080 3492 1149 3516 Haec
1163 3491 1241 3516 verba
1254 3499 1322 3524 quae
1335 3491 1360 3516 in

303 3523 360 3547 edd.
371 3523 503 3553 habentur,
519 3525 693 3549 desiderantur
707 3525 731 3549 in
747 3526 820 3550 codd.
834 3526 936 3550 nostris.
946 3541 964 3545 —
975 3526 1066 3551 Procul
1082 3526 1159 3551 dubio
1171 3526 1234 3551 haec
1247 3526 1361 3551 secunda

303 3565 362 3589 pars
379 3558 410 3582 de
428 3558 590 3590 oppositione
610 3560 640 3584 ad
660 3560 786 3585 unitatem
806 3560 947 3585 secundum
967 3561 1032 3593 quid
1050 3561 1081 3586 de
1100 3561 1165 3586 facili
1185 3562 1319 3594 suppletur
1331 3568 1360 3586 ex

1055 227 1174 262 PERI
1205 222 1550 260 HERMENEIAS
1589 225 1682 261 LIB.
1714 226 1728 260 I

1423 302 1600 339 membro
1622 303 1817 340 divisionis
1838 316 1973 341 nomen
1995 312 2031 341 et
2049 305 2206 341 verbum
2227 303 2487 350 excluduntur3

1422 354 1490 391 ibi:
1517 356 1669 392 Nomen
1690 367 1783 406 ergo
1804 362 1840 393 et
1855 358 2011 394 verbum
2033 365 2100 394 etc.
2124 357 2341 405 Opponitur
2361 364 2489 393 autem

1421 408 1551 444 unitati
1585 409 1795 457 pluralitas;
1827 417 1862 446 et
1889 410 1976 447 ideo
2006 410 2278 447 enunciationis
2306 409 2489 446 unitatem

1423 461 1636 498 manifestat
1662 474 1731 510 per
1758 462 1898 499 modos
1925 463 2144 511 pluralitatis
2158 469 2183 499 τ.

1482 515 1539 551 13.
1571 514 1671 551 Dicit
1699 527 1788 562 ergo
1817 515 1942 564 primo
1977 516 2083 565 quod
2113 515 2325 553 enunciatio
2356 515 2490 552 dicitur

1422 567 1483 603 vel
1512 579 1589 603 una
1617 567 1793 614 absolute,
1815 568 1954 605 scilicet
1974 581 2072 617 quae
2086 569 2106 590 *
2125 581 2247 605 unum
2268 569 2315 605 de
2336 581 2414 605 uno
2440 568 2486 604 si-

1422 619 1584 667 gnificat,
1597 621 1658 656 vel
1678 622 1785 657 una*
1803 621 2008 658 secundum
2028 622 2127 670 quid,
2150 622 2289 658 scilicet
2309 634 2407 670 quae
2434 629 2489 658 est

1423 672 1689 709 coniunctione
1707 685 1795 710 una.
1827 675 1901 710 Per
1929 674 2148 723 oppositum
2169 682 2297 711 autem
2313 682 2369 711 est
2383 674 2487 711 intel-

1422 725 1616 772 ligendum
1637 725 1742 774 quod
1767 726 2050 763 enunciationes
2078 728 2206 775 plures
2226 735 2328 775 sunt,
2349 728 2411 764 vel
2441 739 2486 763 ex

1423 789 1469 814 eo
1499 778 1604 826 quod
1632 779 1741 827 plura
1766 779 1977 826 significant
2007 787 2042 816 et
2065 792 2144 816 non
2171 793 2310 817 unum:
2345 780 2450 828 quod
2468 781 2489 801 *

1423 831 1628 879 opponitur
1646 831 1771 880 primo
1801 832 1920 868 modo
1939 832 2091 868 unitatis
2109 833 2146 878 *;
2167 833 2229 869 vel
2250 845 2296 869 ex
2316 845 2362 869 eo
2383 833 2488 881 quod

1423 884 1567 932 absque
1597 884 1862 921 coniunctione
1891 885 2154 933 proferuntur:
2182 892 2218 921 et
2245 886 2337 922 tales
2366 897 2488 934 oppo-

1423 944 1563 973 nuntur
1590 937 1759 974 secundo
1788 937 1908 974 modo
1936 937 2086 974 unitatis
2106 943 2120 958 '⁴
2139 938 2170 974 *.
2224 970 2230 973 χ

1481 1002 1537 1036 14.
1561 990 1671 1027 Circa
1699 990 1804 1039 quod
1833 991 2153 1028 considerandum
2173 998 2246 1037 est,
2276 990 2488 1028 secundum

1422 1043 1638 1090 Boethium,
1660 1043 1765 1093 quod
1786 1044 1907 1081 unitas
1927 1051 1964 1081 et
1989 1043 2190 1092 pluralitas
2223 1044 2403 1081 orationis
2432 1056 2488 1081 re-

1422 1097 1536 1133 fertur
1559 1101 1574 1125 P
1600 1097 1648 1133 ad
1677 1097 1945 1144 significatum;
1975 1097 2136 1145 simplex
2163 1105 2291 1134 autem
2325 1105 2361 1134 et
2389 1109 2488 1134 com-

1415 1150 1580 1197 positum
1601 1149 1803 1186 attenditur
1821 1150 2034 1187 secundum
2056 1150 2157 1198 ipsas
2174 1163 2304 1187 voces.
2331 1151 2380 1187 Et
2398 1150 2485 1187 ideo

1423 1201 1636 1239 enunciatio
1666 1202 1898 1252 quandoque
1932 1211 1988 1240 est
2017 1216 2092 1240 una
2112 1211 2149 1240 et
2174 1203 2335 1251 simplex
2352 1208 2370 1230 Χ
2396 1211 2489 1251 puta

1423 1268 1511 1292 curn
1540 1255 1666 1292 solum
1695 1268 1740 1292 ex
1768 1256 1924 1293 nomine
1957 1264 1993 1293 et
2025 1257 2146 1293 verbo
2181 1256 2423 1305 componitur
2449 1256 2488 1293 in

1421 1320 1542 1345 unum
1563 1307 1832 1356 significatum;
1852 1317 1894 1346 ut
1914 1322 2002 1346 curn
2031 1309 2129 1357 dico,
2154 1311 2266 1346 homo
2290 1315 2345 1346 est
2369 1309 2486 1346 albus.

1422 1362 1490 1398 Est
1518 1361 1631 1398 etiam
1652 1362 1883 1410 quandoque
1904 1375 1979 1400 una
2008 1363 2144 1409 oratio,
2171 1363 2239 1400 sed
2267 1363 2486 1410 composita,

1423 1426 1520 1462 quae
1554 1414 1710 1462 quidem
1746 1427 1865 1451 unam
1898 1427 1979 1452 rem
2015 1415 2218 1463 significat,
2253 1416 2321 1452 sed
2359 1423 2489 1452 tamen

1423 1467 1632 1515 composita
1663 1474 1719 1503 est
1747 1468 1808 1503 vel
1838 1480 1884 1504 ex
1909 1468 2080 1516 pluribus
2109 1468 2298 1514 terminis;
2333 1468 2428 1505 sicut
2456 1468 2487 1505 si

1423 1519 1563 1566 dicam,
1580 1519 1724 1556 animal
1737 1520 1921 1557 rationale
1939 1522 2097 1558 mortale
2115 1522 2243 1567 currit,
2259 1522 2321 1558 vel
2342 1533 2387 1558 ex
2406 1522 2488 1569 plu-

1422 1571 1526 1609 ribus
1554 1572 1901 1619 enunciationibus,
1931 1573 2026 1610 sicut
2044 1575 2064 1596 *
2086 1574 2125 1611 in
2153 1573 2487 1621 conditionalibus,

1423 1637 1522 1674 quae
1550 1625 1707 1674 quidem
1728 1637 1848 1662 unum
1869 1626 2079 1674 significant
2104 1634 2141 1663 et
2169 1633 2248 1664 non'
2275 1627 2405 1664 multa.
2433 1627 2488 1664 Si-

1423 1678 1560 1715 militer
1588 1686 1714 1715 autem
1736 1678 1967 1728 quandoque
1987 1679 2026 1716 in
2046 1679 2311 1717 enunciatione
2335 1686 2392 1717 est
2403 1679 2489 1728 plu-

1423 1731 1552 1768 ralitas
1581 1743 1668 1768 curn
1687 1731 1930 1779 simplicitate,
1950 1740 2042 1781 puta
2063 1745 2151 1770 curn
2170 1733 2209 1770 in
2229 1733 2400 1770 oratione
2419 1745 2488 1782 po·

1424 1784 1524 1821 nitur
1538 1784 1694 1833 aliquod
1708 1796 1851 1821 nornen
1867 1786 1985 1822 multa
2000 1785 2232 1833 significans;
2248 1793 2290 1823 ut
2304 1786 2334 1823 si
2350 1786 2487 1833 dicam,

1425 1838 1528 1874 canis
1557 1837 1683 1883 latrat,
1704 1837 1799 1874 haec
1827 1838 1947 1874 oratio
1975 1839 2102 1887 plures
2132 1846 2198 1886 est,
2229 1839 2317 1889 quia
2343 1840 2453 1888 plura
2469 1839 2490 1861 '⁸¹

1424 1890 1607 1938 significat
1621 1888 1648 1936 Ψ,
1665 1897 1702 1926 et
1721 1897 1849 1927 tamen
1868 1890 2028 1939 simplex
2043 1900 2109 1928 est.
2131 1892 2375 1942 Quandoque
2393 1905 2488 1930 vero

1423 1943 1462 1980 in
1491 1942 1754 1980 enunciatione
1779 1950 1834 1980 est
1858 1944 2050 1992 pluralitas
2076 1952 2112 1982 et
2137 1945 2376 1994 compositio,
2396 1955 2489 1994 puta

1424 2083 1506 2116 prima
1518 2088 1590 2116 parte
1603 2082 1748 2112 enunciata;
1767 2087 1793 2107 at
1807 2090 1858 2107 non
1877 2082 1939 2107 mihi
1954 2090 2107 2116 persuasum
2120 2089 2159 2108 est
2171 2084 2237 2109 hanc
2249 2084 2333 2118 ipsam
2347 2087 2487 2112 secundam

1423 2123 1523 2151 partem
1547 2118 1788 2151 subintelligendam
1813 2118 1893 2144 fuisse
1912 2125 1926 2142 a
1945 2126 1966 2143 s.
1977 2118 2079 2143 Thema
2102 2119 2229 2151 relictam,
2253 2125 2279 2145 et
2297 2128 2349 2146 non
2373 2122 2490 2155 explicite

1423 2161 1437 2178 a
1492 2154 1576 2178 sitam.

1438 2161 1505 2223 Ρρξ)
1526 2188 1675 2214 Secundum
1691 2188 1858 2214 Boethium...
1874 2188 1962 2213 unitas
1975 2192 2000 2213 et
2014 2189 2160 2221 pluralitas
2174 2191 2299 2224 refertur.
2314 2192 2396 2217 Codd.
2406 2193 2488 2218 ABD:

1422 2225 1565 2249 secundum
1585 2224 1724 2249 Boethium
1745 2224 1782 2256 (D
1801 2231 1917 2253 erronee.
1935 2225 2142 2258 Aristotelem)...
2161 2227 2278 2260 refertur
2295 2227 2333 2252 ad
2354 2227 2488 2262 sig-nifica-

1423 2260 1529 2285 tionem.
1539 2274 1557 2278 -
1567 2260 1630 2284 Cod.
1651 2259 1685 2284 E:
1706 2260 1823 2293 refertur
1841 2259 1878 2284 ad
1895 2259 2117 2292 significationem
2137 2261 2183 2286 rei.
2193 2275 2213 2280 —
2227 2261 2290 2287 Cod.
2301 2262 2334 2287 C:
2355 2263 2445 2289 unitas
2461 2267 2489 2290 et

1417 2295 1564 2327 pluralitas
1579 2295 1733 2328 referuntur
1746 2294 1783 2319 ad
1794 2294 1982 2328 significatum.
1997 2296 2147 2325 Lectionem
2157 2297 2278 2331 ,refertur
2292 2297 2355 2331 (non
2368 2299 2488 2332 referun-

1423 2333 1475 2358 tur,
1486 2335 1514 2355 ut
1532 2338 1562 2355 ex
1580 2330 1730 2358 attenditur
1748 2335 1881 2363 sequente,
1901 2331 1971 2362 quod
1990 2331 2064 2356 codd.
2083 2331 2130 2364 ipsi
2143 2331 2245 2364 habent,
2256 2338 2296 2358 est
2309 2333 2487 2367 manifestum)

1422 2365 1528 2396 Pianae,
1549 2369 1640 2397 potest
1664 2365 1772 2399 referri,
1793 2365 1976 2398 praetulimus,
1997 2370 2052 2390 tum
2071 2367 2219 2392 auctoritate
2238 2369 2326 2399 codd.,
2351 2373 2406 2394 tum
2426 2369 2488 2402 quia

1422 2401 1504 2432 magis
1524 2401 1664 2433 respondet
1682 2401 1812 2425 secundae
1830 2401 1903 2433 parti,
1919 2408 2027 2432 nempe:
2041 2402 2157 2434 simplex
2170 2405 2259 2428 autem
2273 2407 2300 2428 et
2313 2405 2486 2436 compositum

1421 2436 1571 2461 attenditur
1584 2434 1656 2469 (non,
1666 2439 1781 2468 possunt
1795 2437 1835 2461 vel
1844 2439 1935 2468 potest
1948 2437 2183 2471 attendi).-Quae
2198 2438 2230 2463 de
2242 2438 2351 2463 Boethio
2365 2439 2416 2464 hoc
2429 2441 2487 2465 loeo

1421 2470 1531 2496 affirmat
1545 2479 1565 2495 s.
1581 2471 1697 2496 Thomas
1711 2471 1840 2496 habentur
1854 2471 1879 2496 in
1890 2471 2009 2496 Editione
2023 2473 2137 2497 secunda
2152 2473 2177 2498 in
2192 2473 2286 2498 librum
2301 2474 2342 2500 De
2355 2474 2486 2508 interpre-

1421 2507 1528 2535 tatione,
1544 2514 1602 2539 pag.
1620 2505 1669 2531 328
1683 2507 1742 2532 edit.
1758 2507 1798 2532 cit.
1812 2507 1940 2531 Basileae:
1953 2516 1964 2528 α
1978 2507 2046 2537 Una,
2058 2507 2143 2540 inquit
2156 2508 2290 2538 Boethius,
2301 2510 2341 2535 vel
2352 2510 2486 2543 multiplex

1422 2551 1435 2564 ι
1451 2542 1532 2566 oratio
1550 2541 1700 2574 intelligitur
1718 2542 1739 2566 si
1758 2550 1841 2566 unum
1859 2542 1900 2567 vel
1920 2542 2001 2567 multa
2019 2542 2168 2576 significat:
2186 2549 2212 2569 et
2231 2545 2262 2569 de
2281 2545 2384 2578 propria
2402 2545 2486 2579 signi-

1422 2587 1435 2599 »
1444 2577 1574 2610 flcatione
1592 2585 1696 2610 semper
1715 2577 1866 2602 iudicantur.
1886 2577 2000 2609 Simplex
2018 2583 2105 2602 autem
2124 2582 2150 2603 et
2168 2579 2312 2612 composita
2331 2587 2382 2604 non
2402 2587 2432 2605 ex
2450 2580 2484 2605 si-

1423 2622 1434 2634 »
1451 2611 1620 2643 gnificatione,
1640 2612 1686 2636 sed
1701 2619 1731 2637 ex
1745 2612 1885 2637 verborum
1900 2616 1926 2637 et
1940 2613 2075 2637 nominum
2090 2613 2250 2645 pluralitate
2268 2615 2445 2647 cognoscitur:
2461 2615 2483 2640 si

1422 2657 1434 2670 »
1451 2647 1520 2671 enim
1539 2648 1605 2671 ultra
1625 2647 1690 2671 duos
1709 2647 1833 2672 terminos
1853 2647 1930 2671 habet
1952 2647 2109 2681 propositio,
2135 2649 2277 2682 composita
2301 2654 2352 2680 est3
2376 2649 2397 2674 si
2417 2650 2483 2675 duos

1420 2690 1434 2705 »
1449 2686 1558 2712 tantum,
1569 2682 1686 2714 simplex.
1699 2692 1711 2705 »
1724 2682 1798 2712 Quae
1811 2682 1890 2707 verba
1905 2689 1963 2706 cum
1978 2682 2098 2707 absolute
2113 2683 2235 2714 dicantur,
2251 2684 2333 2717 magis
2347 2685 2484 2718 magisque

1420 2716 1573 2741 confirmant
1591 2717 1727 2741 lectionem
1746 2717 1821 2742 codd.

1471 2750 1501 2785 χ)
1523 2752 1687 2784 Quandoque
1708 2755 1748 2777 est
1771 2759 1825 2777 una
1843 2755 1869 2777 et
1886 2752 2009 2784 simplex.
2028 2753 2098 2777 Haec
2126 2754 2201 2779 lectio
2220 2754 2308 2783 codd„
2337 2762 2404 2787 quae
2423 2763 2482 2780 cum

1419 2787 1587 2819 sequentibus
1607 2794 1660 2811 una
1678 2787 1766 2812 oratio
1779 2787 1827 2812 sed
1843 2787 1989 2819 composita
2003 2787 2135 2818 cohaeret,
2153 2787 2277 2814 sufficitur
2295 2789 2401 2815 Pinnae:
2419 2790 2482 2816 sim-

1413 2823 1482 2854 plex
1494 2825 1520 2847 et
1539 2822 1689 2847 una.—Sed
1708 2822 1757 2847 alia
1775 2827 1910 2847 occurrunt
1928 2823 2038 2847 notanda
2057 2830 2087 2848 ex
2100 2824 2156 2849 cod.
2166 2825 2197 2849 A.
2212 2824 2309 2849 Habet:
2325 2825 2482 2858 quandoque

1418 2857 1523 2890 quidem
1541 2860 1581 2882 est
1595 2863 1648 2882 una
1657 2860 1683 2882 et
1698 2857 1820 2889 simplex,
1827 2861 1897 2890 puta
1910 2864 1969 2882 cum
1981 2858 2064 2883 solum
2075 2865 2112 2883 ex
2126 2860 2230 2884 nomine
2243 2863 2270 2884 et
2281 2860 2359 2885 uerbo
2377 2867 2483 2893 compo-

1418 2893 1491 2917 nitur
1501 2899 1567 2924 quae
1577 2900 1658 2917 unum
1672 2892 1825 2926 significant
1834 2891 1919 2927 (quae
1929 2901 2009 2918 unum
2019 2893 2172 2926 significant
2180 2894 2275 2920 habent
2284 2895 2361 2920 etiam
2376 2893 2482 2930 BDE)...

1418 2927 1467 2952 Est
1480 2930 1569 2952 autem
1589 2927 1676 2952 oratio
1696 2935 1748 2952 una
1768 2926 1818 2961 (id.
1832 2928 1873 2952 alii
1893 2927 1994 2962 codd.),
2013 2929 2060 2954 sed
2077 2930 2222 2962 composita
2240 2937 2278 2955 ex
2290 2930 2414 2962 pluribus
2428 2933 2482 2956 ter-

1417 2962 1507 2991 minis,
1523 2966 1553 2987 ut
1563 2963 1587 2988 si
1601 2963 1715 2988 dicam...
1733 2970 1801 2995 quae
1820 2971 1901 2988 unum
1916 2966 1942 2988 et
1956 2971 2007 2988 non
2023 2965 2106 2989 multa
2124 2965 2277 2998 significant
2291 2963 2341 2999 (id.
2355 2964 2425 3000 Bc).
2438 2965 2482 2992 Si-

1417 2998 1515 3022 militer
1532 3001 1620 3023 autem
1639 2997 1719 3023 etiam
1739 2999 1765 3023 in
1785 2998 1968 3024 enuncIatione
1982 2999 2138 3032 quandoque
2156 3004 2196 3026 est
2213 3001 2293 3025 etiam
2307 3001 2480 3033 pluralitas...

1417 3033 1500 3058 multa
1518 3033 1679 3066 significans.
1698 3034 1732 3058 At
1750 3033 1791 3058 hic
1810 3034 1973 3058 amanuensis
1988 3039 2092 3067 repente
2111 3035 2270 3066 distrahitur,
2290 3040 2316 3060 et
2334 3035 2482 3062 immediate

1416 3068 1590 3100 prosequitur:
1610 3075 1661 3093 non
1682 3068 1780 3094 dicitur
1795 3069 1827 3094 de
1840 3069 2019 3103 affirmatione
2032 3073 2059 3095 et
2077 3071 2217 3104 negatione
2232 3070 2340 3096 univoce
2352 3071 2421 3097 sicut
2432 3078 2480 3105 ge-

1416 3110 1465 3128 nus
1480 3103 1512 3128 de
1525 3103 1580 3128 suis
1593 3103 1732 3136 speciebus.
1748 3104 1821 3135 Quae
1833 3109 1893 3128 sunt
1906 3104 1995 3129 ultima
2008 3105 2087 3130 verba
2102 3106 2201 3131 numeri
2215 3113 2256 3131 20.
2270 3106 2375 3132 Caetera
2393 3106 2480 3132 omnia

1415 3138 1564 3163 intermedia
1583 3146 1629 3171 per
1647 3138 1821 3164 incredibilem
1839 3139 1999 3164 oscitantiam
2017 3140 2118 3166 omittit.

1469 3172 1496 3207 ψ)
1514 3173 1583 3204 Quia
1591 3174 1673 3206 plura
1683 3174 1824 3207 significat.
1841 3174 1914 3199 Ratio
1929 3179 1969 3199 est
1981 3175 2042 3208 quia
2055 3176 2129 3201 canis
2143 3181 2183 3201 est
2193 3183 2289 3201 nomen
2299 3175 2478 3209 aequivocum,

1414 3213 1443 3233 ut
1457 3208 1482 3233 in
1497 3207 1548 3234 fine
1562 3209 1638 3234 huius
1653 3209 1754 3234 numeri
1769 3209 1873 3240 dicitur3
1893 3217 1989 3235 nomen
2008 3215 2094 3236 autem
2114 3211 2284 3244 aequivocum
2298 3211 2358 3237 licet
2370 3211 2404 3236 sit
2417 3210 2480 3236 sim-

1414 3244 1471 3277 plex
1490 3252 1562 3275 voce,
1582 3245 1661 3270 multa
1680 3249 1775 3275 tamen,
1795 3252 1877 3278 eaque
1896 3245 1995 3270 diversa
2015 3245 2147 3278 significat,
2161 3251 2191 3271 ut
2206 3246 2302 3271 dictum
2320 3251 2360 3272 est
2378 3246 2434 3272 lect.
2447 3253 2479 3278 v,

1415 3287 1440 3304 n.
1455 3286 1485 3312 ¹9
1496 3284 1521 3304 et
1535 3284 1587 3304 not.
1599 3278 1626 3310 53
1641 3284 1666 3304 et
1679 3279 1736 3304 ideo
1746 3279 1879 3313 multiplex
1893 3285 1932 3305 est
1941 3280 2143 3314 significatione.
2153 3281 2228 3307 Unde
2240 3281 2303 3307 haec
2322 3281 2477 3315 propositio:

1417 3314 1483 3339 Cato
1493 3314 1665 3347 philosophus
1678 3318 1718 3340 est
1728 3313 1779 3349 (est
1792 3315 1941 3348 exemplum
1951 3315 2059 3346 Boethii,
2069 3321 2196 3349 quatenus
2210 3324 2305 3349 nempe
2317 3317 2383 3342 Cato
2392 3320 2479 3349 potest

1414 3349 1556 3381 significare
1575 3355 1631 3374 tum
1650 3350 1775 3375 Catonem
1791 3350 1940 3375 Uticensem
1959 3355 2015 3376 tum
2029 3351 2154 3376 Catonem
2169 3351 2323 3377 Censorium
2337 3349 2477 3385 oratorem)

1413 3385 1463 3414 vel,
1478 3385 1551 3410 canis
1569 3386 1660 3413 latrat,
1676 3393 1729 3410 non
1748 3390 1788 3410 est
1807 3393 1867 3414 una,
1883 3386 1928 3410 sed
1948 3390 1988 3411 est
2006 3386 2155 3419 multiplex,
2170 3386 2228 3412 licet
2246 3386 2279 3412 ait
2291 3386 2414 3419 simplex.

1467 3420 1534 3445 infra
1553 3425 1613 3453 post
1630 3420 1717 3451 verba,
1736 3420 1814 3446 homo
1832 3421 1907 3446 albus
1926 3421 2040 3447 musicus
2059 3422 2190 3454 disputat,
2210 3422 2284 3447 codd.
2303 3421 2346 3446 Bc
2364 3420 2476 3445 addunt:

1415 3456 1454 3480 vel
1472 3455 1550 3480 homo
1567 3455 1643 3481 albus
1661 3458 1687 3481 et
1705 3455 1819 3481 musicus
1838 3456 1964 3488 disputat.
1984 3456 2035 3481 Per
2053 3456 2118 3482 hanc
2141 3456 2297 3482 additionem
2316 3455 2390 3481 codd.
2409 3455 2476 3480 citati

1414 3495 1514 3523 ponunt
1533 3491 1649 3524 exempla
1673 3491 1810 3524 utriusque
1828 3491 1906 3523 partis
1925 3491 2095 3524 praemissae,
2118 3499 2227 3525 nempe,
2245 3491 2300 3516 sive
2318 3490 2478 3516 interveniat

1413 3526 1573 3554 coniunctio,
1593 3533 1641 3558 pro
1660 3533 1712 3559 qua
1730 3531 1770 3551 est
1789 3526 1932 3551 secundum
1951 3527 2112 3560 exemplum3
2131 3527 2186 3552 siue
2203 3533 2268 3556 non,
2287 3533 2335 3558 pro
2354 3532 2406 3558 qua
2423 3525 2476 3558 pri-

1414 3568 1488 3585 mum
1507 3561 1654 3593 exemplum
1673 3561 1807 3586 inducitur.

2616 476 2630 493 τ

2517 572 2526 581 '
2538 571 2683 599 Codd.:quia
2689 573 2732 594 sei-

2517 597 2576 619 licet.
2588 609 2598 614 ·
2610 604 2654 619 nac
2666 598 2732 620 omit·

2517 627 2568 645 tunt
2584 624 2613 645 de
2629 630 2693 650 uno,-
2708 628 2730 646 et

2517 650 2550 671 sic
2573 650 2620 672 fere
2638 657 2731 678 semper

2516 676 2540 698 in
2551 677 2665 699 similibus
2676 677 2731 699 casi—

2516 704 2588 751 Pla-m
2612 735 2641 751 ex
2658 735 2709 751 nac.
2719 741 2731 745 -

2514 762 2528 777 Λ
2548 756 2638 803 Ἱίιςοπὲιιπ
2673 756 2730 784 qu'a

2516 788 2612 830 fceozed:
2626 819 2636 824 -
2650 814 2686 830 iu:
2707 810 2732 830 et

2517 835 2583 856 haec.

2516 863 2526 872 '
2536 861 2627 888 Nempe
2648 860 2730 883 unitati

2517 887 2624 909 absolute
2633 887 2716 909 dictae.

2517 971 2596 993 ‘Nem
2614 945 2628 992 ἓ
2647 970 2730 992 unitati

2517 1003 2587 1019 secun
2605 996 2716 1026 uunquid.

2517 1049 2626 1071 Boethius

2615 1107 2631 1133 Ψ

2612 1209 2632 1236 Χ,

2516 1580 2589 1627 {cing
2613 1579 2675 1601 sieut
2686 1585 2730 1607 pa-

2517 1843 2526 1852 ”
2535 1848 2575 1865 nc:
2586 1842 2667 1865 multa.

2611 1897 2630 1933 ψ
