<?xml version="1.0" encoding="UTF-8"?>
<!DOCTYPE html PUBLIC "-//W3C//DTD XHTML 1.0 Transitional//EN"
    "http://www.w3.org/TR/xhtml1/DTD/xhtml1-transitional.dtd">
<html xmlns="http://www.w3.org/1999/xhtml" xml:lang="en" lang="en">
 <head>
  <title>
</title>
<meta http-equiv="Content-Type" content="text/html;charset=utf-8" />
  <meta name='ocr-system' content='tesseract 3.04.00' />
  <meta name='ocr-capabilities' content='ocr_page ocr_carea ocr_par ocr_line ocrx_word'/>
</head>
<body>
  <div class='ocr_page' id='page_1' title='image "./operaomniaiussui01thom_0420.png"; bbox 0 0 2788 4204; ppageno 0'>
   <div class='ocr_carea' id='block_1_1' title="bbox 64 507 278 582">
    <p class='ocr_par' dir='ltr' id='par_1_1' title="bbox 64 507 278 582">
     <span class='ocr_line' id='line_1_1' title="bbox 64 507 278 538; baseline -0.005 -10"><span class='ocrx_word' id='word_1_1' title='bbox 64 508 102 529; x_wconf 65' lang='lat' dir='ltr'>“At</span> <span class='ocrx_word' id='word_1_2' title='bbox 111 507 278 538; x_wconf 55' lang='lat' dir='ltr'>significantur</span> 
     </span>
     <span class='ocr_line' id='line_1_2' title="bbox 65 536 278 555; baseline -0.005 0"><span class='ocrx_word' id='word_1_3' title='bbox 65 536 215 555; x_wconf 74' lang='lat' dir='ltr'>communiter</span> <span class='ocrx_word' id='word_1_4' title='bbox 225 540 278 554; x_wconf 78' lang='lat' dir='ltr'>esse</span> 
     </span>
     <span class='ocr_line' id='line_1_3' title="bbox 64 560 196 582; baseline 0 -1"><span class='ocrx_word' id='word_1_5' title='bbox 64 560 196 582; x_wconf 83' lang='lat' dir='ltr'>contraria.</span> 
     </span>
    </p>
   </div>
   <div class='ocr_carea' id='block_1_2' title="bbox 64 616 278 671">
    <p class='ocr_par' dir='ltr' id='par_1_2' title="bbox 64 616 278 671">
     <span class='ocr_line' id='line_1_4' title="bbox 65 616 278 648; baseline -0.014 -9"><span class='ocrx_word' id='word_1_6' title='bbox 65 619 74 627; x_wconf 83' lang='grc'>·</span> <span class='ocrx_word' id='word_1_7' title='bbox 84 623 123 639; x_wconf 81' lang='lat' dir='ltr'>ac:</span> <span class='ocrx_word' id='word_1_8' title='bbox 138 616 278 648; x_wconf 60' lang='lat' dir='ltr'>manifestat</span> 
     </span>
     <span class='ocr_line' id='line_1_5' title="bbox 64 643 278 671; baseline -0.005 -6"><span class='ocrx_word' id='word_1_9' title='bbox 64 643 127 671; x_wconf 87' lang='lat' dir='ltr'>quod</span> <span class='ocrx_word' id='word_1_10' title='bbox 134 643 230 665; x_wconf 74' lang='lat' dir='ltr'>dixerat</span> <span class='ocrx_word' id='word_1_11' title='bbox 232 649 278 670; x_wconf 87' lang='lat' dir='ltr'>per</span> 
     </span>
    </p>
   </div>
   <div class='ocr_carea' id='block_1_3' title="bbox 63 774 276 905">
    <p class='ocr_par' dir='ltr' id='par_1_3' title="bbox 63 774 276 822">
     <span class='ocr_line' id='line_1_6' title="bbox 63 774 276 801; baseline -0.014 -5"><span class='ocrx_word' id='word_1_12' title='bbox 63 776 75 786; x_wconf 77' lang='lat'>⁸</span> <span class='ocrx_word' id='word_1_13' title='bbox 83 780 152 796; x_wconf 61' lang='lat' dir='ltr'>anca:</span> <span class='ocrx_word' id='word_1_14' title='bbox 165 774 276 801; x_wconf 83' lang='lat' dir='ltr'>intelligit</span> 
     </span>
     <span class='ocr_line' id='line_1_7' title="bbox 64 801 151 822; baseline 0 0"><span class='ocrx_word' id='word_1_15' title='bbox 64 802 101 822; x_wconf 84' lang='lat' dir='ltr'>hic</span> <span class='ocrx_word' id='word_1_16' title='bbox 115 801 151 822; x_wconf 87' lang='lat' dir='ltr'>de.</span> 
     </span>
    </p>

    <p class='ocr_par' dir='ltr' id='par_1_4' title="bbox 63 826 276 905">
     <span class='ocr_line' id='line_1_8' title="bbox 65 826 274 849; baseline -0.014 0"><span class='ocrx_word' id='word_1_17' title='bbox 65 829 73 837; x_wconf 82' lang='lat'><strong>¹</strong></span> <span class='ocrx_word' id='word_1_18' title='bbox 83 833 138 849; x_wconf 58' lang='lat' dir='ltr'>nac:</span> <span class='ocrx_word' id='word_1_19' title='bbox 149 826 192 848; x_wconf 80' lang='lat' dir='ltr'>sea</span> <span class='ocrx_word' id='word_1_20' title='bbox 201 826 274 847; x_wconf 84' lang='lat' dir='ltr'>solum</span> 
     </span>
     <span class='ocr_line' id='line_1_9' title="bbox 63 851 276 875; baseline -0.009 -1"><span class='ocrx_word' id='word_1_21' title='bbox 63 853 92 875; x_wconf 85' lang='lat' dir='ltr'>de</span> <span class='ocrx_word' id='word_1_22' title='bbox 111 857 153 874; x_wconf 83' lang='lat' dir='ltr'>etc.</span> <span class='ocrx_word' id='word_1_23' title='bbox 162 865 171 868; x_wconf 99' lang='lat'>-</span> <span class='ocrx_word' id='word_1_24' title='bbox 183 859 196 873; x_wconf 81' lang='grc' dir='ltr'>Ε</span> <span class='ocrx_word' id='word_1_25' title='bbox 208 860 212 873; x_wconf 89' lang='lat'>:</span> <span class='ocrx_word' id='word_1_26' title='bbox 233 851 276 872; x_wconf 84' lang='lat' dir='ltr'>sed</span> 
     </span>
     <span class='ocr_line' id='line_1_10' title="bbox 63 878 272 905; baseline -0.014 -4"><span class='ocrx_word' id='word_1_27' title='bbox 63 880 138 901; x_wconf 74' lang='lat' dir='ltr'>solum</span> <span class='ocrx_word' id='word_1_28' title='bbox 152 879 181 900; x_wconf 86' lang='lat' dir='ltr'>de</span> <span class='ocrx_word' id='word_1_29' title='bbox 195 878 272 905; x_wconf 83' lang='lat' dir='ltr'>infini-</span> 
     </span>
    </p>
   </div>
   <div class='ocr_carea' id='block_1_4' title="bbox 62 931 273 979">
    <p class='ocr_par' dir='ltr' id='par_1_5' title="bbox 62 931 273 979">
     <span class='ocr_line' id='line_1_11' title="bbox 62 931 273 958; baseline -0.009 -5"><span class='ocrx_word' id='word_1_30' title='bbox 62 934 71 942; x_wconf 86' lang='lat'>&#39;</span> <span class='ocrx_word' id='word_1_31' title='bbox 88 931 162 953; x_wconf 92' lang='lat' dir='ltr'>Codd.</span> <span class='ocrx_word' id='word_1_32' title='bbox 171 943 180 947; x_wconf 99' lang='lat'>-</span> <span class='ocrx_word' id='word_1_33' title='bbox 190 937 217 952; x_wconf 80' lang='grc' dir='ltr'>Ρ.;</span> <span class='ocrx_word' id='word_1_34' title='bbox 229 937 273 958; x_wconf 81' lang='lat' dir='ltr'>po-</span> 
     </span>
     <span class='ocr_line' id='line_1_12' title="bbox 62 960 156 979; baseline -0.011 0"><span class='ocrx_word' id='word_1_35' title='bbox 62 960 156 979; x_wconf 84' lang='lat' dir='ltr'>nuntur.</span> 
     </span>
    </p>
   </div>
   <div class='ocr_carea' id='block_1_5' title="bbox 51 1250 270 1302">
    <p class='ocr_par' dir='ltr' id='par_1_6' title="bbox 51 1250 270 1302">
     <span class='ocr_line' id='line_1_13' title="bbox 59 1250 270 1277; baseline -0.005 -6"><span class='ocrx_word' id='word_1_36' title='bbox 59 1251 68 1259; x_wconf 82' lang='lat'>&#39;¹</span> <span class='ocrx_word' id='word_1_37' title='bbox 78 1256 120 1271; x_wconf 68' lang='lat' dir='ltr'>AB:</span> <span class='ocrx_word' id='word_1_38' title='bbox 136 1250 180 1271; x_wconf 81' lang='lat' dir='ltr'>sed</span> <span class='ocrx_word' id='word_1_39' title='bbox 193 1250 270 1277; x_wconf 79' lang='lat' dir='ltr'>signi-</span> 
     </span>
     <span class='ocr_line' id='line_1_14' title="bbox 51 1276 227 1302; baseline 0 -5"><span class='ocrx_word' id='word_1_40' title='bbox 51 1276 115 1302; x_wconf 84' lang='lat' dir='ltr'>ficat</span> <span class='ocrx_word' id='word_1_41' title='bbox 127 1276 227 1297; x_wconf 89' lang='lat' dir='ltr'>modum.</span> 
     </span>
    </p>
   </div>
   <div class='ocr_carea' id='block_1_6' title="bbox 58 1412 271 1486">
    <p class='ocr_par' dir='ltr' id='par_1_7' title="bbox 58 1412 271 1486">
     <span class='ocr_line' id='line_1_15' title="bbox 78 1412 269 1433; baseline 0 0"><span class='ocrx_word' id='word_1_42' title='bbox 78 1418 136 1433; x_wconf 70' lang='lat' dir='ltr'>Anco</span> <span class='ocrx_word' id='word_1_43' title='bbox 150 1420 155 1433; x_wconf 83' lang='lat' dir='ltr'><em>z</em></span> <span class='ocrx_word' id='word_1_44' title='bbox 175 1412 269 1433; x_wconf 80' lang='lat' dir='ltr'>univer-</span> 
     </span>
     <span class='ocr_line' id='line_1_16' title="bbox 58 1438 271 1485; baseline 0 -26"><span class='ocrx_word' id='word_1_45' title='bbox 58 1439 107 1485; x_wconf 66' lang='lat' dir='ltr'>saltl&#39;</span> <span class='ocrx_word' id='word_1_46' title='bbox 113 1438 236 1466; x_wconf 69' lang='lat' dir='ltr'>significat</span> <span class='ocrx_word' id='word_1_47' title='bbox 242 1439 271 1459; x_wconf 83' lang='lat' dir='ltr'>si—</span> 
     </span>
     <span class='ocr_line' id='line_1_17' title="bbox 59 1471 113 1486; baseline 0 0"><span class='ocrx_word' id='word_1_48' title='bbox 59 1471 96 1486; x_wconf 85' lang='lat' dir='ltr'>mu</span> <span class='ocrx_word' id='word_1_49' title='bbox 108 1481 113 1486; x_wconf 98' lang='lat'>.</span> 
     </span>
    </p>
   </div>
   <div class='ocr_carea' id='block_1_7' title="bbox 311 206 1735 251">
    <p class='ocr_par' dir='ltr' id='par_1_8' title="bbox 311 206 1735 251">
     <span class='ocr_line' id='line_1_18' title="bbox 311 206 1735 251; baseline 0.002 -3"><span class='ocrx_word' id='word_1_50' title='bbox 311 213 356 248; x_wconf 87' lang='lat'>50</span> <span class='ocrx_word' id='word_1_51' title='bbox 1061 213 1179 249; x_wconf 90' lang='lat' dir='ltr'>PERI</span> <span class='ocrx_word' id='word_1_52' title='bbox 1210 206 1557 249; x_wconf 85' lang='lat' dir='ltr'>HERMENEIAS</span> <span class='ocrx_word' id='word_1_53' title='bbox 1596 214 1690 251; x_wconf 95' lang='lat' dir='ltr'>LIB.</span> <span class='ocrx_word' id='word_1_54' title='bbox 1722 216 1735 250; x_wconf 97' lang='grc' dir='ltr'>Ι</span> 
     </span>
    </p>
   </div>
   <div class='ocr_carea' id='block_1_8' title="bbox 297 289 1369 1448">
    <p class='ocr_par' dir='ltr' id='par_1_9' title="bbox 305 289 1369 549">
     <span class='ocr_line' id='line_1_19' title="bbox 305 289 1368 338; baseline -0.002 -11"><span class='ocrx_word' id='word_1_55' title='bbox 305 290 449 327; x_wconf 80' lang='lat' dir='ltr'>versale</span> <span class='ocrx_word' id='word_1_56' title='bbox 462 291 510 327; x_wconf 82' lang='lat' dir='ltr'>sit</span> <span class='ocrx_word' id='word_1_57' title='bbox 521 292 632 327; x_wconf 85' lang='lat' dir='ltr'>homo</span> <span class='ocrx_word' id='word_1_58' title='bbox 649 298 716 327; x_wconf 92' lang='lat' dir='ltr'>etc.</span> <span class='ocrx_word' id='word_1_59' title='bbox 729 290 852 327; x_wconf 90' lang='lat' dir='ltr'>-Dicit</span> <span class='ocrx_word' id='word_1_60' title='bbox 873 302 960 338; x_wconf 90' lang='lat' dir='ltr'>ergo</span> <span class='ocrx_word' id='word_1_61' title='bbox 980 290 1104 338; x_wconf 90' lang='lat' dir='ltr'>primo</span> <span class='ocrx_word' id='word_1_62' title='bbox 1126 289 1230 338; x_wconf 91' lang='lat' dir='ltr'>quod</span> <span class='ocrx_word' id='word_1_63' title='bbox 1250 302 1368 338; x_wconf 90' lang='lat' dir='ltr'>quan-</span> 
     </span>
     <span class='ocr_line' id='line_1_20' title="bbox 307 342 1368 390; baseline -0.002 -10"><span class='ocrx_word' id='word_1_64' title='bbox 307 344 356 380; x_wconf 92' lang='lat' dir='ltr'>do</span> <span class='ocrx_word' id='word_1_65' title='bbox 373 343 420 380; x_wconf 91' lang='lat' dir='ltr'>de</span> <span class='ocrx_word' id='word_1_66' title='bbox 434 343 710 380; x_wconf 89' lang='lat' dir='ltr'>universalibus</span> <span class='ocrx_word' id='word_1_67' title='bbox 731 343 906 380; x_wconf 89' lang='lat' dir='ltr'>subiectis</span> <span class='ocrx_word' id='word_1_68' title='bbox 922 343 1132 379; x_wconf 88' lang='lat' dir='ltr'>affirmatur</span> <span class='ocrx_word' id='word_1_69' title='bbox 1147 342 1288 390; x_wconf 90' lang='lat' dir='ltr'>aliquid</span> <span class='ocrx_word' id='word_1_70' title='bbox 1306 343 1368 379; x_wconf 89' lang='lat' dir='ltr'>vel</span> 
     </span>
     <span class='ocr_line' id='line_1_21' title="bbox 305 396 1367 449; baseline -0.003 -16"><span class='ocrx_word' id='word_1_71' title='bbox 305 404 462 444; x_wconf 87' lang='lat' dir='ltr'>negatur</span> <span class='ocrx_word' id='word_1_72' title='bbox 480 402 495 427; x_wconf 78' lang='grc' dir='ltr'><em>Ρ</em></span> <span class='ocrx_word' id='word_1_73' title='bbox 515 409 592 433; x_wconf 92' lang='lat' dir='ltr'>non</span> <span class='ocrx_word' id='word_1_74' title='bbox 616 404 744 432; x_wconf 88' lang='lat' dir='ltr'>tamen</span> <span class='ocrx_word' id='word_1_75' title='bbox 771 396 1042 440; x_wconf 88' lang='lat' dir='ltr'>universaliter,</span> <span class='ocrx_word' id='word_1_76' title='bbox 1064 407 1143 430; x_wconf 93' lang='lat' dir='ltr'>non</span> <span class='ocrx_word' id='word_1_77' title='bbox 1163 402 1249 431; x_wconf 90' lang='lat' dir='ltr'>sunt</span> <span class='ocrx_word' id='word_1_78' title='bbox 1278 407 1367 449; x_wconf 56' lang='lat' dir='ltr'>cong</span> 
     </span>
     <span class='ocr_line' id='line_1_22' title="bbox 305 447 1369 496; baseline -0.003 -10"><span class='ocrx_word' id='word_1_79' title='bbox 305 449 438 486; x_wconf 91' lang='lat' dir='ltr'>trariae</span> <span class='ocrx_word' id='word_1_80' title='bbox 467 449 760 495; x_wconf 86' lang='lat' dir='ltr'>enunciationes,</span> <span class='ocrx_word' id='word_1_81' title='bbox 791 448 859 484; x_wconf 91' lang='lat' dir='ltr'>sed</span> <span class='ocrx_word' id='word_1_82' title='bbox 887 448 948 484; x_wconf 90' lang='lat' dir='ltr'>illa</span> <span class='ocrx_word' id='word_1_83' title='bbox 985 459 1083 496; x_wconf 90' lang='lat' dir='ltr'>quae</span> <span class='ocrx_word' id='word_1_84' title='bbox 1112 447 1369 494; x_wconf 86' lang='lat' dir='ltr'>significantur</span> 
     </span>
     <span class='ocr_line' id='line_1_23' title="bbox 306 501 858 549; baseline -0.004 -11"><span class='ocrx_word' id='word_1_85' title='bbox 306 502 484 549; x_wconf 85' lang='lat' dir='ltr'>contingit</span> <span class='ocrx_word' id='word_1_86' title='bbox 513 514 593 538; x_wconf 89' lang='lat' dir='ltr'>esse</span> <span class='ocrx_word' id='word_1_87' title='bbox 624 501 808 537; x_wconf 87' lang='lat' dir='ltr'>contraria</span> <span class='ocrx_word' id='word_1_88' title='bbox 827 502 858 536; x_wconf 80' lang='lat'>*.</span> 
     </span>
    </p>

    <p class='ocr_par' dir='ltr' id='par_1_10' title="bbox 297 553 1368 1448">
     <span class='ocr_line' id='line_1_24' title="bbox 358 553 1367 591; baseline -0.002 0"><span class='ocrx_word' id='word_1_89' title='bbox 358 555 505 591; x_wconf 87' lang='lat' dir='ltr'><strong>Deinde</strong></span> <span class='ocrx_word' id='word_1_90' title='bbox 535 566 622 590; x_wconf 91' lang='lat' dir='ltr'>cum</span> <span class='ocrx_word' id='word_1_91' title='bbox 652 554 755 590; x_wconf 90' lang='lat' dir='ltr'>dicit:</span> <span class='ocrx_word' id='word_1_92' title='bbox 775 554 872 590; x_wconf 89' lang='lat' dir='ltr'><em>Dico</em></span> <span class='ocrx_word' id='word_1_93' title='bbox 892 558 1016 589; x_wconf 86' lang='lat' dir='ltr'>autem</span> <span class='ocrx_word' id='word_1_94' title='bbox 1046 565 1120 589; x_wconf 91' lang='lat' dir='ltr'>non</span> <span class='ocrx_word' id='word_1_95' title='bbox 1151 553 1367 589; x_wconf 77' lang='lat' dir='ltr'>universali-</span> 
     </span>
     <span class='ocr_line' id='line_1_25' title="bbox 305 605 1365 654; baseline -0.003 -10"><span class='ocrx_word' id='word_1_96' title='bbox 305 614 360 644; x_wconf 87' lang='lat' dir='ltr'>ter</span> <span class='ocrx_word' id='word_1_97' title='bbox 379 615 460 653; x_wconf 64' lang='lat' dir='ltr'>etc„</span> <span class='ocrx_word' id='word_1_98' title='bbox 477 607 690 643; x_wconf 88' lang='lat' dir='ltr'>manifestat</span> <span class='ocrx_word' id='word_1_99' title='bbox 702 618 772 654; x_wconf 91' lang='lat' dir='ltr'>per</span> <span class='ocrx_word' id='word_1_100' title='bbox 788 607 808 627; x_wconf 74' lang='lat'>&#39;¹‘</span> <span class='ocrx_word' id='word_1_101' title='bbox 827 606 1011 654; x_wconf 87' lang='lat' dir='ltr'>exempla.</span> <span class='ocrx_word' id='word_1_102' title='bbox 1029 605 1103 642; x_wconf 86' lang='lat' dir='ltr'>Ubi</span> <span class='ocrx_word' id='word_1_103' title='bbox 1125 605 1365 642; x_wconf 89' lang='lat' dir='ltr'>consideran-</span> 
     </span>
     <span class='ocr_line' id='line_1_26' title="bbox 305 658 1367 707; baseline -0.002 -10"><span class='ocrx_word' id='word_1_104' title='bbox 305 660 397 697; x_wconf 90' lang='lat' dir='ltr'>dum</span> <span class='ocrx_word' id='word_1_105' title='bbox 427 667 482 696; x_wconf 92' lang='lat' dir='ltr'>est</span> <span class='ocrx_word' id='word_1_106' title='bbox 509 659 614 707; x_wconf 91' lang='lat' dir='ltr'>quod</span> <span class='ocrx_word' id='word_1_107' title='bbox 641 671 719 695; x_wconf 92' lang='lat' dir='ltr'>non</span> <span class='ocrx_word' id='word_1_108' title='bbox 749 659 891 696; x_wconf 87' lang='lat' dir='ltr'>dixerat</span> <span class='ocrx_word' id='word_1_109' title='bbox 924 658 1078 707; x_wconf 90' lang='lat' dir='ltr'>quando</span> <span class='ocrx_word' id='word_1_110' title='bbox 1107 658 1146 695; x_wconf 90' lang='lat' dir='ltr'>in</span> <span class='ocrx_word' id='word_1_111' title='bbox 1173 658 1367 695; x_wconf 87' lang='lat' dir='ltr'>universa-</span> 
     </span>
     <span class='ocr_line' id='line_1_27' title="bbox 303 711 1368 760; baseline -0.001 -11"><span class='ocrx_word' id='word_1_112' title='bbox 303 713 399 749; x_wconf 91' lang='lat' dir='ltr'>libus</span> <span class='ocrx_word' id='word_1_113' title='bbox 429 712 730 760; x_wconf 87' lang='lat' dir='ltr'><em>particulariter,</em></span> <span class='ocrx_word' id='word_1_114' title='bbox 760 712 828 749; x_wconf 92' lang='lat' dir='ltr'>sed</span> <span class='ocrx_word' id='word_1_115' title='bbox 867 724 940 749; x_wconf 88' lang='lat' dir='ltr'>non</span> <span class='ocrx_word' id='word_1_116' title='bbox 977 711 1244 748; x_wconf 75' lang='lat' dir='ltr'>universaliter.</span> <span class='ocrx_word' id='word_1_117' title='bbox 1276 712 1368 748; x_wconf 91' lang='lat' dir='ltr'>Non</span> 
     </span>
     <span class='ocr_line' id='line_1_28' title="bbox 304 764 1366 813; baseline -0.001 -12"><span class='ocrx_word' id='word_1_118' title='bbox 304 765 404 801; x_wconf 92' lang='lat' dir='ltr'>enim</span> <span class='ocrx_word' id='word_1_119' title='bbox 425 764 582 801; x_wconf 89' lang='lat' dir='ltr'>intendit</span> <span class='ocrx_word' id='word_1_120' title='bbox 602 765 649 801; x_wconf 91' lang='lat' dir='ltr'>de</span> <span class='ocrx_word' id='word_1_121' title='bbox 669 765 689 783; x_wconf 75' lang='lat'>⁴*</span> <span class='ocrx_word' id='word_1_122' title='bbox 714 765 1000 813; x_wconf 87' lang='lat' dir='ltr'>particularibus</span> <span class='ocrx_word' id='word_1_123' title='bbox 1027 764 1366 811; x_wconf 89' lang='lat' dir='ltr'>enunciationibus,</span> 
     </span>
     <span class='ocr_line' id='line_1_29' title="bbox 302 817 1368 866; baseline 0 -12"><span class='ocrx_word' id='word_1_124' title='bbox 302 817 369 854; x_wconf 88' lang='lat' dir='ltr'>sed</span> <span class='ocrx_word' id='word_1_125' title='bbox 407 817 452 854; x_wconf 91' lang='lat' dir='ltr'>de</span> <span class='ocrx_word' id='word_1_126' title='bbox 482 817 570 854; x_wconf 92' lang='lat' dir='ltr'>solis</span> <span class='ocrx_word' id='word_1_127' title='bbox 598 817 802 854; x_wconf 88' lang='lat' dir='ltr'>indefinitis</span> <span class='ocrx_word' id='word_1_128' title='bbox 833 819 862 854; x_wconf 74' lang='lat'>³¹⁸.</span> <span class='ocrx_word' id='word_1_129' title='bbox 889 819 938 855; x_wconf 93' lang='lat' dir='ltr'>Et</span> <span class='ocrx_word' id='word_1_130' title='bbox 956 819 1031 855; x_wconf 92' lang='lat' dir='ltr'>hoc</span> <span class='ocrx_word' id='word_1_131' title='bbox 1058 817 1272 854; x_wconf 89' lang='lat' dir='ltr'>manifestat</span> <span class='ocrx_word' id='word_1_132' title='bbox 1298 830 1368 866; x_wconf 92' lang='lat' dir='ltr'>per</span> 
     </span>
     <span class='ocr_line' id='line_1_30' title="bbox 302 870 1367 919; baseline 0 -13"><span class='ocrx_word' id='word_1_133' title='bbox 302 870 475 918; x_wconf 86' lang='lat' dir='ltr'>exempla</span> <span class='ocrx_word' id='word_1_134' title='bbox 503 882 600 918; x_wconf 90' lang='lat' dir='ltr'>quae</span> <span class='ocrx_word' id='word_1_135' title='bbox 626 870 734 919; x_wconf 92' lang='lat' dir='ltr'>ponit</span> <span class='ocrx_word' id='word_1_136' title='bbox 759 872 793 917; x_wconf 74' lang='lat'>²¹²,</span> <span class='ocrx_word' id='word_1_137' title='bbox 825 871 953 908; x_wconf 90' lang='lat' dir='ltr'>dicens</span> <span class='ocrx_word' id='word_1_138' title='bbox 973 871 1054 908; x_wconf 92' lang='lat' dir='ltr'>fieri</span> <span class='ocrx_word' id='word_1_139' title='bbox 1083 870 1120 907; x_wconf 90' lang='lat' dir='ltr'>in</span> <span class='ocrx_word' id='word_1_140' title='bbox 1147 870 1367 907; x_wconf 90' lang='lat' dir='ltr'>universali-</span> 
     </span>
     <span class='ocr_line' id='line_1_31' title="bbox 302 923 1364 970; baseline 0.001 -11"><span class='ocrx_word' id='word_1_141' title='bbox 302 923 372 959; x_wconf 90' lang='lat' dir='ltr'>bus</span> <span class='ocrx_word' id='word_1_142' title='bbox 409 923 585 960; x_wconf 90' lang='lat' dir='ltr'>subiectis</span> <span class='ocrx_word' id='word_1_143' title='bbox 626 936 705 960; x_wconf 91' lang='lat' dir='ltr'>non</span> <span class='ocrx_word' id='word_1_144' title='bbox 741 924 997 961; x_wconf 89' lang='lat' dir='ltr'>universalem</span> <span class='ocrx_word' id='word_1_145' title='bbox 1036 923 1364 970; x_wconf 89' lang='lat' dir='ltr'>enunciationem;</span> 
     </span>
     <span class='ocr_line' id='line_1_32' title="bbox 302 975 1364 1023; baseline 0.002 -12"><span class='ocrx_word' id='word_1_146' title='bbox 302 988 389 1012; x_wconf 91' lang='lat' dir='ltr'>cum</span> <span class='ocrx_word' id='word_1_147' title='bbox 410 975 553 1022; x_wconf 80' lang='lat' dir='ltr'>dicitur,</span> <span class='ocrx_word' id='word_1_148' title='bbox 585 982 640 1013; x_wconf 81' lang='lat' dir='ltr'>est</span> <span class='ocrx_word' id='word_1_149' title='bbox 661 977 768 1013; x_wconf 83' lang='lat' dir='ltr'>albus</span> <span class='ocrx_word' id='word_1_150' title='bbox 786 978 911 1023; x_wconf 86' lang='lat' dir='ltr'>homo,</span> <span class='ocrx_word' id='word_1_151' title='bbox 939 989 1012 1014; x_wconf 90' lang='lat' dir='ltr'>non</span> <span class='ocrx_word' id='word_1_152' title='bbox 1039 983 1093 1013; x_wconf 82' lang='lat' dir='ltr'>est</span> <span class='ocrx_word' id='word_1_153' title='bbox 1115 977 1222 1013; x_wconf 80' lang='lat' dir='ltr'>albus</span> <span class='ocrx_word' id='word_1_154' title='bbox 1240 978 1364 1014; x_wconf 86' lang='lat' dir='ltr'>homo.</span> 
     </span>
     <span class='ocr_line' id='line_1_33' title="bbox 301 1028 1364 1079; baseline 0.002 -15"><span class='ocrx_word' id='word_1_155' title='bbox 301 1029 349 1065; x_wconf 92' lang='lat' dir='ltr'>Et</span> <span class='ocrx_word' id='word_1_156' title='bbox 359 1028 543 1065; x_wconf 90' lang='lat' dir='ltr'>rationem</span> <span class='ocrx_word' id='word_1_157' title='bbox 555 1029 667 1066; x_wconf 92' lang='lat' dir='ltr'>huius</span> <span class='ocrx_word' id='word_1_158' title='bbox 679 1030 943 1078; x_wconf 75' lang='lat' dir='ltr'>expositionis‘</span> <span class='ocrx_word' id='word_1_159' title='bbox 955 1030 1128 1077; x_wconf 85' lang='lat' dir='ltr'>ostendit,</span> <span class='ocrx_word' id='word_1_160' title='bbox 1142 1030 1230 1079; x_wconf 90' lang='lat' dir='ltr'>quia</span> <span class='ocrx_word' id='word_1_161' title='bbox 1239 1031 1364 1076; x_wconf 82' lang='lat' dir='ltr'>homo,</span> 
     </span>
     <span class='ocr_line' id='line_1_34' title="bbox 301 1081 1365 1131; baseline 0.002 -14"><span class='ocrx_word' id='word_1_162' title='bbox 301 1081 364 1130; x_wconf 89' lang='lat' dir='ltr'>qui</span> <span class='ocrx_word' id='word_1_163' title='bbox 388 1081 591 1128; x_wconf 87' lang='lat' dir='ltr'>subiicitur,</span> <span class='ocrx_word' id='word_1_164' title='bbox 614 1090 669 1119; x_wconf 93' lang='lat' dir='ltr'>est</span> <span class='ocrx_word' id='word_1_165' title='bbox 687 1083 914 1130; x_wconf 82' lang='lat' dir='ltr'>universale,</span> <span class='ocrx_word' id='word_1_166' title='bbox 936 1083 1004 1120; x_wconf 91' lang='lat' dir='ltr'>sed</span> <span class='ocrx_word' id='word_1_167' title='bbox 1023 1091 1151 1119; x_wconf 91' lang='lat' dir='ltr'>tamen</span> <span class='ocrx_word' id='word_1_168' title='bbox 1171 1083 1365 1131; x_wconf 88' lang='lat' dir='ltr'>praedica-</span> 
     </span>
     <span class='ocr_line' id='line_1_35' title="bbox 300 1135 1365 1185; baseline 0.002 -15"><span class='ocrx_word' id='word_1_169' title='bbox 300 1142 381 1171; x_wconf 87' lang='lat' dir='ltr'>tum</span> <span class='ocrx_word' id='word_1_170' title='bbox 397 1147 475 1170; x_wconf 92' lang='lat' dir='ltr'>non</span> <span class='ocrx_word' id='word_1_171' title='bbox 489 1135 751 1172; x_wconf 89' lang='lat' dir='ltr'>universaliter</span> <span class='ocrx_word' id='word_1_172' title='bbox 771 1136 817 1172; x_wconf 94' lang='lat' dir='ltr'>de</span> <span class='ocrx_word' id='word_1_173' title='bbox 838 1148 884 1172; x_wconf 89' lang='lat' dir='ltr'>eo</span> <span class='ocrx_word' id='word_1_174' title='bbox 906 1136 1157 1185; x_wconf 82' lang='lat' dir='ltr'>praedicatur,</span> <span class='ocrx_word' id='word_1_175' title='bbox 1179 1136 1267 1185; x_wconf 90' lang='lat' dir='ltr'>quia</span> <span class='ocrx_word' id='word_1_176' title='bbox 1287 1148 1365 1172; x_wconf 89' lang='lat' dir='ltr'>non</span> 
     </span>
     <span class='ocr_line' id='line_1_36' title="bbox 300 1187 1366 1238; baseline 0.002 -15"><span class='ocrx_word' id='word_1_177' title='bbox 300 1187 502 1235; x_wconf 90' lang='lat' dir='ltr'>apponitur</span> <span class='ocrx_word' id='word_1_178' title='bbox 519 1188 615 1224; x_wconf 90' lang='lat' dir='ltr'>haec</span> <span class='ocrx_word' id='word_1_179' title='bbox 635 1188 759 1236; x_wconf 85' lang='lat' dir='ltr'>dictio,</span> <span class='ocrx_word' id='word_1_180' title='bbox 781 1189 921 1226; x_wconf 85' lang='lat' dir='ltr'>omnis.-</span> <span class='ocrx_word' id='word_1_181' title='bbox 946 1201 1045 1238; x_wconf 90' lang='lat' dir='ltr'>quae</span> <span class='ocrx_word' id='word_1_182' title='bbox 1073 1201 1152 1226; x_wconf 92' lang='lat' dir='ltr'>non</span> <span class='ocrx_word' id='word_1_183' title='bbox 1181 1189 1366 1236; x_wconf 88' lang='lat' dir='ltr'>significat</span> 
     </span>
     <span class='ocr_line' id='line_1_37' title="bbox 299 1240 1363 1289; baseline 0.002 -13"><span class='ocrx_word' id='word_1_184' title='bbox 299 1240 424 1288; x_wconf 91' lang='lat' dir='ltr'>ipsum</span> <span class='ocrx_word' id='word_1_185' title='bbox 454 1241 690 1288; x_wconf 89' lang='lat' dir='ltr'>universale,</span> <span class='ocrx_word' id='word_1_186' title='bbox 725 1242 792 1278; x_wconf 89' lang='lat' dir='ltr'>sed</span> <span class='ocrx_word' id='word_1_187' title='bbox 825 1243 978 1278; x_wconf 86' lang='lat' dir='ltr'>modum</span> <span class='ocrx_word' id='word_1_188' title='bbox 1004 1243 1023 1261; x_wconf 78' lang='lat'>⁴⁵</span> <span class='ocrx_word' id='word_1_189' title='bbox 1052 1242 1363 1289; x_wconf 89' lang='lat' dir='ltr'>universalitatis,</span> 
     </span>
     <span class='ocr_line' id='line_1_38' title="bbox 297 1293 1365 1342; baseline 0.002 -13"><span class='ocrx_word' id='word_1_190' title='bbox 297 1301 412 1341; x_wconf 91' lang='lat' dir='ltr'>prout</span> <span class='ocrx_word' id='word_1_191' title='bbox 432 1293 571 1330; x_wconf 90' lang='lat' dir='ltr'>scilicet</span> <span class='ocrx_word' id='word_1_192' title='bbox 588 1294 849 1342; x_wconf 89' lang='lat' dir='ltr'>praedicatum</span> <span class='ocrx_word' id='word_1_193' title='bbox 875 1295 1008 1331; x_wconf 89' lang='lat' dir='ltr'>dicitur</span> <span class='ocrx_word' id='word_1_194' title='bbox 1027 1295 1289 1332; x_wconf 92' lang='lat' dir='ltr'>universaliter</span> <span class='ocrx_word' id='word_1_195' title='bbox 1317 1295 1365 1331; x_wconf 93' lang='lat' dir='ltr'>de</span> 
     </span>
     <span class='ocr_line' id='line_1_39' title="bbox 299 1346 1363 1393; baseline 0.001 -11"><span class='ocrx_word' id='word_1_196' title='bbox 299 1346 487 1392; x_wconf 84' lang='lat' dir='ltr'>subiect03</span> <span class='ocrx_word' id='word_1_197' title='bbox 510 1354 546 1383; x_wconf 90' lang='lat' dir='ltr'>et</span> <span class='ocrx_word' id='word_1_198' title='bbox 573 1346 659 1384; x_wconf 91' lang='lat' dir='ltr'>ideo</span> <span class='ocrx_word' id='word_1_199' title='bbox 689 1347 816 1384; x_wconf 88' lang='lat' dir='ltr'>addita</span> <span class='ocrx_word' id='word_1_200' title='bbox 836 1347 1006 1384; x_wconf 89' lang='lat' dir='ltr'>subiecto</span> <span class='ocrx_word' id='word_1_201' title='bbox 1026 1347 1242 1393; x_wconf 86' lang='lat' dir='ltr'>universali,</span> <span class='ocrx_word' id='word_1_202' title='bbox 1264 1360 1363 1383; x_wconf 90' lang='lat' dir='ltr'>sem-</span> 
     </span>
     <span class='ocr_line' id='line_1_40' title="bbox 298 1399 1364 1448; baseline 0 -12"><span class='ocrx_word' id='word_1_203' title='bbox 298 1411 367 1448; x_wconf 87' lang='lat' dir='ltr'>per</span> <span class='ocrx_word' id='word_1_204' title='bbox 386 1399 570 1447; x_wconf 85' lang='lat' dir='ltr'>significat</span> <span class='ocrx_word' id='word_1_205' title='bbox 588 1401 608 1419; x_wconf 77' lang='lat'>⁴*</span> <span class='ocrx_word' id='word_1_206' title='bbox 629 1400 733 1448; x_wconf 92' lang='lat' dir='ltr'>quod</span> <span class='ocrx_word' id='word_1_207' title='bbox 753 1400 892 1448; x_wconf 89' lang='lat' dir='ltr'>aliquid</span> <span class='ocrx_word' id='word_1_208' title='bbox 913 1400 960 1436; x_wconf 92' lang='lat' dir='ltr'>de</span> <span class='ocrx_word' id='word_1_209' title='bbox 981 1412 1028 1436; x_wconf 93' lang='lat' dir='ltr'>eo</span> <span class='ocrx_word' id='word_1_210' title='bbox 1050 1400 1194 1436; x_wconf 90' lang='lat' dir='ltr'>dicatur</span> <span class='ocrx_word' id='word_1_211' title='bbox 1212 1400 1364 1436; x_wconf 89' lang='lat' dir='ltr'>univer-</span> 
     </span>
    </p>
   </div>
   <div class='ocr_carea' id='block_1_9' title="bbox 299 1452 1384 1501">
    <p class='ocr_par' dir='ltr' id='par_1_11' title="bbox 299 1452 1384 1501">
     <span class='ocr_line' id='line_1_41' title="bbox 299 1452 1384 1501; baseline 0.001 -13"><span class='ocrx_word' id='word_1_212' title='bbox 299 1452 432 1488; x_wconf 90' lang='lat' dir='ltr'>saliter.</span> <span class='ocrx_word' id='word_1_213' title='bbox 455 1453 556 1489; x_wconf 94' lang='lat' dir='ltr'>Tota</span> <span class='ocrx_word' id='word_1_214' title='bbox 575 1460 702 1489; x_wconf 89' lang='lat' dir='ltr'>autem</span> <span class='ocrx_word' id='word_1_215' title='bbox 722 1453 817 1489; x_wconf 88' lang='lat' dir='ltr'>haec</span> <span class='ocrx_word' id='word_1_216' title='bbox 837 1452 1020 1501; x_wconf 87' lang='lat' dir='ltr'>expositio</span> <span class='ocrx_word' id='word_1_217' title='bbox 1041 1453 1199 1489; x_wconf 85' lang='lat' dir='ltr'>refertur</span> <span class='ocrx_word' id='word_1_218' title='bbox 1222 1453 1271 1495; x_wconf 87' lang='lat' dir='ltr'>ad</span> <span class='ocrx_word' id='word_1_219' title='bbox 1290 1453 1365 1489; x_wconf 93' lang='lat' dir='ltr'>hoc</span> <span class='ocrx_word' id='word_1_220' title='bbox 1381 1455 1384 1458; x_wconf 74' lang='grc'>’</span> 
     </span>
    </p>
   </div>
   <div class='ocr_carea' id='block_1_10' title="bbox 286 1505 1365 2403">
    <p class='ocr_par' dir='ltr' id='par_1_12' title="bbox 297 1505 1364 1603">
     <span class='ocr_line' id='line_1_42' title="bbox 299 1505 1364 1554; baseline 0.001 -13"><span class='ocrx_word' id='word_1_221' title='bbox 299 1505 404 1554; x_wconf 92' lang='lat' dir='ltr'>quod</span> <span class='ocrx_word' id='word_1_222' title='bbox 433 1505 592 1541; x_wconf 85' lang='lat' dir='ltr'>dixerat:</span> <span class='ocrx_word' id='word_1_223' title='bbox 623 1506 780 1547; x_wconf 85' lang='lat' dir='ltr'>Quando</span> <span class='ocrx_word' id='word_1_224' title='bbox 810 1506 847 1541; x_wconf 88' lang='lat' dir='ltr'>in</span> <span class='ocrx_word' id='word_1_225' title='bbox 877 1505 1147 1542; x_wconf 80' lang='lat' dir='ltr'>universalibus</span> <span class='ocrx_word' id='word_1_226' title='bbox 1180 1517 1254 1542; x_wconf 88' lang='lat' dir='ltr'>non</span> <span class='ocrx_word' id='word_1_227' title='bbox 1284 1506 1364 1542; x_wconf 89' lang='lat' dir='ltr'>uni-</span> 
     </span>
     <span class='ocr_line' id='line_1_43' title="bbox 297 1557 1200 1603; baseline 0.001 -9"><span class='ocrx_word' id='word_1_228' title='bbox 297 1557 491 1594; x_wconf 79' lang='lat' dir='ltr'>versaliter</span> <span class='ocrx_word' id='word_1_229' title='bbox 517 1558 748 1603; x_wconf 85' lang='lat' dir='ltr'>enunciatur,</span> <span class='ocrx_word' id='word_1_230' title='bbox 770 1570 844 1595; x_wconf 88' lang='lat' dir='ltr'>non</span> <span class='ocrx_word' id='word_1_231' title='bbox 872 1565 960 1595; x_wconf 84' lang='lat' dir='ltr'>sunt</span> <span class='ocrx_word' id='word_1_232' title='bbox 977 1559 1200 1595; x_wconf 87' lang='lat' dir='ltr'>contrariae.</span> 
     </span>
    </p>

    <p class='ocr_par' dir='ltr' id='par_1_13' title="bbox 286 1610 1365 2403">
     <span class='ocr_line' id='line_1_44' title="bbox 353 1610 1365 1662; baseline 0.002 -16"><span class='ocrx_word' id='word_1_233' title='bbox 353 1622 414 1646; x_wconf 90' lang='lat'>20.</span> <span class='ocrx_word' id='word_1_234' title='bbox 437 1610 514 1647; x_wconf 88' lang='lat' dir='ltr'>Sed</span> <span class='ocrx_word' id='word_1_235' title='bbox 542 1611 616 1646; x_wconf 92' lang='lat' dir='ltr'>hoc</span> <span class='ocrx_word' id='word_1_236' title='bbox 644 1611 749 1659; x_wconf 91' lang='lat' dir='ltr'>quod</span> <span class='ocrx_word' id='word_1_237' title='bbox 768 1611 934 1648; x_wconf 87' lang='lat' dir='ltr'>additur:</span> <span class='ocrx_word' id='word_1_238' title='bbox 965 1611 1070 1653; x_wconf 88' lang='lat' dir='ltr'>Quae</span> <span class='ocrx_word' id='word_1_239' title='bbox 1097 1617 1222 1648; x_wconf 88' lang='lat' dir='ltr'>autem</span> <span class='ocrx_word' id='word_1_240' title='bbox 1249 1611 1365 1662; x_wconf 80' lang='lat' dir='ltr'>signi-</span> 
     </span>
     <span class='ocr_line' id='line_1_45' title="bbox 286 1664 1364 1713; baseline 0.002 -14"><span class='ocrx_word' id='word_1_241' title='bbox 286 1665 459 1711; x_wconf 79' lang='lat' dir='ltr'>ficantur</span> <span class='ocrx_word' id='word_1_242' title='bbox 486 1664 670 1712; x_wconf 80' lang='lat' dir='ltr'>contingit</span> <span class='ocrx_word' id='word_1_243' title='bbox 694 1676 771 1700; x_wconf 84' lang='lat' dir='ltr'>esse</span> <span class='ocrx_word' id='word_1_244' title='bbox 798 1665 1006 1710; x_wconf 86' lang='lat' dir='ltr'>contraria,</span> <span class='ocrx_word' id='word_1_245' title='bbox 1034 1677 1112 1701; x_wconf 93' lang='lat' dir='ltr'>non</span> <span class='ocrx_word' id='word_1_246' title='bbox 1132 1672 1188 1701; x_wconf 92' lang='lat' dir='ltr'>est</span> <span class='ocrx_word' id='word_1_247' title='bbox 1217 1664 1364 1713; x_wconf 91' lang='lat' dir='ltr'>exposi-</span> 
     </span>
     <span class='ocr_line' id='line_1_46' title="bbox 297 1716 1365 1764; baseline 0.002 -12"><span class='ocrx_word' id='word_1_248' title='bbox 297 1724 394 1762; x_wconf 89' lang='lat' dir='ltr'>tum,</span> <span class='ocrx_word' id='word_1_249' title='bbox 421 1716 596 1764; x_wconf 89' lang='lat' dir='ltr'>quamvis</span> <span class='ocrx_word' id='word_1_250' title='bbox 615 1722 630 1737; x_wconf 68' lang='lat'><em>²</em></span> <span class='ocrx_word' id='word_1_251' title='bbox 650 1717 919 1754; x_wconf 85' lang='lat' dir='ltr'>obscuritatem</span> <span class='ocrx_word' id='word_1_252' title='bbox 945 1717 1149 1763; x_wconf 88' lang='lat' dir='ltr'>contineat;</span> <span class='ocrx_word' id='word_1_253' title='bbox 1180 1725 1216 1754; x_wconf 88' lang='lat' dir='ltr'>et</span> <span class='ocrx_word' id='word_1_254' title='bbox 1239 1717 1326 1754; x_wconf 92' lang='lat' dir='ltr'>ideo</span> <span class='ocrx_word' id='word_1_255' title='bbox 1343 1730 1365 1754; x_wconf 91' lang='lat' dir='ltr'>a</span> 
     </span>
     <span class='ocr_line' id='line_1_47' title="bbox 298 1769 1365 1819; baseline 0.001 -13"><span class='ocrx_word' id='word_1_256' title='bbox 298 1769 455 1806; x_wconf 87' lang='lat' dir='ltr'>diversis</span> <span class='ocrx_word' id='word_1_257' title='bbox 476 1769 734 1807; x_wconf 89' lang='lat' dir='ltr'>diversimode</span> <span class='ocrx_word' id='word_1_258' title='bbox 749 1770 959 1819; x_wconf 90' lang='lat' dir='ltr'>exponitur.</span> <span class='ocrx_word' id='word_1_259' title='bbox 983 1770 1151 1817; x_wconf 87' lang='lat' dir='ltr'>Quidam</span> <span class='ocrx_word' id='word_1_260' title='bbox 1173 1770 1273 1807; x_wconf 89' lang='lat' dir='ltr'>enim</span> <span class='ocrx_word' id='word_1_261' title='bbox 1289 1771 1365 1807; x_wconf 92' lang='lat' dir='ltr'>hoc</span> 
     </span>
     <span class='ocr_line' id='line_1_48' title="bbox 297 1822 1365 1860; baseline 0.002 -2"><span class='ocrx_word' id='word_1_262' title='bbox 297 1822 435 1858; x_wconf 88' lang='lat' dir='ltr'>referre</span> <span class='ocrx_word' id='word_1_263' title='bbox 471 1823 676 1859; x_wconf 85' lang='lat' dir='ltr'>voluerunt</span> <span class='ocrx_word' id='word_1_264' title='bbox 713 1823 762 1859; x_wconf 89' lang='lat' dir='ltr'>ad</span> <span class='ocrx_word' id='word_1_265' title='bbox 791 1823 1094 1860; x_wconf 89' lang='lat' dir='ltr'>contrarietatem</span> <span class='ocrx_word' id='word_1_266' title='bbox 1128 1823 1294 1860; x_wconf 85' lang='lat' dir='ltr'>veritatis</span> <span class='ocrx_word' id='word_1_267' title='bbox 1328 1831 1365 1860; x_wconf 92' lang='lat' dir='ltr'>et</span> 
     </span>
     <span class='ocr_line' id='line_1_49' title="bbox 296 1874 1363 1924; baseline 0.002 -13"><span class='ocrx_word' id='word_1_268' title='bbox 296 1874 473 1922; x_wconf 83' lang='lat' dir='ltr'>falsitatis,</span> <span class='ocrx_word' id='word_1_269' title='bbox 499 1887 598 1924; x_wconf 90' lang='lat' dir='ltr'>quae</span> <span class='ocrx_word' id='word_1_270' title='bbox 628 1876 808 1924; x_wconf 91' lang='lat' dir='ltr'>competit</span> <span class='ocrx_word' id='word_1_271' title='bbox 835 1876 1055 1914; x_wconf 90' lang='lat' dir='ltr'>huiusmodi</span> <span class='ocrx_word' id='word_1_272' title='bbox 1093 1877 1363 1914; x_wconf 89' lang='lat' dir='ltr'>enunciationi—</span> 
     </span>
     <span class='ocr_line' id='line_1_50' title="bbox 296 1928 1362 1978; baseline 0.003 -14"><span class='ocrx_word' id='word_1_273' title='bbox 296 1929 379 1964; x_wconf 90' lang='lat' dir='ltr'>bus.</span> <span class='ocrx_word' id='word_1_274' title='bbox 410 1928 602 1976; x_wconf 87' lang='lat' dir='ltr'>Contingit</span> <span class='ocrx_word' id='word_1_275' title='bbox 630 1929 732 1965; x_wconf 92' lang='lat' dir='ltr'>enim</span> <span class='ocrx_word' id='word_1_276' title='bbox 771 1929 1002 1978; x_wconf 87' lang='lat' dir='ltr'>quandoque</span> <span class='ocrx_word' id='word_1_277' title='bbox 1034 1930 1103 1966; x_wconf 92' lang='lat' dir='ltr'>has</span> <span class='ocrx_word' id='word_1_278' title='bbox 1138 1930 1249 1966; x_wconf 92' lang='lat' dir='ltr'>simul</span> <span class='ocrx_word' id='word_1_279' title='bbox 1279 1942 1362 1967; x_wconf 92' lang='lat' dir='ltr'>esse</span> 
     </span>
     <span class='ocr_line' id='line_1_51' title="bbox 295 1982 1363 2028; baseline 0.003 -11"><span class='ocrx_word' id='word_1_280' title='bbox 295 1983 430 2028; x_wconf 85' lang='lat' dir='ltr'>veras,&#39;</span> <span class='ocrx_word' id='word_1_281' title='bbox 456 1982 568 2018; x_wconf 83' lang='lat' dir='ltr'>homo</span> <span class='ocrx_word' id='word_1_282' title='bbox 597 1987 652 2018; x_wconf 88' lang='lat' dir='ltr'>est</span> <span class='ocrx_word' id='word_1_283' title='bbox 676 1982 803 2028; x_wconf 82' lang='lat' dir='ltr'>albus,</span> <span class='ocrx_word' id='word_1_284' title='bbox 839 1983 952 2019; x_wconf 87' lang='lat' dir='ltr'>homo</span> <span class='ocrx_word' id='word_1_285' title='bbox 981 1994 1055 2019; x_wconf 89' lang='lat' dir='ltr'>non</span> <span class='ocrx_word' id='word_1_286' title='bbox 1089 1988 1144 2019; x_wconf 83' lang='lat' dir='ltr'>est</span> <span class='ocrx_word' id='word_1_287' title='bbox 1168 1983 1298 2027; x_wconf 85' lang='lat' dir='ltr'>albus;</span> <span class='ocrx_word' id='word_1_288' title='bbox 1327 1991 1363 2020; x_wconf 91' lang='lat' dir='ltr'>et</span> 
     </span>
     <span class='ocr_line' id='line_1_52' title="bbox 296 2033 1361 2084; baseline 0.003 -14"><span class='ocrx_word' id='word_1_289' title='bbox 296 2033 349 2070; x_wconf 93' lang='lat' dir='ltr'>sic</span> <span class='ocrx_word' id='word_1_290' title='bbox 376 2046 455 2071; x_wconf 93' lang='lat' dir='ltr'>non</span> <span class='ocrx_word' id='word_1_291' title='bbox 483 2042 571 2071; x_wconf 90' lang='lat' dir='ltr'>sunt</span> <span class='ocrx_word' id='word_1_292' title='bbox 590 2035 810 2082; x_wconf 89' lang='lat' dir='ltr'>contrariae,</span> <span class='ocrx_word' id='word_1_293' title='bbox 832 2035 920 2084; x_wconf 90' lang='lat' dir='ltr'>quia</span> <span class='ocrx_word' id='word_1_294' title='bbox 949 2035 1136 2073; x_wconf 86' lang='lat' dir='ltr'>contraria</span> <span class='ocrx_word' id='word_1_295' title='bbox 1156 2043 1291 2073; x_wconf 90' lang='lat' dir='ltr'>mutuo</span> <span class='ocrx_word' id='word_1_296' title='bbox 1320 2049 1361 2073; x_wconf 91' lang='lat' dir='ltr'>se</span> 
     </span>
     <span class='ocr_line' id='line_1_53' title="bbox 295 2087 1361 2138; baseline 0.003 -15"><span class='ocrx_word' id='word_1_297' title='bbox 295 2088 440 2124; x_wconf 89' lang='lat' dir='ltr'>tollunt.</span> <span class='ocrx_word' id='word_1_298' title='bbox 463 2087 655 2135; x_wconf 89' lang='lat' dir='ltr'>Contingit</span> <span class='ocrx_word' id='word_1_299' title='bbox 672 2096 801 2125; x_wconf 92' lang='lat' dir='ltr'>tamen</span> <span class='ocrx_word' id='word_1_300' title='bbox 821 2089 1053 2138; x_wconf 85' lang='lat' dir='ltr'>quandoque</span> <span class='ocrx_word' id='word_1_301' title='bbox 1081 2101 1199 2125; x_wconf 89' lang='lat' dir='ltr'>unam</span> <span class='ocrx_word' id='word_1_302' title='bbox 1228 2101 1361 2126; x_wconf 90' lang='lat' dir='ltr'>earum</span> 
     </span>
     <span class='ocr_line' id='line_1_54' title="bbox 296 2141 1361 2187; baseline 0.002 -11"><span class='ocrx_word' id='word_1_303' title='bbox 296 2152 378 2177; x_wconf 92' lang='lat' dir='ltr'>esse</span> <span class='ocrx_word' id='word_1_304' title='bbox 405 2152 539 2177; x_wconf 88' lang='lat' dir='ltr'>veram</span> <span class='ocrx_word' id='word_1_305' title='bbox 569 2148 606 2177; x_wconf 89' lang='lat' dir='ltr'>et</span> <span class='ocrx_word' id='word_1_306' title='bbox 625 2141 781 2178; x_wconf 86' lang='lat' dir='ltr'>alteram</span> <span class='ocrx_word' id='word_1_307' title='bbox 808 2154 891 2178; x_wconf 89' lang='lat' dir='ltr'>esse</span> <span class='ocrx_word' id='word_1_308' title='bbox 920 2142 1069 2187; x_wconf 87' lang='lat' dir='ltr'>falsam;</span> <span class='ocrx_word' id='word_1_309' title='bbox 1094 2149 1136 2178; x_wconf 92' lang='lat' dir='ltr'>ut</span> <span class='ocrx_word' id='word_1_310' title='bbox 1155 2154 1243 2178; x_wconf 87' lang='lat' dir='ltr'>cum</span> <span class='ocrx_word' id='word_1_311' title='bbox 1273 2142 1361 2179; x_wconf 91' lang='lat' dir='ltr'>dici-</span> 
     </span>
     <span class='ocr_line' id='line_1_55' title="bbox 294 2194 1362 2241; baseline 0.002 -11"><span class='ocrx_word' id='word_1_312' title='bbox 294 2201 374 2241; x_wconf 90' lang='lat' dir='ltr'>tur,</span> <span class='ocrx_word' id='word_1_313' title='bbox 403 2195 516 2230; x_wconf 85' lang='lat' dir='ltr'>homo</span> <span class='ocrx_word' id='word_1_314' title='bbox 544 2199 599 2230; x_wconf 86' lang='lat' dir='ltr'>est</span> <span class='ocrx_word' id='word_1_315' title='bbox 624 2194 784 2240; x_wconf 87' lang='lat' dir='ltr'>animal,</span> <span class='ocrx_word' id='word_1_316' title='bbox 813 2196 926 2231; x_wconf 88' lang='lat' dir='ltr'>homo</span> <span class='ocrx_word' id='word_1_317' title='bbox 955 2207 1029 2232; x_wconf 90' lang='lat' dir='ltr'>non</span> <span class='ocrx_word' id='word_1_318' title='bbox 1059 2200 1113 2231; x_wconf 85' lang='lat' dir='ltr'>est</span> <span class='ocrx_word' id='word_1_319' title='bbox 1135 2195 1298 2239; x_wconf 89' lang='lat' dir='ltr'>animal‚·</span> <span class='ocrx_word' id='word_1_320' title='bbox 1326 2203 1362 2232; x_wconf 91' lang='lat' dir='ltr'>et</span> 
     </span>
     <span class='ocr_line' id='line_1_56' title="bbox 295 2246 1362 2297; baseline 0.003 -15"><span class='ocrx_word' id='word_1_321' title='bbox 295 2246 347 2283; x_wconf 92' lang='lat' dir='ltr'>sic</span> <span class='ocrx_word' id='word_1_322' title='bbox 376 2247 520 2283; x_wconf 91' lang='lat' dir='ltr'>ratione</span> <span class='ocrx_word' id='word_1_323' title='bbox 549 2247 745 2294; x_wconf 87' lang='lat' dir='ltr'>significati</span> <span class='ocrx_word' id='word_1_324' title='bbox 772 2247 950 2284; x_wconf 88' lang='lat' dir='ltr'>videntur</span> <span class='ocrx_word' id='word_1_325' title='bbox 977 2248 1119 2285; x_wconf 87' lang='lat' dir='ltr'>habere</span> <span class='ocrx_word' id='word_1_326' title='bbox 1152 2248 1362 2297; x_wconf 89' lang='lat' dir='ltr'>quamdam</span> 
     </span>
     <span class='ocr_line' id='line_1_57' title="bbox 296 2299 1362 2350; baseline 0.003 -15"><span class='ocrx_word' id='word_1_327' title='bbox 296 2299 608 2336; x_wconf 88' lang='lat' dir='ltr'>contrarietatem.</span> <span class='ocrx_word' id='word_1_328' title='bbox 627 2321 640 2327; x_wconf 96' lang='lat'><em>-</em></span> <span class='ocrx_word' id='word_1_329' title='bbox 658 2300 734 2337; x_wconf 88' lang='lat' dir='ltr'>Sed</span> <span class='ocrx_word' id='word_1_330' title='bbox 763 2301 837 2337; x_wconf 93' lang='lat' dir='ltr'>hoc</span> <span class='ocrx_word' id='word_1_331' title='bbox 865 2313 943 2337; x_wconf 93' lang='lat' dir='ltr'>non</span> <span class='ocrx_word' id='word_1_332' title='bbox 965 2301 1118 2338; x_wconf 89' lang='lat' dir='ltr'>videtur</span> <span class='ocrx_word' id='word_1_333' title='bbox 1145 2301 1194 2338; x_wconf 91' lang='lat' dir='ltr'>ad</span> <span class='ocrx_word' id='word_1_334' title='bbox 1221 2313 1362 2350; x_wconf 90' lang='lat' dir='ltr'>propo-</span> 
     </span>
     <span class='ocr_line' id='line_1_58' title="bbox 295 2352 1363 2403; baseline 0.003 -15"><span class='ocrx_word' id='word_1_335' title='bbox 295 2352 407 2388; x_wconf 84' lang='lat' dir='ltr'>situm</span> <span class='ocrx_word' id='word_1_336' title='bbox 426 2353 613 2400; x_wconf 90' lang='lat' dir='ltr'>pertinere</span> <span class='ocrx_word' id='word_1_337' title='bbox 632 2358 661 2400; x_wconf 62' lang='grc' dir='ltr'>υ,</span> <span class='ocrx_word' id='word_1_338' title='bbox 682 2361 763 2391; x_wconf 90' lang='lat' dir='ltr'>tum</span> <span class='ocrx_word' id='word_1_339' title='bbox 794 2354 882 2403; x_wconf 93' lang='lat' dir='ltr'>quia</span> <span class='ocrx_word' id='word_1_340' title='bbox 905 2353 1161 2402; x_wconf 89' lang='lat' dir='ltr'>Philosophus</span> <span class='ocrx_word' id='word_1_341' title='bbox 1189 2354 1363 2391; x_wconf 87' lang='lat' dir='ltr'>nondum</span> 
     </span>
    </p>
   </div>
   <div class='ocr_carea' id='block_1_11' title="bbox 294 2497 1364 3586">
    <p class='ocr_par' dir='ltr' id='par_1_14' title="bbox 295 2497 1364 2636">
     <span class='ocr_line' id='line_1_59' title="bbox 295 2497 1364 2531; baseline 0.001 -9"><span class='ocrx_word' id='word_1_342' title='bbox 295 2497 416 2530; x_wconf 79' lang='lat' dir='ltr'>assignat</span> <span class='ocrx_word' id='word_1_343' title='bbox 431 2497 607 2531; x_wconf 73' lang='lat' dir='ltr'>differentiam</span> <span class='ocrx_word' id='word_1_344' title='bbox 623 2497 860 2531; x_wconf 75' lang='lat' dir='ltr'>manifestiorem.—</span> <span class='ocrx_word' id='word_1_345' title='bbox 870 2498 957 2523; x_wconf 82' lang='lat' dir='ltr'>Lectio</span> <span class='ocrx_word' id='word_1_346' title='bbox 972 2498 1047 2523; x_wconf 88' lang='lat' dir='ltr'>codd.</span> <span class='ocrx_word' id='word_1_347' title='bbox 1062 2498 1186 2525; x_wconf 85' lang='lat' dir='ltr'>indicatur</span> <span class='ocrx_word' id='word_1_348' title='bbox 1200 2506 1230 2523; x_wconf 83' lang='lat' dir='ltr'>ex</span> <span class='ocrx_word' id='word_1_349' title='bbox 1243 2498 1283 2523; x_wconf 88' lang='lat' dir='ltr'>his</span> <span class='ocrx_word' id='word_1_350' title='bbox 1296 2506 1364 2531; x_wconf 87' lang='lat' dir='ltr'>quae</span> 
     </span>
     <span class='ocr_line' id='line_1_60' title="bbox 295 2532 1362 2566; baseline 0.001 -9"><span class='ocrx_word' id='word_1_351' title='bbox 295 2532 360 2557; x_wconf 85' lang='lat' dir='ltr'>infra</span> <span class='ocrx_word' id='word_1_352' title='bbox 379 2533 403 2556; x_wconf 92' lang='lat' dir='ltr'>in</span> <span class='ocrx_word' id='word_1_353' title='bbox 423 2533 472 2557; x_wconf 88' lang='lat' dir='ltr'>hoc</span> <span class='ocrx_word' id='word_1_354' title='bbox 491 2540 600 2557; x_wconf 84' lang='lat' dir='ltr'>numero</span> <span class='ocrx_word' id='word_1_355' title='bbox 613 2532 690 2557; x_wconf 83' lang='lat' dir='ltr'>habet</span> <span class='ocrx_word' id='word_1_356' title='bbox 709 2532 853 2557; x_wconf 85' lang='lat' dir='ltr'>s.Thomas</span> <span class='ocrx_word' id='word_1_357' title='bbox 868 2534 1021 2566; x_wconf 87' lang='lat' dir='ltr'>exponendo</span> <span class='ocrx_word' id='word_1_358' title='bbox 1039 2533 1118 2558; x_wconf 82' lang='lat' dir='ltr'>verba</span> <span class='ocrx_word' id='word_1_359' title='bbox 1137 2533 1180 2558; x_wconf 87' lang='lat' dir='ltr'>illa</span> <span class='ocrx_word' id='word_1_360' title='bbox 1199 2534 1362 2566; x_wconf 83' lang='lat' dir='ltr'>Philosophi:</span> 
     </span>
     <span class='ocr_line' id='line_1_61' title="bbox 298 2567 1363 2601; baseline 0.002 -9"><span class='ocrx_word' id='word_1_361' title='bbox 298 2569 364 2593; x_wconf 86' lang='lat' dir='ltr'>Cum</span> <span class='ocrx_word' id='word_1_362' title='bbox 378 2568 447 2593; x_wconf 88' lang='lat' dir='ltr'>enim</span> <span class='ocrx_word' id='word_1_363' title='bbox 463 2568 610 2594; x_wconf 83' lang='lat' dir='ltr'>universale</span> <span class='ocrx_word' id='word_1_364' title='bbox 623 2567 659 2592; x_wconf 83' lang='lat' dir='ltr'>sit</span> <span class='ocrx_word' id='word_1_365' title='bbox 673 2572 720 2592; x_wconf 88' lang='lat' dir='ltr'>etc.</span> <span class='ocrx_word' id='word_1_366' title='bbox 730 2567 797 2592; x_wconf 87' lang='lat' dir='ltr'>Dicit</span> <span class='ocrx_word' id='word_1_367' title='bbox 806 2568 887 2592; x_wconf 88' lang='lat' dir='ltr'>enim:</span> <span class='ocrx_word' id='word_1_368' title='bbox 905 2569 940 2594; x_wconf 83' lang='lat' dir='ltr'>Et</span> <span class='ocrx_word' id='word_1_369' title='bbox 951 2568 1080 2594; x_wconf 87' lang='lat' dir='ltr'>rationem</span> <span class='ocrx_word' id='word_1_370' title='bbox 1096 2568 1173 2594; x_wconf 80' lang='lat' dir='ltr'>huius</span> <span class='ocrx_word' id='word_1_371' title='bbox 1188 2569 1363 2601; x_wconf 77' lang='lat' dir='ltr'>expositionis</span> 
     </span>
     <span class='ocr_line' id='line_1_62' title="bbox 295 2603 566 2636; baseline -0.004 -7"><span class='ocrx_word' id='word_1_372' title='bbox 295 2603 418 2632; x_wconf 80' lang='lat' dir='ltr'>ostendit,</span> <span class='ocrx_word' id='word_1_373' title='bbox 438 2603 501 2636; x_wconf 86' lang='lat' dir='ltr'>quia</span> <span class='ocrx_word' id='word_1_374' title='bbox 519 2609 566 2628; x_wconf 77' lang='lat' dir='ltr'>etc.</span> 
     </span>
    </p>

    <p class='ocr_par' dir='ltr' id='par_1_15' title="bbox 294 2638 1363 2956">
     <span class='ocr_line' id='line_1_63' title="bbox 349 2638 1362 2674; baseline -0.001 -10"><span class='ocrx_word' id='word_1_375' title='bbox 349 2638 374 2674; x_wconf 86' lang='grc' dir='ltr'>ρ)</span> <span class='ocrx_word' id='word_1_376' title='bbox 390 2639 552 2673; x_wconf 82' lang='lat' dir='ltr'>Affirmatur</span> <span class='ocrx_word' id='word_1_377' title='bbox 576 2638 678 2671; x_wconf 86' lang='lat' dir='ltr'>aliquid</span> <span class='ocrx_word' id='word_1_378' title='bbox 696 2638 737 2663; x_wconf 81' lang='lat' dir='ltr'>vel</span> <span class='ocrx_word' id='word_1_379' title='bbox 759 2642 883 2671; x_wconf 83' lang='lat' dir='ltr'>negatur.</span> <span class='ocrx_word' id='word_1_380' title='bbox 904 2638 939 2663; x_wconf 88' lang='lat' dir='ltr'>Ita</span> <span class='ocrx_word' id='word_1_381' title='bbox 959 2638 1016 2663; x_wconf 89' lang='lat' dir='ltr'>edd.</span> <span class='ocrx_word' id='word_1_382' title='bbox 1030 2638 1058 2663; x_wconf 83' lang='lat' dir='ltr'>P.</span> <span class='ocrx_word' id='word_1_383' title='bbox 1078 2643 1103 2663; x_wconf 90' lang='lat' dir='ltr'>et</span> <span class='ocrx_word' id='word_1_384' title='bbox 1115 2639 1180 2663; x_wconf 88' lang='lat' dir='ltr'>Ven.</span> <span class='ocrx_word' id='word_1_385' title='bbox 1194 2653 1205 2657; x_wconf 99' lang='lat'>-</span> <span class='ocrx_word' id='word_1_386' title='bbox 1219 2639 1300 2664; x_wconf 90' lang='lat' dir='ltr'>Codd.</span> <span class='ocrx_word' id='word_1_387' title='bbox 1320 2639 1362 2663; x_wconf 90' lang='lat' dir='ltr'>BC</span> 
     </span>
     <span class='ocr_line' id='line_1_64' title="bbox 296 2673 1363 2706; baseline -0.002 -6"><span class='ocrx_word' id='word_1_388' title='bbox 296 2675 341 2700; x_wconf 86' lang='lat' dir='ltr'>DE</span> <span class='ocrx_word' id='word_1_389' title='bbox 360 2675 471 2705; x_wconf 86' lang='lat' dir='ltr'>habent,</span> <span class='ocrx_word' id='word_1_390' title='bbox 491 2675 550 2699; x_wconf 90' lang='lat' dir='ltr'>loco</span> <span class='ocrx_word' id='word_1_391' title='bbox 569 2673 616 2703; x_wconf 83' lang='lat' dir='ltr'>vel,</span> <span class='ocrx_word' id='word_1_392' title='bbox 637 2674 789 2706; x_wconf 83' lang='lat' dir='ltr'>particulam</span> <span class='ocrx_word' id='word_1_393' title='bbox 809 2677 843 2699; x_wconf 91' lang='lat' dir='ltr'>et.</span> <span class='ocrx_word' id='word_1_394' title='bbox 862 2675 961 2699; x_wconf 79' lang='lat' dir='ltr'>Sensus</span> <span class='ocrx_word' id='word_1_395' title='bbox 984 2674 1053 2698; x_wconf 88' lang='lat' dir='ltr'>idem</span> <span class='ocrx_word' id='word_1_396' title='bbox 1077 2679 1130 2704; x_wconf 85' lang='lat' dir='ltr'>est,</span> <span class='ocrx_word' id='word_1_397' title='bbox 1156 2674 1299 2698; x_wconf 89' lang='lat' dir='ltr'>dummodo</span> <span class='ocrx_word' id='word_1_398' title='bbox 1322 2675 1363 2699; x_wconf 78' lang='lat' dir='ltr'>vel</span> 
     </span>
     <span class='ocr_line' id='line_1_65' title="bbox 296 2709 1362 2743; baseline -0.002 -8"><span class='ocrx_word' id='word_1_399' title='bbox 296 2718 347 2735; x_wconf 88' lang='lat' dir='ltr'>non</span> <span class='ocrx_word' id='word_1_400' title='bbox 362 2719 409 2743; x_wconf 89' lang='lat' dir='ltr'>pro</span> <span class='ocrx_word' id='word_1_401' title='bbox 429 2710 596 2735; x_wconf 87' lang='lat' dir='ltr'>disiunctione</span> <span class='ocrx_word' id='word_1_402' title='bbox 615 2710 661 2734; x_wconf 90' lang='lat' dir='ltr'>sed</span> <span class='ocrx_word' id='word_1_403' title='bbox 680 2717 728 2742; x_wconf 90' lang='lat' dir='ltr'>pro</span> <span class='ocrx_word' id='word_1_404' title='bbox 748 2709 926 2734; x_wconf 89' lang='lat' dir='ltr'>coniunctione</span> <span class='ocrx_word' id='word_1_405' title='bbox 945 2714 1073 2733; x_wconf 83' lang='lat' dir='ltr'>sumatur:</span> <span class='ocrx_word' id='word_1_406' title='bbox 1088 2709 1147 2741; x_wconf 83' lang='lat' dir='ltr'>quia</span> <span class='ocrx_word' id='word_1_407' title='bbox 1166 2717 1253 2734; x_wconf 87' lang='lat' dir='ltr'>sermo</span> <span class='ocrx_word' id='word_1_408' title='bbox 1272 2714 1311 2733; x_wconf 88' lang='lat' dir='ltr'>est</span> <span class='ocrx_word' id='word_1_409' title='bbox 1330 2710 1362 2734; x_wconf 91' lang='lat' dir='ltr'>de</span> 
     </span>
     <span class='ocr_line' id='line_1_66' title="bbox 295 2744 1361 2779; baseline -0.002 -9"><span class='ocrx_word' id='word_1_410' title='bbox 295 2745 513 2779; x_wconf 86' lang='lat' dir='ltr'>propositionibus</span> <span class='ocrx_word' id='word_1_411' title='bbox 537 2744 682 2776; x_wconf 84' lang='lat' dir='ltr'>contrariis,</span> <span class='ocrx_word' id='word_1_412' title='bbox 703 2745 728 2769; x_wconf 92' lang='lat' dir='ltr'>in</span> <span class='ocrx_word' id='word_1_413' title='bbox 755 2744 849 2777; x_wconf 86' lang='lat' dir='ltr'>quibus</span> <span class='ocrx_word' id='word_1_414' title='bbox 873 2745 905 2769; x_wconf 91' lang='lat' dir='ltr'>de</span> <span class='ocrx_word' id='word_1_415' title='bbox 927 2752 980 2768; x_wconf 91' lang='lat' dir='ltr'>uno</span> <span class='ocrx_word' id='word_1_416' title='bbox 1003 2744 1148 2776; x_wconf 89' lang='lat' dir='ltr'>eodemque</span> <span class='ocrx_word' id='word_1_417' title='bbox 1171 2744 1286 2768; x_wconf 87' lang='lat' dir='ltr'>subiecto</span> <span class='ocrx_word' id='word_1_418' title='bbox 1310 2752 1361 2768; x_wconf 90' lang='lat' dir='ltr'>non</span> 
     </span>
     <span class='ocr_line' id='line_1_67' title="bbox 296 2778 1363 2812; baseline -0.003 -6"><span class='ocrx_word' id='word_1_419' title='bbox 296 2781 446 2806; x_wconf 88' lang='lat' dir='ltr'>disiunctive</span> <span class='ocrx_word' id='word_1_420' title='bbox 459 2781 504 2805; x_wconf 89' lang='lat' dir='ltr'>sed</span> <span class='ocrx_word' id='word_1_421' title='bbox 519 2779 680 2805; x_wconf 88' lang='lat' dir='ltr'>coniunctive</span> <span class='ocrx_word' id='word_1_422' title='bbox 699 2778 840 2804; x_wconf 87' lang='lat' dir='ltr'>affirmatur</span> <span class='ocrx_word' id='word_1_423' title='bbox 858 2779 954 2812; x_wconf 88' lang='lat' dir='ltr'>aliquid</span> <span class='ocrx_word' id='word_1_424' title='bbox 969 2784 994 2804; x_wconf 89' lang='lat' dir='ltr'>et</span> <span class='ocrx_word' id='word_1_425' title='bbox 1007 2784 1122 2811; x_wconf 85' lang='lat' dir='ltr'>negatur.</span> <span class='ocrx_word' id='word_1_426' title='bbox 1133 2793 1150 2797; x_wconf 92' lang='lat'><em>-</em></span> <span class='ocrx_word' id='word_1_427' title='bbox 1160 2779 1224 2804; x_wconf 86' lang='lat' dir='ltr'>Cod.</span> <span class='ocrx_word' id='word_1_428' title='bbox 1238 2779 1275 2803; x_wconf 81' lang='lat' dir='ltr'>A:</span> <span class='ocrx_word' id='word_1_429' title='bbox 1290 2779 1363 2812; x_wconf 83' lang='lat' dir='ltr'>quod</span> 
     </span>
     <span class='ocr_line' id='line_1_68' title="bbox 294 2814 1363 2849; baseline -0.003 -8"><span class='ocrx_word' id='word_1_430' title='bbox 294 2816 401 2849; x_wconf 83' lang='lat' dir='ltr'>quando</span> <span class='ocrx_word' id='word_1_431' title='bbox 421 2816 453 2841; x_wconf 90' lang='lat' dir='ltr'>de</span> <span class='ocrx_word' id='word_1_432' title='bbox 473 2815 663 2841; x_wconf 86' lang='lat' dir='ltr'>universalibus</span> <span class='ocrx_word' id='word_1_433' title='bbox 681 2815 835 2840; x_wconf 80' lang='lat' dir='ltr'>substantiis</span> <span class='ocrx_word' id='word_1_434' title='bbox 858 2815 1013 2849; x_wconf 63' lang='lat' dir='ltr'>affirmatur</span> <span class='ocrx_word' id='word_1_435' title='bbox 1032 2815 1072 2839; x_wconf 77' lang='lat' dir='ltr'>vel</span> <span class='ocrx_word' id='word_1_436' title='bbox 1091 2817 1206 2847; x_wconf 80' lang='lat' dir='ltr'>negatur</span> <span class='ocrx_word' id='word_1_437' title='bbox 1223 2814 1363 2846; x_wconf 80' lang='lat' dir='ltr'>aliquid.—</span> 
     </span>
     <span class='ocr_line' id='line_1_69' title="bbox 294 2849 1361 2884; baseline -0.004 -7"><span class='ocrx_word' id='word_1_438' title='bbox 294 2852 332 2877; x_wconf 87' lang='lat' dir='ltr'>D:</span> <span class='ocrx_word' id='word_1_439' title='bbox 347 2851 418 2884; x_wconf 87' lang='lat' dir='ltr'>quod</span> <span class='ocrx_word' id='word_1_440' title='bbox 431 2851 479 2884; x_wconf 85' lang='lat' dir='ltr'>(sic</span> <span class='ocrx_word' id='word_1_441' title='bbox 494 2856 612 2884; x_wconf 87' lang='lat' dir='ltr'>corrupte</span> <span class='ocrx_word' id='word_1_442' title='bbox 625 2858 673 2883; x_wconf 90' lang='lat' dir='ltr'>pro</span> <span class='ocrx_word' id='word_1_443' title='bbox 687 2849 804 2883; x_wconf 80' lang='lat' dir='ltr'>quando)</span> <span class='ocrx_word' id='word_1_444' title='bbox 820 2850 852 2875; x_wconf 86' lang='lat' dir='ltr'>de</span> <span class='ocrx_word' id='word_1_445' title='bbox 866 2849 1056 2874; x_wconf 74' lang='lat' dir='ltr'>universalibus</span> <span class='ocrx_word' id='word_1_446' title='bbox 1071 2849 1193 2874; x_wconf 83' lang='lat' dir='ltr'>subiectis</span> <span class='ocrx_word' id='word_1_447' title='bbox 1202 2852 1228 2874; x_wconf 87' lang='lat' dir='ltr'>et</span> <span class='ocrx_word' id='word_1_448' title='bbox 1240 2849 1361 2883; x_wconf 80' lang='lat' dir='ltr'>affirma-</span> 
     </span>
     <span class='ocr_line' id='line_1_70' title="bbox 295 2884 1361 2919; baseline -0.002 -8"><span class='ocrx_word' id='word_1_449' title='bbox 295 2890 340 2912; x_wconf 83' lang='lat' dir='ltr'>tur</span> <span class='ocrx_word' id='word_1_450' title='bbox 353 2890 380 2912; x_wconf 90' lang='lat' dir='ltr'>et</span> <span class='ocrx_word' id='word_1_451' title='bbox 398 2890 512 2919; x_wconf 80' lang='lat' dir='ltr'>negatur</span> <span class='ocrx_word' id='word_1_452' title='bbox 535 2886 674 2919; x_wconf 83' lang='lat' dir='ltr'>aliquid.·—</span> <span class='ocrx_word' id='word_1_453' title='bbox 684 2885 763 2910; x_wconf 85' lang='lat' dir='ltr'>BCE:</span> <span class='ocrx_word' id='word_1_454' title='bbox 783 2885 855 2918; x_wconf 82' lang='lat' dir='ltr'>quod</span> <span class='ocrx_word' id='word_1_455' title='bbox 868 2885 975 2918; x_wconf 79' lang='lat' dir='ltr'>quando</span> <span class='ocrx_word' id='word_1_456' title='bbox 990 2885 1022 2910; x_wconf 87' lang='lat' dir='ltr'>de</span> <span class='ocrx_word' id='word_1_457' title='bbox 1035 2884 1227 2910; x_wconf 80' lang='lat' dir='ltr'>universalibus</span> <span class='ocrx_word' id='word_1_458' title='bbox 1239 2884 1361 2910; x_wconf 84' lang='lat' dir='ltr'>subiectis</span> 
     </span>
     <span class='ocr_line' id='line_1_71' title="bbox 294 2920 754 2956; baseline -0.004 -9"><span class='ocrx_word' id='word_1_459' title='bbox 294 2922 449 2956; x_wconf 80' lang='lat' dir='ltr'>affirmatur</span> <span class='ocrx_word' id='word_1_460' title='bbox 466 2925 492 2946; x_wconf 89' lang='lat' dir='ltr'>et</span> <span class='ocrx_word' id='word_1_461' title='bbox 510 2925 626 2954; x_wconf 78' lang='lat' dir='ltr'>negatur</span> <span class='ocrx_word' id='word_1_462' title='bbox 644 2920 754 2953; x_wconf 83' lang='lat' dir='ltr'>aliquid.</span> 
     </span>
    </p>

    <p class='ocr_par' dir='ltr' id='par_1_16' title="bbox 294 2955 1360 3130">
     <span class='ocr_line' id='line_1_72' title="bbox 347 2955 1359 2990; baseline -0.003 -8"><span class='ocrx_word' id='word_1_463' title='bbox 347 2958 373 2990; x_wconf 83' lang='grc' dir='ltr'>σ)</span> <span class='ocrx_word' id='word_1_464' title='bbox 395 2957 430 2982; x_wconf 87' lang='lat' dir='ltr'>Et</span> <span class='ocrx_word' id='word_1_465' title='bbox 449 2957 579 2982; x_wconf 87' lang='lat' dir='ltr'>rationem</span> <span class='ocrx_word' id='word_1_466' title='bbox 598 2956 676 2982; x_wconf 87' lang='lat' dir='ltr'>huius</span> <span class='ocrx_word' id='word_1_467' title='bbox 688 2955 864 2988; x_wconf 70' lang='lat' dir='ltr'>expositionis</span> <span class='ocrx_word' id='word_1_468' title='bbox 882 2960 930 2980; x_wconf 90' lang='lat' dir='ltr'>etc.</span> <span class='ocrx_word' id='word_1_469' title='bbox 940 2955 1051 2980; x_wconf 86' lang='lat' dir='ltr'>-Codd.</span> <span class='ocrx_word' id='word_1_470' title='bbox 1067 2955 1171 2979; x_wconf 83' lang='lat' dir='ltr'>ABCD:</span> <span class='ocrx_word' id='word_1_471' title='bbox 1190 2958 1217 2980; x_wconf 91' lang='lat' dir='ltr'>et</span> <span class='ocrx_word' id='word_1_472' title='bbox 1229 2955 1359 2980; x_wconf 86' lang='lat' dir='ltr'>rationem</span> 
     </span>
     <span class='ocr_line' id='line_1_73' title="bbox 294 2990 1360 3024; baseline -0.002 -7"><span class='ocrx_word' id='word_1_473' title='bbox 294 2992 372 3017; x_wconf 88' lang='lat' dir='ltr'>huius</span> <span class='ocrx_word' id='word_1_474' title='bbox 390 2992 565 3024; x_wconf 72' lang='lat' dir='ltr'>expositionis</span> <span class='ocrx_word' id='word_1_475' title='bbox 584 2991 700 3017; x_wconf 76' lang='lat' dir='ltr'>ostendit</span> <span class='ocrx_word' id='word_1_476' title='bbox 717 2994 906 3024; x_wconf 82' lang='lat' dir='ltr'>consequenter</span> <span class='ocrx_word' id='word_1_477' title='bbox 914 2998 967 3023; x_wconf 84' lang='lat' dir='ltr'>per</span> <span class='ocrx_word' id='word_1_478' title='bbox 981 2990 1029 3016; x_wconf 87' lang='lat' dir='ltr'>hoc</span> <span class='ocrx_word' id='word_1_479' title='bbox 1043 2990 1115 3023; x_wconf 82' lang='lat' dir='ltr'>quod</span> <span class='ocrx_word' id='word_1_480' title='bbox 1127 2990 1204 3015; x_wconf 87' lang='lat' dir='ltr'>homo</span> <span class='ocrx_word' id='word_1_481' title='bbox 1223 2990 1269 3023; x_wconf 79' lang='lat' dir='ltr'>qui</span> <span class='ocrx_word' id='word_1_482' title='bbox 1280 2990 1360 3015; x_wconf 84' lang='lat' dir='ltr'>subii-</span> 
     </span>
     <span class='ocr_line' id='line_1_74' title="bbox 294 3025 1360 3059; baseline -0.002 -7"><span class='ocrx_word' id='word_1_483' title='bbox 294 3027 364 3053; x_wconf 85' lang='lat' dir='ltr'>citur</span> <span class='ocrx_word' id='word_1_484' title='bbox 383 3031 422 3052; x_wconf 87' lang='lat' dir='ltr'>est</span> <span class='ocrx_word' id='word_1_485' title='bbox 441 3027 599 3057; x_wconf 86' lang='lat' dir='ltr'>universale,</span> <span class='ocrx_word' id='word_1_486' title='bbox 618 3027 667 3052; x_wconf 85' lang='lat' dir='ltr'>sed</span> <span class='ocrx_word' id='word_1_487' title='bbox 684 3029 772 3051; x_wconf 84' lang='lat' dir='ltr'>tamen</span> <span class='ocrx_word' id='word_1_488' title='bbox 787 3026 976 3059; x_wconf 84' lang='lat' dir='ltr'>praedicatum</span> <span class='ocrx_word' id='word_1_489' title='bbox 995 3033 1047 3051; x_wconf 88' lang='lat' dir='ltr'>non</span> <span class='ocrx_word' id='word_1_490' title='bbox 1072 3025 1257 3050; x_wconf 79' lang='lat' dir='ltr'>universaliter</span> <span class='ocrx_word' id='word_1_491' title='bbox 1278 3032 1360 3050; x_wconf 88' lang='lat' dir='ltr'>enun-</span> 
     </span>
     <span class='ocr_line' id='line_1_75' title="bbox 294 3060 1359 3093; baseline -0.001 -6"><span class='ocrx_word' id='word_1_492' title='bbox 294 3063 383 3088; x_wconf 77' lang='lat' dir='ltr'>cIatur</span> <span class='ocrx_word' id='word_1_493' title='bbox 402 3063 434 3087; x_wconf 89' lang='lat' dir='ltr'>de</span> <span class='ocrx_word' id='word_1_494' title='bbox 452 3070 491 3087; x_wconf 86' lang='lat' dir='ltr'>eo.</span> <span class='ocrx_word' id='word_1_495' title='bbox 510 3063 575 3087; x_wconf 91' lang='lat' dir='ltr'>Ven.</span> <span class='ocrx_word' id='word_1_496' title='bbox 590 3063 648 3087; x_wconf 92' lang='lat' dir='ltr'>edd.</span> <span class='ocrx_word' id='word_1_497' title='bbox 668 3061 763 3086; x_wconf 86' lang='lat' dir='ltr'>habent</span> <span class='ocrx_word' id='word_1_498' title='bbox 782 3061 918 3086; x_wconf 78' lang='lat' dir='ltr'>lectionem</span> <span class='ocrx_word' id='word_1_499' title='bbox 938 3061 1058 3092; x_wconf 88' lang='lat' dir='ltr'>Pianam,</span> <span class='ocrx_word' id='word_1_500' title='bbox 1078 3061 1124 3086; x_wconf 86' lang='lat' dir='ltr'>sed</span> <span class='ocrx_word' id='word_1_501' title='bbox 1144 3061 1230 3093; x_wconf 89' lang='lat' dir='ltr'>quoad</span> <span class='ocrx_word' id='word_1_502' title='bbox 1249 3060 1359 3086; x_wconf 79' lang='lat' dir='ltr'>formam</span> 
     </span>
     <span class='ocr_line' id='line_1_76' title="bbox 295 3097 565 3130; baseline 0 -8"><span class='ocrx_word' id='word_1_503' title='bbox 295 3098 378 3130; x_wconf 88' lang='lat' dir='ltr'>placet</span> <span class='ocrx_word' id='word_1_504' title='bbox 397 3097 472 3122; x_wconf 89' lang='lat' dir='ltr'>lectio</span> <span class='ocrx_word' id='word_1_505' title='bbox 491 3098 565 3122; x_wconf 92' lang='lat' dir='ltr'>codd.</span> 
     </span>
    </p>

    <p class='ocr_par' dir='ltr' id='par_1_17' title="bbox 295 3131 1361 3446">
     <span class='ocr_line' id='line_1_77' title="bbox 348 3131 1359 3166; baseline -0.002 -8"><span class='ocrx_word' id='word_1_506' title='bbox 348 3132 373 3166; x_wconf 90' lang='grc' dir='ltr'>τ)</span> <span class='ocrx_word' id='word_1_507' title='bbox 393 3133 453 3157; x_wconf 87' lang='lat' dir='ltr'>Non</span> <span class='ocrx_word' id='word_1_508' title='bbox 468 3136 507 3158; x_wconf 87' lang='lat' dir='ltr'>est</span> <span class='ocrx_word' id='word_1_509' title='bbox 522 3133 682 3164; x_wconf 82' lang='lat' dir='ltr'>expositum,</span> <span class='ocrx_word' id='word_1_510' title='bbox 695 3132 816 3164; x_wconf 81' lang='lat' dir='ltr'>quamvis</span> <span class='ocrx_word' id='word_1_511' title='bbox 830 3137 892 3156; x_wconf 86' lang='lat' dir='ltr'>etc.:</span> <span class='ocrx_word' id='word_1_512' title='bbox 909 3141 921 3154; x_wconf 70' lang='grc' dir='ltr'><em>α</em></span> <span class='ocrx_word' id='word_1_513' title='bbox 934 3131 1073 3162; x_wconf 91' lang='lat' dir='ltr'>Quomodo</span> <span class='ocrx_word' id='word_1_514' title='bbox 1088 3135 1181 3162; x_wconf 87' lang='lat' dir='ltr'>autem,</span> <span class='ocrx_word' id='word_1_515' title='bbox 1196 3131 1282 3164; x_wconf 80' lang='lat' dir='ltr'>inquit</span> <span class='ocrx_word' id='word_1_516' title='bbox 1296 3132 1359 3156; x_wconf 81' lang='lat' dir='ltr'>Am-</span> 
     </span>
     <span class='ocr_line' id='line_1_78' title="bbox 297 3166 1360 3199; baseline -0.002 -7"><span class='ocrx_word' id='word_1_517' title='bbox 297 3177 310 3191; x_wconf 66' lang='lat'>,</span> <span class='ocrx_word' id='word_1_518' title='bbox 325 3168 436 3197; x_wconf 79' lang='lat' dir='ltr'>monins,</span> <span class='ocrx_word' id='word_1_519' title='bbox 456 3175 507 3192; x_wconf 93' lang='lat' dir='ltr'>non</span> <span class='ocrx_word' id='word_1_520' title='bbox 526 3175 585 3192; x_wconf 86' lang='lat' dir='ltr'>esse</span> <span class='ocrx_word' id='word_1_521' title='bbox 604 3167 743 3192; x_wconf 86' lang='lat' dir='ltr'>contrariae</span> <span class='ocrx_word' id='word_1_522' title='bbox 760 3167 882 3197; x_wconf 83' lang='lat' dir='ltr'>dicantur,</span> <span class='ocrx_word' id='word_1_523' title='bbox 902 3167 948 3192; x_wconf 88' lang='lat' dir='ltr'>sed</span> <span class='ocrx_word' id='word_1_524' title='bbox 968 3166 1093 3192; x_wconf 84' lang='lat' dir='ltr'>contraria</span> <span class='ocrx_word' id='word_1_525' title='bbox 1112 3166 1267 3199; x_wconf 82' lang='lat' dir='ltr'>quandoque</span> <span class='ocrx_word' id='word_1_526' title='bbox 1282 3166 1360 3199; x_wconf 80' lang='lat' dir='ltr'>signi-</span> 
     </span>
     <span class='ocr_line' id='line_1_79' title="bbox 296 3201 1359 3236; baseline -0.001 -9"><span class='ocrx_word' id='word_1_527' title='bbox 296 3212 310 3227; x_wconf 83' lang='lat'><strong>»</strong></span> <span class='ocrx_word' id='word_1_528' title='bbox 326 3201 415 3233; x_wconf 81' lang='lat' dir='ltr'>ficare,</span> <span class='ocrx_word' id='word_1_529' title='bbox 435 3202 484 3228; x_wconf 90' lang='lat' dir='ltr'>hoc</span> <span class='ocrx_word' id='word_1_530' title='bbox 503 3202 715 3236; x_wconf 85' lang='lat' dir='ltr'>Explanatoribus</span> <span class='ocrx_word' id='word_1_531' title='bbox 734 3202 916 3234; x_wconf 84' lang='lat' dir='ltr'>(Aristotelis)</span> <span class='ocrx_word' id='word_1_532' title='bbox 934 3210 986 3227; x_wconf 90' lang='lat' dir='ltr'>non</span> <span class='ocrx_word' id='word_1_533' title='bbox 1005 3209 1096 3234; x_wconf 82' lang='lat' dir='ltr'>pamm</span> <span class='ocrx_word' id='word_1_534' title='bbox 1115 3201 1165 3226; x_wconf 89' lang='lat' dir='ltr'>iam</span> <span class='ocrx_word' id='word_1_535' title='bbox 1185 3201 1297 3226; x_wconf 85' lang='lat' dir='ltr'>exhibuit</span> <span class='ocrx_word' id='word_1_536' title='bbox 1316 3209 1359 3226; x_wconf 90' lang='lat' dir='ltr'>ne-</span> 
     </span>
     <span class='ocr_line' id='line_1_80' title="bbox 297 3236 1357 3271; baseline 0 -10"><span class='ocrx_word' id='word_1_537' title='bbox 297 3248 310 3261; x_wconf 76' lang='lat'><strong>»</strong></span> <span class='ocrx_word' id='word_1_538' title='bbox 326 3238 387 3270; x_wconf 83' lang='lat' dir='ltr'>gotii</span> <span class='ocrx_word' id='word_1_539' title='bbox 399 3248 411 3261; x_wconf 67' lang='grc' dir='ltr'><strong>ι</strong></span> <span class='ocrx_word' id='word_1_540' title='bbox 428 3238 467 3271; x_wconf 87' lang='lat' dir='ltr'>(ln</span> <span class='ocrx_word' id='word_1_541' title='bbox 478 3238 573 3263; x_wconf 89' lang='lat' dir='ltr'>librum</span> <span class='ocrx_word' id='word_1_542' title='bbox 585 3238 626 3263; x_wconf 87' lang='lat' dir='ltr'>De</span> <span class='ocrx_word' id='word_1_543' title='bbox 639 3237 864 3270; x_wconf 79' lang='lat' dir='ltr'>interpretatione,</span> <span class='ocrx_word' id='word_1_544' title='bbox 876 3243 938 3262; x_wconf 83' lang='lat' dir='ltr'>sect.</span> <span class='ocrx_word' id='word_1_545' title='bbox 954 3237 982 3268; x_wconf 88' lang='lat'>11,</span> <span class='ocrx_word' id='word_1_546' title='bbox 998 3237 1039 3262; x_wconf 89' lang='lat' dir='ltr'>De</span> <span class='ocrx_word' id='word_1_547' title='bbox 1046 3236 1281 3269; x_wconf 76' lang='lat' dir='ltr'>propositionibus,</span> <span class='ocrx_word' id='word_1_548' title='bbox 1297 3236 1321 3270; x_wconf 67' lang='lat'>5.</span> <span class='ocrx_word' id='word_1_549' title='bbox 1336 3245 1357 3268; x_wconf 90' lang='lat'>1,</span> 
     </span>
     <span class='ocr_line' id='line_1_81' title="bbox 295 3271 1359 3306; baseline -0.002 -8"><span class='ocrx_word' id='word_1_550' title='bbox 295 3273 338 3298; x_wconf 87' lang='lat' dir='ltr'>fol.</span> <span class='ocrx_word' id='word_1_551' title='bbox 353 3273 391 3304; x_wconf 81' lang='lat'>15,</span> <span class='ocrx_word' id='word_1_552' title='bbox 408 3274 456 3298; x_wconf 90' lang='lat' dir='ltr'>col.</span> <span class='ocrx_word' id='word_1_553' title='bbox 472 3281 492 3304; x_wconf 76' lang='grc' dir='ltr'>ι,</span> <span class='ocrx_word' id='word_1_554' title='bbox 509 3273 549 3298; x_wconf 92' lang='lat' dir='ltr'>ed.</span> <span class='ocrx_word' id='word_1_555' title='bbox 560 3271 621 3305; x_wconf 86' lang='lat' dir='ltr'>cit.).</span> <span class='ocrx_word' id='word_1_556' title='bbox 631 3287 650 3292; x_wconf 91' lang='lat'><em>-</em></span> <span class='ocrx_word' id='word_1_557' title='bbox 660 3273 743 3306; x_wconf 87' lang='lat' dir='ltr'>Supra</span> <span class='ocrx_word' id='word_1_558' title='bbox 757 3273 832 3297; x_wconf 88' lang='lat' dir='ltr'>codd.</span> <span class='ocrx_word' id='word_1_559' title='bbox 846 3272 913 3297; x_wconf 75' lang='grc' dir='ltr'>ΑΒΕ</span> <span class='ocrx_word' id='word_1_560' title='bbox 928 3272 977 3297; x_wconf 92' lang='lat' dir='ltr'>hoc</span> <span class='ocrx_word' id='word_1_561' title='bbox 992 3273 1071 3297; x_wconf 90' lang='lat' dir='ltr'>modo</span> <span class='ocrx_word' id='word_1_562' title='bbox 1087 3273 1185 3304; x_wconf 80' lang='lat' dir='ltr'>legunt:</span> <span class='ocrx_word' id='word_1_563' title='bbox 1200 3275 1257 3297; x_wconf 86' lang='lat' dir='ltr'>tota</span> <span class='ocrx_word' id='word_1_564' title='bbox 1270 3275 1359 3297; x_wconf 86' lang='lat' dir='ltr'>autem</span> 
     </span>
     <span class='ocr_line' id='line_1_82' title="bbox 296 3306 1361 3342; baseline -0.002 -9"><span class='ocrx_word' id='word_1_565' title='bbox 296 3308 359 3333; x_wconf 85' lang='lat' dir='ltr'>haec</span> <span class='ocrx_word' id='word_1_566' title='bbox 377 3308 510 3340; x_wconf 82' lang='lat' dir='ltr'>expositio</span> <span class='ocrx_word' id='word_1_567' title='bbox 528 3308 645 3342; x_wconf 78' lang='lat' dir='ltr'>refertur</span> <span class='ocrx_word' id='word_1_568' title='bbox 658 3309 695 3333; x_wconf 89' lang='lat' dir='ltr'>ad</span> <span class='ocrx_word' id='word_1_569' title='bbox 713 3308 762 3333; x_wconf 84' lang='lat' dir='ltr'>hoc</span> <span class='ocrx_word' id='word_1_570' title='bbox 775 3308 858 3333; x_wconf 87' lang='lat' dir='ltr'>solum</span> <span class='ocrx_word' id='word_1_571' title='bbox 880 3306 914 3341; x_wconf 89' lang='lat' dir='ltr'>(B</span> <span class='ocrx_word' id='word_1_572' title='bbox 929 3307 1022 3332; x_wconf 85' lang='lat' dir='ltr'>omittit</span> <span class='ocrx_word' id='word_1_573' title='bbox 1035 3307 1134 3341; x_wconf 86' lang='lat' dir='ltr'>solum)</span> <span class='ocrx_word' id='word_1_574' title='bbox 1150 3307 1221 3340; x_wconf 83' lang='lat' dir='ltr'>quod</span> <span class='ocrx_word' id='word_1_575' title='bbox 1235 3307 1361 3332; x_wconf 79' lang='lat' dir='ltr'>dixerat:</span> 
     </span>
     <span class='ocr_line' id='line_1_83' title="bbox 298 3342 1359 3375; baseline -0.001 -7"><span class='ocrx_word' id='word_1_576' title='bbox 298 3344 412 3373; x_wconf 84' lang='lat' dir='ltr'>Quando</span> <span class='ocrx_word' id='word_1_577' title='bbox 435 3344 461 3368; x_wconf 87' lang='lat' dir='ltr'>in</span> <span class='ocrx_word' id='word_1_578' title='bbox 486 3343 675 3369; x_wconf 76' lang='lat' dir='ltr'>uniuersalibus</span> <span class='ocrx_word' id='word_1_579' title='bbox 701 3350 752 3368; x_wconf 90' lang='lat' dir='ltr'>non</span> <span class='ocrx_word' id='word_1_580' title='bbox 778 3343 971 3368; x_wconf 81' lang='lat' dir='ltr'>uniuersaliter.</span> <span class='ocrx_word' id='word_1_581' title='bbox 997 3343 1052 3368; x_wconf 90' lang='lat' dir='ltr'>Sed</span> <span class='ocrx_word' id='word_1_582' title='bbox 1074 3343 1122 3368; x_wconf 82' lang='lat' dir='ltr'>hoc</span> <span class='ocrx_word' id='word_1_583' title='bbox 1145 3342 1216 3375; x_wconf 82' lang='lat' dir='ltr'>quod</span> <span class='ocrx_word' id='word_1_584' title='bbox 1234 3342 1359 3371; x_wconf 81' lang='lat' dir='ltr'>additur,</span> 
     </span>
     <span class='ocr_line' id='line_1_84' title="bbox 297 3376 1360 3413; baseline 0.001 -11"><span class='ocrx_word' id='word_1_585' title='bbox 297 3386 347 3403; x_wconf 89' lang='lat' dir='ltr'>non</span> <span class='ocrx_word' id='word_1_586' title='bbox 366 3382 428 3403; x_wconf 82' lang='lat' dir='ltr'>sunt</span> <span class='ocrx_word' id='word_1_587' title='bbox 445 3379 611 3408; x_wconf 85' lang='lat' dir='ltr'>contrariae,</span> <span class='ocrx_word' id='word_1_588' title='bbox 635 3386 702 3412; x_wconf 83' lang='lat' dir='ltr'>quae</span> <span class='ocrx_word' id='word_1_589' title='bbox 725 3382 814 3403; x_wconf 87' lang='lat' dir='ltr'>autem</span> <span class='ocrx_word' id='word_1_590' title='bbox 837 3378 1025 3412; x_wconf 75' lang='lat' dir='ltr'>significantur</span> <span class='ocrx_word' id='word_1_591' title='bbox 1045 3376 1114 3412; x_wconf 85' lang='lat' dir='ltr'>(BC,</span> <span class='ocrx_word' id='word_1_592' title='bbox 1133 3377 1299 3413; x_wconf 75' lang='lat' dir='ltr'>significant)</span> <span class='ocrx_word' id='word_1_593' title='bbox 1319 3380 1360 3403; x_wconf 86' lang='lat' dir='ltr'>est</span> 
     </span>
     <span class='ocr_line' id='line_1_85' title="bbox 297 3413 1026 3446; baseline 0 -8"><span class='ocrx_word' id='word_1_594' title='bbox 297 3420 351 3438; x_wconf 89' lang='lat' dir='ltr'>esse</span> <span class='ocrx_word' id='word_1_595' title='bbox 368 3414 513 3443; x_wconf 82' lang='lat' dir='ltr'>contraria,</span> <span class='ocrx_word' id='word_1_596' title='bbox 534 3421 585 3439; x_wconf 89' lang='lat' dir='ltr'>non</span> <span class='ocrx_word' id='word_1_597' title='bbox 604 3417 644 3439; x_wconf 87' lang='lat' dir='ltr'>est</span> <span class='ocrx_word' id='word_1_598' title='bbox 661 3414 821 3446; x_wconf 81' lang='lat' dir='ltr'>expositum,</span> <span class='ocrx_word' id='word_1_599' title='bbox 841 3413 960 3446; x_wconf 79' lang='lat' dir='ltr'>quamvis</span> <span class='ocrx_word' id='word_1_600' title='bbox 979 3419 1026 3438; x_wconf 91' lang='lat' dir='ltr'>etc.</span> 
     </span>
    </p>

    <p class='ocr_par' dir='ltr' id='par_1_18' title="bbox 297 3448 1359 3586">
     <span class='ocr_line' id='line_1_86' title="bbox 350 3448 1359 3482; baseline -0.001 -9"><span class='ocrx_word' id='word_1_601' title='bbox 350 3448 375 3482; x_wconf 90' lang='grc' dir='ltr'>υ)</span> <span class='ocrx_word' id='word_1_602' title='bbox 391 3449 445 3473; x_wconf 88' lang='lat' dir='ltr'>Sed</span> <span class='ocrx_word' id='word_1_603' title='bbox 463 3449 511 3474; x_wconf 88' lang='lat' dir='ltr'>hoc</span> <span class='ocrx_word' id='word_1_604' title='bbox 524 3457 575 3474; x_wconf 86' lang='lat' dir='ltr'>non</span> <span class='ocrx_word' id='word_1_605' title='bbox 589 3449 694 3474; x_wconf 85' lang='lat' dir='ltr'>videtur</span> <span class='ocrx_word' id='word_1_606' title='bbox 705 3449 742 3474; x_wconf 90' lang='lat' dir='ltr'>ad</span> <span class='ocrx_word' id='word_1_607' title='bbox 751 3449 917 3481; x_wconf 84' lang='lat' dir='ltr'>propositum</span> <span class='ocrx_word' id='word_1_608' title='bbox 933 3449 1076 3480; x_wconf 83' lang='lat' dir='ltr'>pertinere.</span> <span class='ocrx_word' id='word_1_609' title='bbox 1090 3449 1125 3474; x_wconf 83' lang='lat' dir='ltr'>lta</span> <span class='ocrx_word' id='word_1_610' title='bbox 1140 3448 1214 3473; x_wconf 87' lang='lat' dir='ltr'>codd.</span> <span class='ocrx_word' id='word_1_611' title='bbox 1228 3453 1254 3473; x_wconf 88' lang='lat' dir='ltr'>et</span> <span class='ocrx_word' id='word_1_612' title='bbox 1267 3455 1359 3473; x_wconf 84' lang='lat' dir='ltr'>ornnes</span> 
     </span>
     <span class='ocr_line' id='line_1_87' title="bbox 297 3483 1359 3518; baseline 0.001 -11"><span class='ocrx_word' id='word_1_613' title='bbox 297 3483 362 3507; x_wconf 92' lang='lat' dir='ltr'>Ven.</span> <span class='ocrx_word' id='word_1_614' title='bbox 373 3484 429 3508; x_wconf 90' lang='lat' dir='ltr'>edd.</span> <span class='ocrx_word' id='word_1_615' title='bbox 441 3483 496 3517; x_wconf 85' lang='lat' dir='ltr'>(Cf.</span> <span class='ocrx_word' id='word_1_616' title='bbox 507 3492 531 3509; x_wconf 85' lang='lat' dir='ltr'>n.</span> <span class='ocrx_word' id='word_1_617' title='bbox 544 3483 619 3518; x_wconf 82' lang='lat'>22).—</span> <span class='ocrx_word' id='word_1_618' title='bbox 630 3485 667 3509; x_wconf 85' lang='grc' dir='ltr'>Ρ.;</span> <span class='ocrx_word' id='word_1_619' title='bbox 680 3484 727 3509; x_wconf 89' lang='lat' dir='ltr'>sed</span> <span class='ocrx_word' id='word_1_620' title='bbox 740 3485 788 3509; x_wconf 85' lang='lat' dir='ltr'>hoc</span> <span class='ocrx_word' id='word_1_621' title='bbox 803 3492 854 3509; x_wconf 87' lang='lat' dir='ltr'>non</span> <span class='ocrx_word' id='word_1_622' title='bbox 870 3484 975 3509; x_wconf 81' lang='lat' dir='ltr'>videtur</span> <span class='ocrx_word' id='word_1_623' title='bbox 990 3484 1027 3509; x_wconf 87' lang='lat' dir='ltr'>ad</span> <span class='ocrx_word' id='word_1_624' title='bbox 1039 3483 1207 3516; x_wconf 79' lang='lat' dir='ltr'>propositam</span> <span class='ocrx_word' id='word_1_625' title='bbox 1222 3483 1359 3516; x_wconf 82' lang='lat' dir='ltr'>pertinere</span> 
     </span>
     <span class='ocr_line' id='line_1_88' title="bbox 298 3518 1358 3551; baseline 0.001 -9"><span class='ocrx_word' id='word_1_626' title='bbox 298 3518 444 3543; x_wconf 84' lang='lat' dir='ltr'>veritatem.</span> <span class='ocrx_word' id='word_1_627' title='bbox 458 3532 477 3537; x_wconf 92' lang='lat'><em>—</em></span> <span class='ocrx_word' id='word_1_628' title='bbox 491 3519 664 3551; x_wconf 81' lang='lat' dir='ltr'>interpretatio</span> <span class='ocrx_word' id='word_1_629' title='bbox 683 3519 707 3543; x_wconf 93' lang='lat' dir='ltr'>in</span> <span class='ocrx_word' id='word_1_630' title='bbox 727 3519 776 3543; x_wconf 91' lang='lat' dir='ltr'>hoc</span> <span class='ocrx_word' id='word_1_631' title='bbox 795 3527 903 3544; x_wconf 90' lang='lat' dir='ltr'>numero</span> <span class='ocrx_word' id='word_1_632' title='bbox 923 3519 1025 3544; x_wconf 86' lang='lat' dir='ltr'>recitata</span> <span class='ocrx_word' id='word_1_633' title='bbox 1045 3519 1143 3544; x_wconf 86' lang='lat' dir='ltr'>videtur</span> <span class='ocrx_word' id='word_1_634' title='bbox 1157 3525 1216 3543; x_wconf 83' lang='lat' dir='ltr'>esse</span> <span class='ocrx_word' id='word_1_635' title='bbox 1235 3518 1358 3548; x_wconf 83' lang='lat' dir='ltr'>Hermini,</span> 
     </span>
     <span class='ocr_line' id='line_1_89' title="bbox 297 3553 1358 3586; baseline 0.001 -9"><span class='ocrx_word' id='word_1_636' title='bbox 297 3557 325 3576; x_wconf 91' lang='lat' dir='ltr'>ut</span> <span class='ocrx_word' id='word_1_637' title='bbox 344 3553 419 3578; x_wconf 79' lang='lat' dir='ltr'>refert</span> <span class='ocrx_word' id='word_1_638' title='bbox 433 3553 554 3578; x_wconf 84' lang='lat' dir='ltr'>Boethius</span> <span class='ocrx_word' id='word_1_639' title='bbox 569 3554 594 3578; x_wconf 88' lang='lat' dir='ltr'>in</span> <span class='ocrx_word' id='word_1_640' title='bbox 608 3554 719 3578; x_wconf 83' lang='lat' dir='ltr'>secunda</span> <span class='ocrx_word' id='word_1_641' title='bbox 739 3553 856 3578; x_wconf 86' lang='lat' dir='ltr'>Editione</span> <span class='ocrx_word' id='word_1_642' title='bbox 874 3561 954 3586; x_wconf 87' lang='lat' dir='ltr'>super</span> <span class='ocrx_word' id='word_1_643' title='bbox 972 3553 1065 3578; x_wconf 88' lang='lat' dir='ltr'>librum</span> <span class='ocrx_word' id='word_1_644' title='bbox 1083 3554 1116 3579; x_wconf 92' lang='lat' dir='ltr'>de</span> <span class='ocrx_word' id='word_1_645' title='bbox 1135 3554 1358 3586; x_wconf 85' lang='lat' dir='ltr'>Interpretatione‚</span> 
     </span>
    </p>
   </div>
   <div class='ocr_carea' id='block_1_12' title="bbox 1423 290 2493 340">
    <p class='ocr_par' dir='ltr' id='par_1_19' title="bbox 1423 290 2493 340">
     <span class='ocr_line' id='line_1_90' title="bbox 1423 290 2493 340; baseline 0.004 -14"><span class='ocrx_word' id='word_1_646' title='bbox 1423 290 1484 327; x_wconf 90' lang='lat' dir='ltr'>hic</span> <span class='ocrx_word' id='word_1_647' title='bbox 1504 292 1670 340; x_wconf 91' lang='lat' dir='ltr'>loquitur</span> <span class='ocrx_word' id='word_1_648' title='bbox 1689 293 1736 329; x_wconf 94' lang='lat' dir='ltr'>de</span> <span class='ocrx_word' id='word_1_649' title='bbox 1756 293 1914 330; x_wconf 91' lang='lat' dir='ltr'>veritate</span> <span class='ocrx_word' id='word_1_650' title='bbox 1934 301 1971 330; x_wconf 93' lang='lat' dir='ltr'>et</span> <span class='ocrx_word' id='word_1_651' title='bbox 1989 293 2145 330; x_wconf 88' lang='lat' dir='ltr'>falsitate</span> <span class='ocrx_word' id='word_1_652' title='bbox 2167 293 2493 340; x_wconf 86' lang='lat' dir='ltr'>enunciationum;</span> 
     </span>
    </p>
   </div>
   <div class='ocr_carea' id='block_1_13' title="bbox 1423 344 2687 396">
    <p class='ocr_par' dir='ltr' id='par_1_20' title="bbox 1423 344 2687 396">
     <span class='ocr_line' id='line_1_91' title="bbox 1423 344 2687 396; baseline 0.003 -17"><span class='ocrx_word' id='word_1_653' title='bbox 1423 351 1505 380; x_wconf 90' lang='lat' dir='ltr'>tum</span> <span class='ocrx_word' id='word_1_654' title='bbox 1534 344 1648 382; x_wconf 91' lang='lat' dir='ltr'>etiarn</span> <span class='ocrx_word' id='word_1_655' title='bbox 1677 346 1766 394; x_wconf 90' lang='lat' dir='ltr'>quia</span> <span class='ocrx_word' id='word_1_656' title='bbox 1784 346 1860 382; x_wconf 93' lang='lat' dir='ltr'>hoc</span> <span class='ocrx_word' id='word_1_657' title='bbox 1886 346 2013 395; x_wconf 91' lang='lat' dir='ltr'>ipsum</span> <span class='ocrx_word' id='word_1_658' title='bbox 2041 354 2171 396; x_wconf 92' lang='lat' dir='ltr'>posset</span> <span class='ocrx_word' id='word_1_659' title='bbox 2191 346 2238 383; x_wconf 93' lang='lat' dir='ltr'>de</span> <span class='ocrx_word' id='word_1_660' title='bbox 2258 347 2278 366; x_wconf 74' lang='lat'>⁴*</span> <span class='ocrx_word' id='word_1_661' title='bbox 2296 346 2495 395; x_wconf 89' lang='lat' dir='ltr'>particula-</span> <span class='ocrx_word' id='word_1_662' title='bbox 2522 356 2598 378; x_wconf 70' lang='lat' dir='ltr'>*um</span> <span class='ocrx_word' id='word_1_663' title='bbox 2613 358 2637 377; x_wconf 84' lang='lat' dir='ltr'>et</span> <span class='ocrx_word' id='word_1_664' title='bbox 2649 357 2687 378; x_wconf 72' lang='lat' dir='ltr'>ae-</span> 
     </span>
    </p>
   </div>
   <div class='ocr_carea' id='block_1_14' title="bbox 1414 396 2532 2403">
    <p class='ocr_par' dir='ltr' id='par_1_21' title="bbox 1424 396 1994 436">
     <span class='ocr_line' id='line_1_92' title="bbox 1424 396 1994 436; baseline 0.007 -4"><span class='ocrx_word' id='word_1_665' title='bbox 1424 396 1526 433; x_wconf 89' lang='lat' dir='ltr'>ribus</span> <span class='ocrx_word' id='word_1_666' title='bbox 1556 398 1882 436; x_wconf 90' lang='lat' dir='ltr'>enunciationibus</span> <span class='ocrx_word' id='word_1_667' title='bbox 1912 399 1994 436; x_wconf 91' lang='lat' dir='ltr'>dici.</span> 
     </span>
    </p>

    <p class='ocr_par' dir='ltr' id='par_1_22' title="bbox 1420 450 2532 1556">
     <span class='ocr_line' id='line_1_93' title="bbox 1479 450 2492 500; baseline 0.002 -15"><span class='ocrx_word' id='word_1_668' title='bbox 1479 461 1540 486; x_wconf 88' lang='lat'>21.</span> <span class='ocrx_word' id='word_1_669' title='bbox 1562 450 1635 486; x_wconf 93' lang='lat' dir='ltr'>Alii</span> <span class='ocrx_word' id='word_1_670' title='bbox 1654 463 1765 498; x_wconf 88' lang='lat' dir='ltr'>vero,</span> <span class='ocrx_word' id='word_1_671' title='bbox 1787 460 1988 500; x_wconf 90' lang='lat' dir='ltr'>sequentes</span> <span class='ocrx_word' id='word_1_672' title='bbox 2023 451 2297 500; x_wconf 85' lang='lat' dir='ltr'>Porphyrium,</span> <span class='ocrx_word' id='word_1_673' title='bbox 2325 451 2492 488; x_wconf 88' lang='lat' dir='ltr'>referunt</span> 
     </span>
     <span class='ocr_line' id='line_1_94' title="bbox 1423 502 2532 553; baseline 0.003 -15"><span class='ocrx_word' id='word_1_674' title='bbox 1423 502 1498 538; x_wconf 92' lang='lat' dir='ltr'>hoc</span> <span class='ocrx_word' id='word_1_675' title='bbox 1517 503 1566 539; x_wconf 92' lang='lat' dir='ltr'>ad</span> <span class='ocrx_word' id='word_1_676' title='bbox 1586 504 1887 541; x_wconf 86' lang='lat' dir='ltr'>contrarietatem</span> <span class='ocrx_word' id='word_1_677' title='bbox 1906 504 2111 553; x_wconf 91' lang='lat' dir='ltr'>praedicati</span> <span class='ocrx_word' id='word_1_678' title='bbox 2125 506 2157 541; x_wconf 76' lang='lat'>⁴⁹.</span> <span class='ocrx_word' id='word_1_679' title='bbox 2180 504 2371 552; x_wconf 88' lang='lat' dir='ltr'>Contingit</span> <span class='ocrx_word' id='word_1_680' title='bbox 2391 503 2494 541; x_wconf 89' lang='lat' dir='ltr'>enim</span> <span class='ocrx_word' id='word_1_681' title='bbox 2521 513 2532 523; x_wconf 68' lang='lat'><strong><em>⁴</em></strong></span> 
     </span>
     <span class='ocr_line' id='line_1_95' title="bbox 1425 555 2492 605; baseline 0.003 -15"><span class='ocrx_word' id='word_1_682' title='bbox 1425 555 1656 604; x_wconf 90' lang='lat' dir='ltr'>quandoque</span> <span class='ocrx_word' id='word_1_683' title='bbox 1686 557 1791 605; x_wconf 90' lang='lat' dir='ltr'>quod</span> <span class='ocrx_word' id='word_1_684' title='bbox 1818 558 2079 605; x_wconf 90' lang='lat' dir='ltr'>praedicatum</span> <span class='ocrx_word' id='word_1_685' title='bbox 2108 565 2266 605; x_wconf 90' lang='lat' dir='ltr'>negatur</span> <span class='ocrx_word' id='word_1_686' title='bbox 2291 557 2338 594; x_wconf 92' lang='lat' dir='ltr'>de</span> <span class='ocrx_word' id='word_1_687' title='bbox 2367 556 2492 594; x_wconf 90' lang='lat' dir='ltr'>subie-</span> 
     </span>
     <span class='ocr_line' id='line_1_96' title="bbox 1425 609 2494 658; baseline 0.003 -15"><span class='ocrx_word' id='word_1_688' title='bbox 1425 614 1484 643; x_wconf 90' lang='lat' dir='ltr'>cto</span> <span class='ocrx_word' id='word_1_689' title='bbox 1513 616 1669 656; x_wconf 87' lang='lat' dir='ltr'>propter</span> <span class='ocrx_word' id='word_1_690' title='bbox 1696 610 1771 646; x_wconf 92' lang='lat' dir='ltr'>hoc</span> <span class='ocrx_word' id='word_1_691' title='bbox 1799 610 1904 658; x_wconf 92' lang='lat' dir='ltr'>quod</span> <span class='ocrx_word' id='word_1_692' title='bbox 1931 610 2029 647; x_wconf 91' lang='lat' dir='ltr'>inest</span> <span class='ocrx_word' id='word_1_693' title='bbox 2057 610 2091 646; x_wconf 91' lang='lat' dir='ltr'>ei</span> <span class='ocrx_word' id='word_1_694' title='bbox 2120 610 2368 656; x_wconf 90' lang='lat' dir='ltr'>contrarium;</span> <span class='ocrx_word' id='word_1_695' title='bbox 2398 609 2494 647; x_wconf 90' lang='lat' dir='ltr'>sicut</span> 
     </span>
     <span class='ocr_line' id='line_1_97' title="bbox 1424 659 2490 711; baseline 0.003 -15"><span class='ocrx_word' id='word_1_696' title='bbox 1424 659 1454 696; x_wconf 92' lang='lat' dir='ltr'>si</span> <span class='ocrx_word' id='word_1_697' title='bbox 1484 660 1644 707; x_wconf 84' lang='lat' dir='ltr'>dicatur,</span> <span class='ocrx_word' id='word_1_698' title='bbox 1679 663 1791 698; x_wconf 84' lang='lat' dir='ltr'>homo</span> <span class='ocrx_word' id='word_1_699' title='bbox 1821 675 1895 699; x_wconf 89' lang='lat' dir='ltr'>non</span> <span class='ocrx_word' id='word_1_700' title='bbox 1933 669 1988 699; x_wconf 85' lang='lat' dir='ltr'>est</span> <span class='ocrx_word' id='word_1_701' title='bbox 2012 663 2137 708; x_wconf 85' lang='lat' dir='ltr'>albus,</span> <span class='ocrx_word' id='word_1_702' title='bbox 2165 663 2254 711; x_wconf 88' lang='lat' dir='ltr'>quia</span> <span class='ocrx_word' id='word_1_703' title='bbox 2283 670 2338 699; x_wconf 92' lang='lat' dir='ltr'>est</span> <span class='ocrx_word' id='word_1_704' title='bbox 2365 662 2490 710; x_wconf 83' lang='lat' dir='ltr'>niger3</span> 
     </span>
     <span class='ocr_line' id='line_1_98' title="bbox 1425 713 2490 764; baseline 0.003 -15"><span class='ocrx_word' id='word_1_705' title='bbox 1425 720 1461 749; x_wconf 94' lang='lat' dir='ltr'>et</span> <span class='ocrx_word' id='word_1_706' title='bbox 1488 713 1542 749; x_wconf 90' lang='lat' dir='ltr'>sic</span> <span class='ocrx_word' id='word_1_707' title='bbox 1569 713 1608 750; x_wconf 92' lang='lat' dir='ltr'>id</span> <span class='ocrx_word' id='word_1_708' title='bbox 1637 714 1742 762; x_wconf 93' lang='lat' dir='ltr'>quod</span> <span class='ocrx_word' id='word_1_709' title='bbox 1761 714 1992 762; x_wconf 84' lang='lat' dir='ltr'>significatur</span> <span class='ocrx_word' id='word_1_710' title='bbox 2020 727 2088 763; x_wconf 90' lang='lat' dir='ltr'>per</span> <span class='ocrx_word' id='word_1_711' title='bbox 2115 716 2191 752; x_wconf 91' lang='lat' dir='ltr'>hoc</span> <span class='ocrx_word' id='word_1_712' title='bbox 2219 715 2325 764; x_wconf 91' lang='lat' dir='ltr'>quod</span> <span class='ocrx_word' id='word_1_713' title='bbox 2345 715 2490 763; x_wconf 91' lang='lat' dir='ltr'>dicitur,</span> 
     </span>
     <span class='ocr_line' id='line_1_99' title="bbox 1423 766 2492 815; baseline 0.002 -13"><span class='ocrx_word' id='word_1_714' title='bbox 1423 777 1498 802; x_wconf 87' lang='lat' dir='ltr'>non</span> <span class='ocrx_word' id='word_1_715' title='bbox 1527 771 1582 802; x_wconf 84' lang='lat' dir='ltr'>est</span> <span class='ocrx_word' id='word_1_716' title='bbox 1603 766 1722 812; x_wconf 78' lang='lat' dir='ltr'>albus,</span> <span class='ocrx_word' id='word_1_717' title='bbox 1742 774 1867 815; x_wconf 91' lang='lat' dir='ltr'>potest</span> <span class='ocrx_word' id='word_1_718' title='bbox 1887 780 1969 804; x_wconf 91' lang='lat' dir='ltr'>esse</span> <span class='ocrx_word' id='word_1_719' title='bbox 1990 768 2232 804; x_wconf 88' lang='lat' dir='ltr'>contrarium.</span> <span class='ocrx_word' id='word_1_720' title='bbox 2251 769 2342 804; x_wconf 91' lang='lat' dir='ltr'>Non</span> <span class='ocrx_word' id='word_1_721' title='bbox 2361 775 2492 805; x_wconf 90' lang='lat' dir='ltr'>tamen</span> 
     </span>
     <span class='ocr_line' id='line_1_100' title="bbox 1423 820 2491 869; baseline 0.003 -15"><span class='ocrx_word' id='word_1_722' title='bbox 1423 830 1592 867; x_wconf 87' lang='lat' dir='ltr'>semper:</span> <span class='ocrx_word' id='word_1_723' title='bbox 1613 827 1835 856; x_wconf 90' lang='lat' dir='ltr'>removetur</span> <span class='ocrx_word' id='word_1_724' title='bbox 1854 820 1956 856; x_wconf 90' lang='lat' dir='ltr'>enim</span> <span class='ocrx_word' id='word_1_725' title='bbox 1977 820 2118 869; x_wconf 89' lang='lat' dir='ltr'>aliquid</span> <span class='ocrx_word' id='word_1_726' title='bbox 2137 832 2160 856; x_wconf 91' lang='lat' dir='ltr'>a</span> <span class='ocrx_word' id='word_1_727' title='bbox 2179 820 2360 867; x_wconf 87' lang='lat' dir='ltr'>subiecto,</span> <span class='ocrx_word' id='word_1_728' title='bbox 2378 820 2491 857; x_wconf 87' lang='lat' dir='ltr'>etiam</span> 
     </span>
     <span class='ocr_line' id='line_1_101' title="bbox 1422 870 2491 921; baseline 0.003 -14"><span class='ocrx_word' id='word_1_729' title='bbox 1422 870 1452 907; x_wconf 92' lang='lat' dir='ltr'>si</span> <span class='ocrx_word' id='word_1_730' title='bbox 1482 871 1712 908; x_wconf 84' lang='lat' dir='ltr'>contrarium</span> <span class='ocrx_word' id='word_1_731' title='bbox 1742 884 1820 908; x_wconf 92' lang='lat' dir='ltr'>non</span> <span class='ocrx_word' id='word_1_732' title='bbox 1848 872 1945 919; x_wconf 88' lang='lat' dir='ltr'>insit,</span> <span class='ocrx_word' id='word_1_733' title='bbox 1971 873 2039 909; x_wconf 91' lang='lat' dir='ltr'>sed</span> <span class='ocrx_word' id='word_1_734' title='bbox 2067 872 2209 921; x_wconf 89' lang='lat' dir='ltr'>aliquid</span> <span class='ocrx_word' id='word_1_735' title='bbox 2236 872 2409 910; x_wconf 88' lang='lat' dir='ltr'>medium</span> <span class='ocrx_word' id='word_1_736' title='bbox 2437 873 2491 910; x_wconf 92' lang='lat' dir='ltr'>in-</span> 
     </span>
     <span class='ocr_line' id='line_1_102' title="bbox 1422 924 2490 973; baseline 0.002 -13"><span class='ocrx_word' id='word_1_737' title='bbox 1422 932 1478 960; x_wconf 91' lang='lat' dir='ltr'>ter</span> <span class='ocrx_word' id='word_1_738' title='bbox 1494 924 1691 970; x_wconf 90' lang='lat' dir='ltr'>contraria;</span> <span class='ocrx_word' id='word_1_739' title='bbox 1712 932 1754 961; x_wconf 93' lang='lat' dir='ltr'>ut</span> <span class='ocrx_word' id='word_1_740' title='bbox 1774 937 1862 962; x_wconf 88' lang='lat' dir='ltr'>cum</span> <span class='ocrx_word' id='word_1_741' title='bbox 1878 925 2029 972; x_wconf 88' lang='lat' dir='ltr'>dicitur,</span> <span class='ocrx_word' id='word_1_742' title='bbox 2051 925 2187 973; x_wconf 84' lang='lat' dir='ltr'>aliquis</span> <span class='ocrx_word' id='word_1_743' title='bbox 2206 937 2280 962; x_wconf 90' lang='lat' dir='ltr'>non</span> <span class='ocrx_word' id='word_1_744' title='bbox 2301 931 2356 962; x_wconf 87' lang='lat' dir='ltr'>est</span> <span class='ocrx_word' id='word_1_745' title='bbox 2371 925 2490 971; x_wconf 83' lang='lat' dir='ltr'>albus,</span> 
     </span>
     <span class='ocr_line' id='line_1_103' title="bbox 1422 978 2490 1027; baseline 0.001 -14"><span class='ocrx_word' id='word_1_746' title='bbox 1422 978 1510 1026; x_wconf 86' lang='lat' dir='ltr'>quia</span> <span class='ocrx_word' id='word_1_747' title='bbox 1539 983 1594 1014; x_wconf 85' lang='lat' dir='ltr'>est</span> <span class='ocrx_word' id='word_1_748' title='bbox 1612 978 1797 1026; x_wconf 87' lang='lat' dir='ltr'>pallidus‚·</span> <span class='ocrx_word' id='word_1_749' title='bbox 1823 978 1886 1015; x_wconf 86' lang='lat' dir='ltr'>vel</span> <span class='ocrx_word' id='word_1_750' title='bbox 1911 978 2000 1027; x_wconf 92' lang='lat' dir='ltr'>quia</span> <span class='ocrx_word' id='word_1_751' title='bbox 2018 978 2115 1015; x_wconf 88' lang='lat' dir='ltr'>inest</span> <span class='ocrx_word' id='word_1_752' title='bbox 2140 978 2174 1015; x_wconf 92' lang='lat' dir='ltr'>ei</span> <span class='ocrx_word' id='word_1_753' title='bbox 2193 978 2355 1026; x_wconf 87' lang='lat' dir='ltr'>privatio</span> <span class='ocrx_word' id='word_1_754' title='bbox 2385 985 2490 1015; x_wconf 91' lang='lat' dir='ltr'>actus</span> 
     </span>
     <span class='ocr_line' id='line_1_104' title="bbox 1421 1031 2491 1080; baseline 0 -13"><span class='ocrx_word' id='word_1_755' title='bbox 1421 1031 1482 1067; x_wconf 88' lang='lat' dir='ltr'>vel</span> <span class='ocrx_word' id='word_1_756' title='bbox 1503 1031 1652 1067; x_wconf 90' lang='lat' dir='ltr'>habitus</span> <span class='ocrx_word' id='word_1_757' title='bbox 1672 1043 1739 1067; x_wconf 90' lang='lat' dir='ltr'>seu</span> <span class='ocrx_word' id='word_1_758' title='bbox 1758 1031 1962 1080; x_wconf 87' lang='lat' dir='ltr'>potentiae;</span> <span class='ocrx_word' id='word_1_759' title='bbox 1989 1039 2030 1068; x_wconf 91' lang='lat' dir='ltr'>ut</span> <span class='ocrx_word' id='word_1_760' title='bbox 2060 1043 2149 1068; x_wconf 92' lang='lat' dir='ltr'>cum</span> <span class='ocrx_word' id='word_1_761' title='bbox 2179 1031 2330 1079; x_wconf 85' lang='lat' dir='ltr'>dicitur,</span> <span class='ocrx_word' id='word_1_762' title='bbox 2357 1031 2491 1080; x_wconf 86' lang='lat' dir='ltr'>aliquis</span> 
     </span>
     <span class='ocr_line' id='line_1_105' title="bbox 1422 1083 2488 1133; baseline 0 -13"><span class='ocrx_word' id='word_1_763' title='bbox 1422 1095 1496 1120; x_wconf 91' lang='lat' dir='ltr'>non</span> <span class='ocrx_word' id='word_1_764' title='bbox 1525 1091 1577 1120; x_wconf 85' lang='lat' dir='ltr'>est</span> <span class='ocrx_word' id='word_1_765' title='bbox 1604 1084 1749 1130; x_wconf 78' lang='lat' dir='ltr'>videns,</span> <span class='ocrx_word' id='word_1_766' title='bbox 1780 1084 1868 1132; x_wconf 91' lang='lat' dir='ltr'>quia</span> <span class='ocrx_word' id='word_1_767' title='bbox 1903 1092 1958 1121; x_wconf 91' lang='lat' dir='ltr'>est</span> <span class='ocrx_word' id='word_1_768' title='bbox 1986 1097 2118 1121; x_wconf 87' lang='lat' dir='ltr'>carens</span> <span class='ocrx_word' id='word_1_769' title='bbox 2145 1084 2314 1133; x_wconf 88' lang='lat' dir='ltr'>potentia</span> <span class='ocrx_word' id='word_1_770' title='bbox 2344 1083 2488 1131; x_wconf 87' lang='lat' dir='ltr'>visiva,</span> 
     </span>
     <span class='ocr_line' id='line_1_106' title="bbox 1421 1136 2488 1185; baseline 0 -12"><span class='ocrx_word' id='word_1_771' title='bbox 1421 1144 1486 1173; x_wconf 89' lang='lat' dir='ltr'>aut</span> <span class='ocrx_word' id='word_1_772' title='bbox 1513 1137 1662 1173; x_wconf 75' lang='lat' dir='ltr'>habet*</span> <span class='ocrx_word' id='word_1_773' title='bbox 1682 1137 2001 1185; x_wconf 89' lang='lat' dir='ltr'>impedimentum</span> <span class='ocrx_word' id='word_1_774' title='bbox 2030 1150 2078 1174; x_wconf 91' lang='lat' dir='ltr'>ne</span> <span class='ocrx_word' id='word_1_775' title='bbox 2105 1137 2253 1183; x_wconf 89' lang='lat' dir='ltr'>videat,</span> <span class='ocrx_word' id='word_1_776' title='bbox 2283 1137 2345 1174; x_wconf 84' lang='lat' dir='ltr'>vel</span> <span class='ocrx_word' id='word_1_777' title='bbox 2375 1136 2488 1173; x_wconf 89' lang='lat' dir='ltr'>etiam</span> 
     </span>
     <span class='ocr_line' id='line_1_107' title="bbox 1421 1189 2487 1238; baseline 0 -12"><span class='ocrx_word' id='word_1_778' title='bbox 1421 1189 1510 1238; x_wconf 88' lang='lat' dir='ltr'>quia</span> <span class='ocrx_word' id='word_1_779' title='bbox 1529 1202 1608 1226; x_wconf 92' lang='lat' dir='ltr'>non</span> <span class='ocrx_word' id='word_1_780' title='bbox 1628 1197 1683 1226; x_wconf 91' lang='lat' dir='ltr'>est</span> <span class='ocrx_word' id='word_1_781' title='bbox 1702 1197 1811 1238; x_wconf 90' lang='lat' dir='ltr'>aptus</span> <span class='ocrx_word' id='word_1_782' title='bbox 1832 1198 1941 1227; x_wconf 88' lang='lat' dir='ltr'>natus</span> <span class='ocrx_word' id='word_1_783' title='bbox 1956 1191 1977 1211; x_wconf 80' lang='grc'>*</span> <span class='ocrx_word' id='word_1_784' title='bbox 1994 1190 2145 1236; x_wconf 90' lang='lat' dir='ltr'>videre;</span> <span class='ocrx_word' id='word_1_785' title='bbox 2170 1197 2262 1238; x_wconf 92' lang='lat' dir='ltr'>puta</span> <span class='ocrx_word' id='word_1_786' title='bbox 2281 1190 2311 1226; x_wconf 92' lang='lat' dir='ltr'>si</span> <span class='ocrx_word' id='word_1_787' title='bbox 2332 1189 2487 1237; x_wconf 84' lang='lat' dir='ltr'>dicatur,</span> 
     </span>
     <span class='ocr_line' id='line_1_108' title="bbox 1421 1242 2490 1292; baseline -0.001 -13"><span class='ocrx_word' id='word_1_788' title='bbox 1421 1243 1515 1291; x_wconf 85' lang='lat' dir='ltr'>lapis</span> <span class='ocrx_word' id='word_1_789' title='bbox 1543 1254 1617 1279; x_wconf 90' lang='lat' dir='ltr'>non</span> <span class='ocrx_word' id='word_1_790' title='bbox 1645 1243 1753 1279; x_wconf 76' lang='lat' dir='ltr'>videt.</span> <span class='ocrx_word' id='word_1_791' title='bbox 1784 1242 1846 1279; x_wconf 91' lang='lat' dir='ltr'>Sic</span> <span class='ocrx_word' id='word_1_792' title='bbox 1868 1243 1978 1290; x_wconf 88' lang='lat' dir='ltr'>igitur</span> <span class='ocrx_word' id='word_1_793' title='bbox 2006 1243 2078 1290; x_wconf 88' lang='lat' dir='ltr'>illa,</span> <span class='ocrx_word' id='word_1_794' title='bbox 2110 1255 2208 1292; x_wconf 93' lang='lat' dir='ltr'>quae</span> <span class='ocrx_word' id='word_1_795' title='bbox 2232 1242 2490 1290; x_wconf 87' lang='lat' dir='ltr'>significantur</span> 
     </span>
     <span class='ocr_line' id='line_1_109' title="bbox 1421 1294 2488 1344; baseline -0.001 -12"><span class='ocrx_word' id='word_1_796' title='bbox 1421 1295 1601 1343; x_wconf 88' lang='lat' dir='ltr'>contingit</span> <span class='ocrx_word' id='word_1_797' title='bbox 1628 1308 1711 1332; x_wconf 90' lang='lat' dir='ltr'>esse</span> <span class='ocrx_word' id='word_1_798' title='bbox 1732 1296 1928 1343; x_wconf 87' lang='lat' dir='ltr'>contraria,</span> <span class='ocrx_word' id='word_1_799' title='bbox 1951 1296 2017 1333; x_wconf 89' lang='lat' dir='ltr'>sed</span> <span class='ocrx_word' id='word_1_800' title='bbox 2040 1297 2060 1317; x_wconf 86' lang='lat'>*</span> <span class='ocrx_word' id='word_1_801' title='bbox 2078 1296 2182 1344; x_wconf 91' lang='lat' dir='ltr'>ipsae</span> <span class='ocrx_word' id='word_1_802' title='bbox 2204 1294 2488 1332; x_wconf 91' lang='lat' dir='ltr'>enunciationes</span> 
     </span>
     <span class='ocr_line' id='line_1_110' title="bbox 1420 1347 2488 1398; baseline -0.001 -13"><span class='ocrx_word' id='word_1_803' title='bbox 1420 1361 1499 1385; x_wconf 92' lang='lat' dir='ltr'>non</span> <span class='ocrx_word' id='word_1_804' title='bbox 1527 1356 1614 1385; x_wconf 92' lang='lat' dir='ltr'>sunt</span> <span class='ocrx_word' id='word_1_805' title='bbox 1642 1348 1871 1396; x_wconf 90' lang='lat' dir='ltr'>contrariae,</span> <span class='ocrx_word' id='word_1_806' title='bbox 1902 1349 1991 1398; x_wconf 92' lang='lat' dir='ltr'>quia</span> <span class='ocrx_word' id='word_1_807' title='bbox 2018 1357 2060 1386; x_wconf 89' lang='lat' dir='ltr'>ut</span> <span class='ocrx_word' id='word_1_808' title='bbox 2087 1349 2125 1385; x_wconf 94' lang='lat' dir='ltr'>in</span> <span class='ocrx_word' id='word_1_809' title='bbox 2153 1349 2231 1385; x_wconf 90' lang='lat' dir='ltr'>fine</span> <span class='ocrx_word' id='word_1_810' title='bbox 2264 1348 2376 1385; x_wconf 90' lang='lat' dir='ltr'>huius</span> <span class='ocrx_word' id='word_1_811' title='bbox 2404 1347 2488 1384; x_wconf 89' lang='lat' dir='ltr'>libri</span> 
     </span>
     <span class='ocr_line' id='line_1_111' title="bbox 1421 1401 2488 1450; baseline 0.001 -13"><span class='ocrx_word' id='word_1_812' title='bbox 1421 1401 1566 1437; x_wconf 90' lang='lat' dir='ltr'>dicetur</span> <span class='ocrx_word' id='word_1_813' title='bbox 1576 1402 1608 1447; x_wconf 64' lang='lat'>⁶,</span> <span class='ocrx_word' id='word_1_814' title='bbox 1629 1413 1708 1438; x_wconf 91' lang='lat' dir='ltr'>non</span> <span class='ocrx_word' id='word_1_815' title='bbox 1727 1409 1814 1438; x_wconf 89' lang='lat' dir='ltr'>sunt</span> <span class='ocrx_word' id='word_1_816' title='bbox 1834 1402 2042 1438; x_wconf 88' lang='lat' dir='ltr'>contrariae</span> <span class='ocrx_word' id='word_1_817' title='bbox 2063 1401 2263 1450; x_wconf 90' lang='lat' dir='ltr'>opiniones</span> <span class='ocrx_word' id='word_1_818' title='bbox 2283 1413 2381 1450; x_wconf 86' lang='lat' dir='ltr'>quae</span> <span class='ocrx_word' id='word_1_819' title='bbox 2401 1407 2488 1437; x_wconf 91' lang='lat' dir='ltr'>sunt</span> 
     </span>
     <span class='ocr_line' id='line_1_112' title="bbox 1421 1453 2484 1503; baseline 0 -13"><span class='ocrx_word' id='word_1_820' title='bbox 1421 1453 1468 1490; x_wconf 94' lang='lat' dir='ltr'>de</span> <span class='ocrx_word' id='word_1_821' title='bbox 1489 1453 1694 1500; x_wconf 86' lang='lat' dir='ltr'>contrariis,</span> <span class='ocrx_word' id='word_1_822' title='bbox 1716 1454 1811 1490; x_wconf 92' lang='lat' dir='ltr'>sicut</span> <span class='ocrx_word' id='word_1_823' title='bbox 1830 1454 1960 1502; x_wconf 92' lang='lat' dir='ltr'>opinio</span> <span class='ocrx_word' id='word_1_824' title='bbox 1980 1454 2086 1503; x_wconf 92' lang='lat' dir='ltr'>quod</span> <span class='ocrx_word' id='word_1_825' title='bbox 2105 1454 2246 1503; x_wconf 89' lang='lat' dir='ltr'>aliquid</span> <span class='ocrx_word' id='word_1_826' title='bbox 2261 1454 2307 1490; x_wconf 91' lang='lat' dir='ltr'>sit</span> <span class='ocrx_word' id='word_1_827' title='bbox 2325 1454 2484 1500; x_wconf 89' lang='lat' dir='ltr'>bonum,</span> 
     </span>
     <span class='ocr_line' id='line_1_113' title="bbox 1420 1506 2485 1556; baseline 0.001 -14"><span class='ocrx_word' id='word_1_828' title='bbox 1420 1514 1456 1543; x_wconf 92' lang='lat' dir='ltr'>et</span> <span class='ocrx_word' id='word_1_829' title='bbox 1483 1506 1544 1542; x_wconf 87' lang='lat' dir='ltr'>illa</span> <span class='ocrx_word' id='word_1_830' title='bbox 1573 1518 1672 1555; x_wconf 91' lang='lat' dir='ltr'>quae</span> <span class='ocrx_word' id='word_1_831' title='bbox 1701 1514 1766 1552; x_wconf 90' lang='lat' dir='ltr'>est,</span> <span class='ocrx_word' id='word_1_832' title='bbox 1799 1506 1904 1555; x_wconf 92' lang='lat' dir='ltr'>quod</span> <span class='ocrx_word' id='word_1_833' title='bbox 1932 1507 2073 1556; x_wconf 91' lang='lat' dir='ltr'>aliquid</span> <span class='ocrx_word' id='word_1_834' title='bbox 2101 1519 2180 1544; x_wconf 91' lang='lat' dir='ltr'>non</span> <span class='ocrx_word' id='word_1_835' title='bbox 2208 1514 2264 1544; x_wconf 88' lang='lat' dir='ltr'>est</span> <span class='ocrx_word' id='word_1_836' title='bbox 2291 1507 2439 1543; x_wconf 90' lang='lat' dir='ltr'>bonum</span> <span class='ocrx_word' id='word_1_837' title='bbox 2458 1511 2485 1543; x_wconf 70' lang='lat' dir='ltr'>P.</span> 
     </span>
    </p>

    <p class='ocr_par' dir='ltr' id='par_1_23' title="bbox 1414 1558 2495 2403">
     <span class='ocr_line' id='line_1_114' title="bbox 1474 1558 2484 1608; baseline 0.001 -13"><span class='ocrx_word' id='word_1_838' title='bbox 1474 1571 1535 1596; x_wconf 88' lang='lat'>22.</span> <span class='ocrx_word' id='word_1_839' title='bbox 1558 1558 1636 1596; x_wconf 91' lang='lat' dir='ltr'>Sed</span> <span class='ocrx_word' id='word_1_840' title='bbox 1665 1571 1736 1595; x_wconf 90' lang='lat' dir='ltr'>nec</span> <span class='ocrx_word' id='word_1_841' title='bbox 1754 1559 1830 1595; x_wconf 92' lang='lat' dir='ltr'>hoc</span> <span class='ocrx_word' id='word_1_842' title='bbox 1847 1559 1999 1596; x_wconf 88' lang='lat' dir='ltr'>videtur</span> <span class='ocrx_word' id='word_1_843' title='bbox 2017 1560 2067 1596; x_wconf 89' lang='lat' dir='ltr'>ad</span> <span class='ocrx_word' id='word_1_844' title='bbox 2080 1559 2321 1608; x_wconf 90' lang='lat' dir='ltr'>propositum</span> <span class='ocrx_word' id='word_1_845' title='bbox 2341 1559 2484 1596; x_wconf 87' lang='lat' dir='ltr'>Aristo-</span> 
     </span>
     <span class='ocr_line' id='line_1_115' title="bbox 1418 1607 2495 1661; baseline -0.001 -13"><span class='ocrx_word' id='word_1_846' title='bbox 1418 1612 1500 1648; x_wconf 91' lang='lat' dir='ltr'>telis</span> <span class='ocrx_word' id='word_1_847' title='bbox 1514 1613 1534 1633; x_wconf 71' lang='lat'>²¹⁶</span> <span class='ocrx_word' id='word_1_848' title='bbox 1551 1612 1752 1661; x_wconf 86' lang='lat' dir='ltr'>pertinere,</span> <span class='ocrx_word' id='word_1_849' title='bbox 1774 1611 1863 1660; x_wconf 90' lang='lat' dir='ltr'>quia</span> <span class='ocrx_word' id='word_1_850' title='bbox 1886 1624 1964 1649; x_wconf 93' lang='lat' dir='ltr'>non</span> <span class='ocrx_word' id='word_1_851' title='bbox 1984 1612 2058 1660; x_wconf 88' lang='lat' dir='ltr'>agit</span> <span class='ocrx_word' id='word_1_852' title='bbox 2076 1612 2138 1648; x_wconf 91' lang='lat' dir='ltr'>hic</span> <span class='ocrx_word' id='word_1_853' title='bbox 2157 1612 2204 1649; x_wconf 91' lang='lat' dir='ltr'>de</span> <span class='ocrx_word' id='word_1_854' title='bbox 2225 1607 2495 1648; x_wconf 78' lang='lat' dir='ltr'>contrarietate&#39;</span> 
     </span>
     <span class='ocr_line' id='line_1_116' title="bbox 1420 1664 2488 1714; baseline -0.001 -13"><span class='ocrx_word' id='word_1_855' title='bbox 1420 1677 1548 1702; x_wconf 90' lang='lat' dir='ltr'>rerum</span> <span class='ocrx_word' id='word_1_856' title='bbox 1562 1666 1625 1702; x_wconf 89' lang='lat' dir='ltr'>vel</span> <span class='ocrx_word' id='word_1_857' title='bbox 1645 1665 1889 1714; x_wconf 89' lang='lat' dir='ltr'>opinionum,</span> <span class='ocrx_word' id='word_1_858' title='bbox 1916 1665 1985 1702; x_wconf 91' lang='lat' dir='ltr'>sed</span> <span class='ocrx_word' id='word_1_859' title='bbox 2014 1665 2062 1702; x_wconf 89' lang='lat' dir='ltr'>de</span> <span class='ocrx_word' id='word_1_860' title='bbox 2082 1664 2344 1701; x_wconf 89' lang='lat' dir='ltr'>contrarietate</span> <span class='ocrx_word' id='word_1_861' title='bbox 2369 1675 2488 1700; x_wconf 87' lang='lat' dir='ltr'>enun-</span> 
     </span>
     <span class='ocr_line' id='line_1_117' title="bbox 1421 1716 2486 1766; baseline -0.001 -12"><span class='ocrx_word' id='word_1_862' title='bbox 1421 1718 1645 1755; x_wconf 88' lang='lat' dir='ltr'>ciationum:</span> <span class='ocrx_word' id='word_1_863' title='bbox 1667 1725 1703 1754; x_wconf 93' lang='lat' dir='ltr'>et</span> <span class='ocrx_word' id='word_1_864' title='bbox 1716 1717 1804 1755; x_wconf 93' lang='lat' dir='ltr'>ideo</span> <span class='ocrx_word' id='word_1_865' title='bbox 1826 1718 1946 1765; x_wconf 89' lang='lat' dir='ltr'>magis</span> <span class='ocrx_word' id='word_1_866' title='bbox 1966 1717 2118 1755; x_wconf 81' lang='lat' dir='ltr'>videtur</span> <span class='ocrx_word' id='word_1_867' title='bbox 2132 1717 2194 1754; x_wconf 90' lang='lat' dir='ltr'>hic</span> <span class='ocrx_word' id='word_1_868' title='bbox 2213 1716 2410 1766; x_wconf 88' lang='lat' dir='ltr'>sequenda</span> <span class='ocrx_word' id='word_1_869' title='bbox 2423 1727 2486 1753; x_wconf 85' lang='lat' dir='ltr'>ex-</span> 
     </span>
     <span class='ocr_line' id='line_1_118' title="bbox 1418 1769 2488 1820; baseline -0.001 -13"><span class='ocrx_word' id='word_1_870' title='bbox 1418 1771 1556 1820; x_wconf 90' lang='lat' dir='ltr'>positio</span> <span class='ocrx_word' id='word_1_871' title='bbox 1578 1770 1792 1819; x_wconf 73' lang='lat' dir='ltr'>Alexandri.</span> <span class='ocrx_word' id='word_1_872' title='bbox 1816 1771 2038 1808; x_wconf 85' lang='lat' dir='ltr'>Secundum</span> <span class='ocrx_word' id='word_1_873' title='bbox 2065 1782 2181 1820; x_wconf 91' lang='lat' dir='ltr'>quarn</span> <span class='ocrx_word' id='word_1_874' title='bbox 2204 1769 2410 1807; x_wconf 88' lang='lat' dir='ltr'>dicendum</span> <span class='ocrx_word' id='word_1_875' title='bbox 2431 1776 2488 1806; x_wconf 91' lang='lat' dir='ltr'>est</span> 
     </span>
     <span class='ocr_line' id='line_1_119' title="bbox 1419 1821 2486 1874; baseline -0.002 -13"><span class='ocrx_word' id='word_1_876' title='bbox 1419 1824 1525 1874; x_wconf 92' lang='lat' dir='ltr'>quod</span> <span class='ocrx_word' id='word_1_877' title='bbox 1539 1824 1577 1861; x_wconf 90' lang='lat' dir='ltr'>in</span> <span class='ocrx_word' id='word_1_878' title='bbox 1592 1823 1797 1861; x_wconf 91' lang='lat' dir='ltr'>indefinitis</span> <span class='ocrx_word' id='word_1_879' title='bbox 1817 1823 2144 1860; x_wconf 90' lang='lat' dir='ltr'>enunciationibus</span> <span class='ocrx_word' id='word_1_880' title='bbox 2160 1835 2239 1860; x_wconf 92' lang='lat' dir='ltr'>non</span> <span class='ocrx_word' id='word_1_881' title='bbox 2260 1821 2486 1860; x_wconf 88' lang='lat' dir='ltr'>determina-</span> 
     </span>
     <span class='ocr_line' id='line_1_120' title="bbox 1418 1875 2486 1925; baseline -0.002 -11"><span class='ocrx_word' id='word_1_882' title='bbox 1418 1885 1478 1914; x_wconf 86' lang='lat' dir='ltr'>tur</span> <span class='ocrx_word' id='word_1_883' title='bbox 1491 1885 1620 1914; x_wconf 92' lang='lat' dir='ltr'>utrum</span> <span class='ocrx_word' id='word_1_884' title='bbox 1635 1876 1896 1925; x_wconf 89' lang='lat' dir='ltr'>praedicatum</span> <span class='ocrx_word' id='word_1_885' title='bbox 1912 1876 2134 1913; x_wconf 88' lang='lat' dir='ltr'>attribuatur</span> <span class='ocrx_word' id='word_1_886' title='bbox 2148 1876 2318 1913; x_wconf 88' lang='lat' dir='ltr'>subiecto</span> <span class='ocrx_word' id='word_1_887' title='bbox 2333 1875 2486 1912; x_wconf 88' lang='lat' dir='ltr'>univer-</span> 
     </span>
     <span class='ocr_line' id='line_1_121' title="bbox 1418 1928 2484 1979; baseline -0.003 -12"><span class='ocrx_word' id='word_1_888' title='bbox 1418 1930 1543 1967; x_wconf 89' lang='lat' dir='ltr'>saliter</span> <span class='ocrx_word' id='word_1_889' title='bbox 1553 1929 1673 1979; x_wconf 92' lang='lat' dir='ltr'>(quod</span> <span class='ocrx_word' id='word_1_890' title='bbox 1684 1930 1822 1966; x_wconf 89' lang='lat' dir='ltr'>faceret</span> <span class='ocrx_word' id='word_1_891' title='bbox 1833 1929 2135 1966; x_wconf 89' lang='lat' dir='ltr'>contrarietatem</span> <span class='ocrx_word' id='word_1_892' title='bbox 2148 1928 2484 1975; x_wconf 88' lang='lat' dir='ltr'>enunciationum),</span> 
     </span>
     <span class='ocr_line' id='line_1_122' title="bbox 1417 1980 2485 2032; baseline -0.003 -12"><span class='ocrx_word' id='word_1_893' title='bbox 1417 1991 1481 2020; x_wconf 90' lang='lat' dir='ltr'>aut</span> <span class='ocrx_word' id='word_1_894' title='bbox 1511 1982 1783 2032; x_wconf 88' lang='lat' dir='ltr'>particulariter</span> <span class='ocrx_word' id='word_1_895' title='bbox 1811 1983 1939 2031; x_wconf 91' lang='lat' dir='ltr'>(quod</span> <span class='ocrx_word' id='word_1_896' title='bbox 1968 1995 2047 2020; x_wconf 93' lang='lat' dir='ltr'>non</span> <span class='ocrx_word' id='word_1_897' title='bbox 2075 1982 2214 2019; x_wconf 85' lang='lat' dir='ltr'>faceret</span> <span class='ocrx_word' id='word_1_898' title='bbox 2246 1980 2485 2018; x_wconf 82' lang='lat' dir='ltr'>contrarieta-</span> 
     </span>
     <span class='ocr_line' id='line_1_123' title="bbox 1415 2033 2485 2082; baseline -0.003 -9"><span class='ocrx_word' id='word_1_899' title='bbox 1415 2044 1493 2073; x_wconf 90' lang='lat' dir='ltr'>tem</span> <span class='ocrx_word' id='word_1_900' title='bbox 1523 2035 1872 2082; x_wconf 86' lang='lat' dir='ltr'>enunciationum);</span> <span class='ocrx_word' id='word_1_901' title='bbox 1897 2043 1934 2072; x_wconf 90' lang='lat' dir='ltr'>et</span> <span class='ocrx_word' id='word_1_902' title='bbox 1956 2035 2044 2072; x_wconf 92' lang='lat' dir='ltr'>ideo</span> <span class='ocrx_word' id='word_1_903' title='bbox 2068 2034 2289 2072; x_wconf 87' lang='lat' dir='ltr'>huiusmodi</span> <span class='ocrx_word' id='word_1_904' title='bbox 2309 2033 2485 2071; x_wconf 84' lang='lat' dir='ltr'>enuncia-</span> 
     </span>
     <span class='ocr_line' id='line_1_124' title="bbox 1414 2086 2486 2127; baseline -0.003 -1"><span class='ocrx_word' id='word_1_905' title='bbox 1414 2089 1537 2127; x_wconf 88' lang='lat' dir='ltr'>tiones</span> <span class='ocrx_word' id='word_1_906' title='bbox 1565 2088 1783 2126; x_wconf 89' lang='lat' dir='ltr'>indefinitae</span> <span class='ocrx_word' id='word_1_907' title='bbox 1808 2100 1887 2125; x_wconf 94' lang='lat' dir='ltr'>non</span> <span class='ocrx_word' id='word_1_908' title='bbox 1916 2095 2003 2126; x_wconf 92' lang='lat' dir='ltr'>sunt</span> <span class='ocrx_word' id='word_1_909' title='bbox 2035 2087 2244 2125; x_wconf 88' lang='lat' dir='ltr'>contrariae</span> <span class='ocrx_word' id='word_1_910' title='bbox 2272 2086 2486 2124; x_wconf 88' lang='lat' dir='ltr'>seeundum</span> 
     </span>
     <span class='ocr_line' id='line_1_125' title="bbox 1416 2140 2486 2190; baseline -0.002 -11"><span class='ocrx_word' id='word_1_911' title='bbox 1416 2142 1579 2179; x_wconf 89' lang='lat' dir='ltr'>modum</span> <span class='ocrx_word' id='word_1_912' title='bbox 1598 2147 1616 2169; x_wconf 66' lang='grc' dir='ltr'><strong><em>Ζ</em></strong></span> <span class='ocrx_word' id='word_1_913' title='bbox 1635 2154 1712 2190; x_wconf 93' lang='lat' dir='ltr'>quo</span> <span class='ocrx_word' id='word_1_914' title='bbox 1732 2141 1986 2190; x_wconf 87' lang='lat' dir='ltr'>proferuntur.</span> <span class='ocrx_word' id='word_1_915' title='bbox 2009 2140 2200 2189; x_wconf 87' lang='lat' dir='ltr'>Contingit</span> <span class='ocrx_word' id='word_1_916' title='bbox 2218 2148 2347 2178; x_wconf 87' lang='lat' dir='ltr'>tamen</span> <span class='ocrx_word' id='word_1_917' title='bbox 2367 2151 2486 2189; x_wconf 87' lang='lat' dir='ltr'>quan-</span> 
     </span>
     <span class='ocr_line' id='line_1_126' title="bbox 1417 2192 2487 2245; baseline -0.003 -13"><span class='ocrx_word' id='word_1_918' title='bbox 1417 2196 1545 2245; x_wconf 91' lang='lat' dir='ltr'>doque</span> <span class='ocrx_word' id='word_1_919' title='bbox 1578 2194 1722 2232; x_wconf 84' lang='lat' dir='ltr'>ratione</span> <span class='ocrx_word' id='word_1_920' title='bbox 1759 2194 1955 2242; x_wconf 89' lang='lat' dir='ltr'>significati</span> <span class='ocrx_word' id='word_1_921' title='bbox 1984 2206 2046 2231; x_wconf 89' lang='lat' dir='ltr'>eas</span> <span class='ocrx_word' id='word_1_922' title='bbox 2075 2194 2217 2231; x_wconf 91' lang='lat' dir='ltr'>habere</span> <span class='ocrx_word' id='word_1_923' title='bbox 2246 2192 2487 2230; x_wconf 84' lang='lat' dir='ltr'>contrarieta-</span> 
     </span>
     <span class='ocr_line' id='line_1_127' title="bbox 1416 2245 2486 2297; baseline -0.003 -12"><span class='ocrx_word' id='word_1_924' title='bbox 1416 2257 1507 2296; x_wconf 87' lang='lat' dir='ltr'>tem,</span> <span class='ocrx_word' id='word_1_925' title='bbox 1518 2255 1621 2297; x_wconf 88' lang='lat' dir='ltr'>puta‚</span> <span class='ocrx_word' id='word_1_926' title='bbox 1631 2259 1719 2284; x_wconf 88' lang='lat' dir='ltr'>cum</span> <span class='ocrx_word' id='word_1_927' title='bbox 1735 2247 1947 2284; x_wconf 89' lang='lat' dir='ltr'>attribuitur</span> <span class='ocrx_word' id='word_1_928' title='bbox 1961 2247 2102 2296; x_wconf 88' lang='lat' dir='ltr'>aliquid</span> <span class='ocrx_word' id='word_1_929' title='bbox 2115 2245 2320 2284; x_wconf 88' lang='lat' dir='ltr'>universali</span> <span class='ocrx_word' id='word_1_930' title='bbox 2339 2245 2486 2283; x_wconf 88' lang='lat' dir='ltr'>ratione</span> 
     </span>
     <span class='ocr_line' id='line_1_128' title="bbox 1417 2297 2486 2349; baseline -0.003 -11"><span class='ocrx_word' id='word_1_931' title='bbox 1417 2309 1574 2338; x_wconf 89' lang='lat' dir='ltr'>naturae</span> <span class='ocrx_word' id='word_1_932' title='bbox 1601 2300 1825 2338; x_wconf 89' lang='lat' dir='ltr'>universalis</span> <span class='ocrx_word' id='word_1_933' title='bbox 1843 2299 1871 2348; x_wconf 70' lang='grc' dir='ltr'>Ψ,</span> <span class='ocrx_word' id='word_1_934' title='bbox 1889 2300 2066 2349; x_wconf 90' lang='lat' dir='ltr'>quamvis</span> <span class='ocrx_word' id='word_1_935' title='bbox 2090 2312 2169 2337; x_wconf 92' lang='lat' dir='ltr'>non</span> <span class='ocrx_word' id='word_1_936' title='bbox 2197 2306 2411 2348; x_wconf 88' lang='lat' dir='ltr'>apponatur</span> <span class='ocrx_word' id='word_1_937' title='bbox 2438 2297 2486 2335; x_wconf 90' lang='lat' dir='ltr'>si-</span> 
     </span>
     <span class='ocr_line' id='line_1_129' title="bbox 1417 2350 2485 2403; baseline -0.003 -12"><span class='ocrx_word' id='word_1_938' title='bbox 1417 2366 1536 2403; x_wconf 89' lang='lat' dir='ltr'>gnum</span> <span class='ocrx_word' id='word_1_939' title='bbox 1550 2354 1783 2400; x_wconf 89' lang='lat' dir='ltr'>universale;</span> <span class='ocrx_word' id='word_1_940' title='bbox 1803 2361 1845 2390; x_wconf 90' lang='lat' dir='ltr'>ut</span> <span class='ocrx_word' id='word_1_941' title='bbox 1860 2365 1948 2390; x_wconf 88' lang='lat' dir='ltr'>cum</span> <span class='ocrx_word' id='word_1_942' title='bbox 1969 2353 2114 2402; x_wconf 90' lang='lat' dir='ltr'>dicitur,</span> <span class='ocrx_word' id='word_1_943' title='bbox 2129 2354 2243 2390; x_wconf 86' lang='lat' dir='ltr'>homo</span> <span class='ocrx_word' id='word_1_944' title='bbox 2262 2357 2317 2389; x_wconf 88' lang='lat' dir='ltr'>est</span> <span class='ocrx_word' id='word_1_945' title='bbox 2327 2350 2485 2398; x_wconf 86' lang='lat' dir='ltr'>animal,</span> 
     </span>
    </p>
   </div>
   <div class='ocr_carea' id='block_1_15' title="bbox 1411 2495 2486 3584">
    <p class='ocr_par' dir='ltr' id='par_1_24' title="bbox 1411 2495 2486 2768">
     <span class='ocr_line' id='line_1_130' title="bbox 1419 2495 2485 2531; baseline -0.003 -8"><span class='ocrx_word' id='word_1_946' title='bbox 1419 2498 1462 2523; x_wconf 87' lang='lat' dir='ltr'>lib.</span> <span class='ocrx_word' id='word_1_947' title='bbox 1473 2499 1501 2529; x_wconf 88' lang='lat'>11,</span> <span class='ocrx_word' id='word_1_948' title='bbox 1517 2498 1532 2531; x_wconf 68' lang='grc' dir='ltr'>ξ</span> <span class='ocrx_word' id='word_1_949' title='bbox 1549 2498 1663 2529; x_wconf 87' lang='lat' dir='ltr'>Quando</span> <span class='ocrx_word' id='word_1_950' title='bbox 1677 2501 1766 2523; x_wconf 86' lang='lat' dir='ltr'>autem</span> <span class='ocrx_word' id='word_1_951' title='bbox 1785 2498 1818 2523; x_wconf 88' lang='lat' dir='ltr'>de</span> <span class='ocrx_word' id='word_1_952' title='bbox 1834 2497 2024 2523; x_wconf 80' lang='lat' dir='ltr'>universalibus</span> <span class='ocrx_word' id='word_1_953' title='bbox 2038 2501 2095 2526; x_wconf 73' lang='lat' dir='ltr'>etc„</span> <span class='ocrx_word' id='word_1_954' title='bbox 2111 2497 2151 2522; x_wconf 87' lang='lat' dir='ltr'>ed.</span> <span class='ocrx_word' id='word_1_955' title='bbox 2162 2496 2202 2522; x_wconf 84' lang='lat' dir='ltr'>cit.</span> <span class='ocrx_word' id='word_1_956' title='bbox 2217 2504 2276 2530; x_wconf 78' lang='lat' dir='ltr'>pag.</span> <span class='ocrx_word' id='word_1_957' title='bbox 2288 2495 2348 2529; x_wconf 87' lang='lat'>347.</span> <span class='ocrx_word' id='word_1_958' title='bbox 2364 2495 2422 2528; x_wconf 70' lang='lat' dir='ltr'>lpse</span> <span class='ocrx_word' id='word_1_959' title='bbox 2440 2503 2485 2521; x_wconf 85' lang='lat' dir='ltr'>au-</span> 
     </span>
     <span class='ocr_line' id='line_1_131' title="bbox 1417 2531 2483 2566; baseline -0.003 -8"><span class='ocrx_word' id='word_1_960' title='bbox 1417 2539 1470 2558; x_wconf 88' lang='lat' dir='ltr'>tem</span> <span class='ocrx_word' id='word_1_961' title='bbox 1494 2533 1616 2558; x_wconf 84' lang='lat' dir='ltr'>Boethius</span> <span class='ocrx_word' id='word_1_962' title='bbox 1641 2533 1758 2566; x_wconf 86' lang='lat' dir='ltr'>sequitur</span> <span class='ocrx_word' id='word_1_963' title='bbox 1783 2532 1963 2566; x_wconf 84' lang='lat' dir='ltr'>Porphyrium.</span> <span class='ocrx_word' id='word_1_964' title='bbox 1987 2533 2043 2558; x_wconf 79' lang='lat' dir='ltr'>Nos</span> <span class='ocrx_word' id='word_1_965' title='bbox 2067 2539 2144 2561; x_wconf 77' lang='lat' dir='ltr'>vero,</span> <span class='ocrx_word' id='word_1_966' title='bbox 2170 2531 2268 2564; x_wconf 87' lang='lat' dir='ltr'>inquit,</span> <span class='ocrx_word' id='word_1_967' title='bbox 2294 2531 2406 2556; x_wconf 81' lang='lat' dir='ltr'>dicimus</span> <span class='ocrx_word' id='word_1_968' title='bbox 2431 2538 2483 2556; x_wconf 85' lang='lat' dir='ltr'>non</span> 
     </span>
     <span class='ocr_line' id='line_1_132' title="bbox 1417 2566 2486 2602; baseline -0.002 -9"><span class='ocrx_word' id='word_1_969' title='bbox 1417 2569 1523 2602; x_wconf 81' lang='lat' dir='ltr'>quidem</span> <span class='ocrx_word' id='word_1_970' title='bbox 1541 2568 1695 2593; x_wconf 81' lang='lat' dir='ltr'>Alexandri</span> <span class='ocrx_word' id='word_1_971' title='bbox 1712 2568 1869 2593; x_wconf 84' lang='lat' dir='ltr'>sententiam</span> <span class='ocrx_word' id='word_1_972' title='bbox 1888 2567 2032 2593; x_wconf 82' lang='lat' dir='ltr'>abhorrere</span> <span class='ocrx_word' id='word_1_973' title='bbox 2051 2567 2167 2596; x_wconf 86' lang='lat' dir='ltr'>ratione,</span> <span class='ocrx_word' id='word_1_974' title='bbox 2186 2567 2235 2592; x_wconf 84' lang='lat' dir='ltr'>sed</span> <span class='ocrx_word' id='word_1_975' title='bbox 2252 2566 2321 2592; x_wconf 78' lang='lat' dir='ltr'>hanc</span> <span class='ocrx_word' id='word_1_976' title='bbox 2338 2566 2486 2599; x_wconf 59' lang='lat' dir='ltr'>Porphyrii</span> 
     </span>
     <span class='ocr_line' id='line_1_133' title="bbox 1416 2601 2483 2636; baseline -0.004 -7"><span class='ocrx_word' id='word_1_977' title='bbox 1416 2611 1471 2629; x_wconf 82' lang='lat' dir='ltr'>esse</span> <span class='ocrx_word' id='word_1_978' title='bbox 1488 2604 1621 2629; x_wconf 85' lang='lat' dir='ltr'>meliorem</span> <span class='ocrx_word' id='word_1_979' title='bbox 1642 2602 1711 2636; x_wconf 81' lang='lat' dir='ltr'>(pag.</span> <span class='ocrx_word' id='word_1_980' title='bbox 1726 2603 1767 2628; x_wconf 88' lang='lat' dir='ltr'>cit.</span> <span class='ocrx_word' id='word_1_981' title='bbox 1783 2608 1808 2628; x_wconf 87' lang='lat' dir='ltr'>et</span> <span class='ocrx_word' id='word_1_982' title='bbox 1822 2601 1899 2636; x_wconf 84' lang='lat' dir='ltr'>seq.).</span> <span class='ocrx_word' id='word_1_983' title='bbox 1912 2602 2067 2628; x_wconf 86' lang='lat' dir='ltr'>Ammonius</span> <span class='ocrx_word' id='word_1_984' title='bbox 2081 2609 2195 2635; x_wconf 85' lang='lat' dir='ltr'>quoque,</span> <span class='ocrx_word' id='word_1_985' title='bbox 2209 2609 2252 2634; x_wconf 91' lang='lat' dir='ltr'>op.</span> <span class='ocrx_word' id='word_1_986' title='bbox 2263 2606 2288 2626; x_wconf 90' lang='lat' dir='ltr'>et</span> <span class='ocrx_word' id='word_1_987' title='bbox 2298 2601 2450 2626; x_wconf 81' lang='lat' dir='ltr'>loc.cit.col.</span> <span class='ocrx_word' id='word_1_988' title='bbox 2459 2608 2483 2632; x_wconf 79' lang='lat'>2,</span> 
     </span>
     <span class='ocr_line' id='line_1_134' title="bbox 1416 2635 2482 2671; baseline -0.003 -8"><span class='ocrx_word' id='word_1_989' title='bbox 1416 2639 1560 2671; x_wconf 86' lang='lat' dir='ltr'>Porphyrio</span> <span class='ocrx_word' id='word_1_990' title='bbox 1585 2638 1724 2663; x_wconf 83' lang='lat' dir='ltr'>adhaeret:</span> <span class='ocrx_word' id='word_1_991' title='bbox 1746 2638 1860 2668; x_wconf 86' lang='lat' dir='ltr'>Quando</span> <span class='ocrx_word' id='word_1_992' title='bbox 1886 2641 1974 2662; x_wconf 84' lang='lat' dir='ltr'>autem</span> <span class='ocrx_word' id='word_1_993' title='bbox 1997 2637 2136 2663; x_wconf 83' lang='lat' dir='ltr'>contraria</span> <span class='ocrx_word' id='word_1_994' title='bbox 2158 2643 2214 2661; x_wconf 82' lang='lat' dir='ltr'>esse</span> <span class='ocrx_word' id='word_1_995' title='bbox 2236 2643 2304 2668; x_wconf 77' lang='lat' dir='ltr'>quae</span> <span class='ocrx_word' id='word_1_996' title='bbox 2327 2635 2482 2661; x_wconf 83' lang='lat' dir='ltr'>indicantur</span> 
     </span>
     <span class='ocr_line' id='line_1_135' title="bbox 1411 2670 2483 2706; baseline -0.004 -7"><span class='ocrx_word' id='word_1_997' title='bbox 1411 2674 1529 2705; x_wconf 79' lang='lat' dir='ltr'>possint,</span> <span class='ocrx_word' id='word_1_998' title='bbox 1552 2673 1615 2698; x_wconf 87' lang='lat' dir='ltr'>bene</span> <span class='ocrx_word' id='word_1_999' title='bbox 1633 2673 1801 2706; x_wconf 78' lang='lat' dir='ltr'>Porphyrius</span> <span class='ocrx_word' id='word_1_1000' title='bbox 1823 2672 1970 2704; x_wconf 77' lang='lat' dir='ltr'>exp11&#39;cavit</span> <span class='ocrx_word' id='word_1_1001' title='bbox 1982 2672 2164 2705; x_wconf 73' lang='lat' dir='ltr'>philosophus.</span> <span class='ocrx_word' id='word_1_1002' title='bbox 2182 2671 2220 2696; x_wconf 83' lang='lat' dir='ltr'>Ex</span> <span class='ocrx_word' id='word_1_1003' title='bbox 2239 2670 2362 2704; x_wconf 81' lang='lat' dir='ltr'>opposito</span> <span class='ocrx_word' id='word_1_1004' title='bbox 2380 2678 2401 2695; x_wconf 90' lang='lat' dir='ltr'>s.</span> <span class='ocrx_word' id='word_1_1005' title='bbox 2411 2670 2483 2696; x_wconf 88' lang='lat' dir='ltr'>Tho·</span> 
     </span>
     <span class='ocr_line' id='line_1_136' title="bbox 1417 2706 2480 2737; baseline -0.003 -4"><span class='ocrx_word' id='word_1_1006' title='bbox 1417 2716 1472 2733; x_wconf 86' lang='lat' dir='ltr'>mas</span> <span class='ocrx_word' id='word_1_1007' title='bbox 1496 2708 1633 2733; x_wconf 84' lang='lat' dir='ltr'>Alexandri</span> <span class='ocrx_word' id='word_1_1008' title='bbox 1658 2708 1810 2733; x_wconf 80' lang='lat' dir='ltr'>sententiam</span> <span class='ocrx_word' id='word_1_1009' title='bbox 1828 2707 1963 2733; x_wconf 88' lang='lat' dir='ltr'>meliorem</span> <span class='ocrx_word' id='word_1_1010' title='bbox 1982 2707 2122 2737; x_wconf 86' lang='lat' dir='ltr'>existimat,</span> <span class='ocrx_word' id='word_1_1011' title='bbox 2147 2711 2172 2731; x_wconf 90' lang='lat' dir='ltr'>et</span> <span class='ocrx_word' id='word_1_1012' title='bbox 2190 2706 2294 2737; x_wconf 88' lang='lat' dir='ltr'>merito,</span> <span class='ocrx_word' id='word_1_1013' title='bbox 2313 2711 2341 2731; x_wconf 88' lang='lat' dir='ltr'>ut</span> <span class='ocrx_word' id='word_1_1014' title='bbox 2359 2713 2432 2731; x_wconf 86' lang='lat' dir='ltr'>num.</span> <span class='ocrx_word' id='word_1_1015' title='bbox 2449 2713 2480 2731; x_wconf 82' lang='lat'>22</span> 
     </span>
     <span class='ocr_line' id='line_1_137' title="bbox 1415 2743 1565 2768; baseline 0 0"><span class='ocrx_word' id='word_1_1016' title='bbox 1415 2743 1565 2768; x_wconf 86' lang='lat' dir='ltr'>ostenditur.</span> 
     </span>
    </p>

    <p class='ocr_par' dir='ltr' id='par_1_25' title="bbox 1415 2775 2482 2874">
     <span class='ocr_line' id='line_1_138' title="bbox 1468 2775 2482 2813; baseline -0.002 -10"><span class='ocrx_word' id='word_1_1017' title='bbox 1468 2777 1496 2813; x_wconf 83' lang='grc' dir='ltr'>φ)</span> <span class='ocrx_word' id='word_1_1018' title='bbox 1518 2778 1597 2808; x_wconf 87' lang='lat' dir='ltr'>Quod</span> <span class='ocrx_word' id='word_1_1019' title='bbox 1614 2778 1717 2811; x_wconf 81' lang='lat' dir='ltr'>aliquid</span> <span class='ocrx_word' id='word_1_1020' title='bbox 1731 2785 1782 2803; x_wconf 86' lang='lat' dir='ltr'>non</span> <span class='ocrx_word' id='word_1_1021' title='bbox 1797 2781 1837 2803; x_wconf 85' lang='lat' dir='ltr'>est</span> <span class='ocrx_word' id='word_1_1022' title='bbox 1850 2777 1954 2803; x_wconf 84' lang='lat' dir='ltr'>bonum.</span> <span class='ocrx_word' id='word_1_1023' title='bbox 1973 2778 2024 2804; x_wconf 80' lang='lat' dir='ltr'>Est</span> <span class='ocrx_word' id='word_1_1024' title='bbox 2038 2777 2114 2802; x_wconf 86' lang='lat' dir='ltr'>lectio</span> <span class='ocrx_word' id='word_1_1025' title='bbox 2128 2777 2157 2801; x_wconf 86' lang='grc' dir='ltr'>Ρ.</span> <span class='ocrx_word' id='word_1_1026' title='bbox 2177 2781 2202 2801; x_wconf 89' lang='lat' dir='ltr'>et</span> <span class='ocrx_word' id='word_1_1027' title='bbox 2219 2776 2278 2801; x_wconf 89' lang='lat' dir='ltr'>edd.</span> <span class='ocrx_word' id='word_1_1028' title='bbox 2292 2775 2377 2801; x_wconf 89' lang='lat' dir='ltr'>Ven.—</span> <span class='ocrx_word' id='word_1_1029' title='bbox 2390 2775 2482 2801; x_wconf 82' lang='lat' dir='ltr'>Codd.:</span> 
     </span>
     <span class='ocr_line' id='line_1_139' title="bbox 1415 2811 2480 2847; baseline -0.001 -9"><span class='ocrx_word' id='word_1_1030' title='bbox 1415 2814 1487 2847; x_wconf 82' lang='lat' dir='ltr'>quod</span> <span class='ocrx_word' id='word_1_1031' title='bbox 1503 2813 1606 2846; x_wconf 82' lang='lat' dir='ltr'>aliquid</span> <span class='ocrx_word' id='word_1_1032' title='bbox 1623 2814 1659 2838; x_wconf 88' lang='lat' dir='ltr'>sit</span> <span class='ocrx_word' id='word_1_1033' title='bbox 1678 2813 1785 2838; x_wconf 82' lang='lat' dir='ltr'>malum.</span> <span class='ocrx_word' id='word_1_1034' title='bbox 1805 2813 1879 2844; x_wconf 84' lang='lat' dir='ltr'>Quae</span> <span class='ocrx_word' id='word_1_1035' title='bbox 1898 2813 1973 2838; x_wconf 83' lang='lat' dir='ltr'>lectio</span> <span class='ocrx_word' id='word_1_1036' title='bbox 1991 2813 2093 2838; x_wconf 86' lang='lat' dir='ltr'>videtur</span> <span class='ocrx_word' id='word_1_1037' title='bbox 2106 2811 2215 2837; x_wconf 71' lang='lat' dir='ltr'>indicam</span> <span class='ocrx_word' id='word_1_1038' title='bbox 2229 2819 2244 2837; x_wconf 82' lang='lat' dir='ltr'>a</span> <span class='ocrx_word' id='word_1_1039' title='bbox 2257 2816 2390 2836; x_wconf 81' lang='lat' dir='ltr'>contextu:</span> <span class='ocrx_word' id='word_1_1040' title='bbox 2409 2811 2480 2837; x_wconf 82' lang='lat' dir='ltr'>Sunt</span> 
     </span>
     <span class='ocr_line' id='line_1_140' title="bbox 1416 2849 1618 2874; baseline -0.005 0"><span class='ocrx_word' id='word_1_1041' title='bbox 1416 2849 1448 2874; x_wconf 84' lang='lat' dir='ltr'>de</span> <span class='ocrx_word' id='word_1_1042' title='bbox 1466 2849 1618 2874; x_wconf 84' lang='lat' dir='ltr'>contrariis.</span> 
     </span>
    </p>

    <p class='ocr_par' dir='ltr' id='par_1_26' title="bbox 1414 2876 2483 3085">
     <span class='ocr_line' id='line_1_141' title="bbox 1467 2876 2480 2919; baseline -0.002 -11"><span class='ocrx_word' id='word_1_1043' title='bbox 1467 2882 1495 2919; x_wconf 79' lang='grc' dir='ltr'>χ)</span> <span class='ocrx_word' id='word_1_1044' title='bbox 1508 2883 1664 2917; x_wconf 82' lang='lat' dir='ltr'>Indefinitae</span> <span class='ocrx_word' id='word_1_1045' title='bbox 1674 2891 1725 2908; x_wconf 86' lang='lat' dir='ltr'>non</span> <span class='ocrx_word' id='word_1_1046' title='bbox 1735 2886 1798 2908; x_wconf 83' lang='lat' dir='ltr'>sunt</span> <span class='ocrx_word' id='word_1_1047' title='bbox 1807 2883 1960 2908; x_wconf 80' lang='lat' dir='ltr'>contrariae</span> <span class='ocrx_word' id='word_1_1048' title='bbox 1968 2883 2112 2908; x_wconf 84' lang='lat' dir='ltr'>secundum</span> <span class='ocrx_word' id='word_1_1049' title='bbox 2123 2876 2231 2907; x_wconf 74' lang='lat' dir='ltr'>niodum</span> <span class='ocrx_word' id='word_1_1050' title='bbox 2239 2886 2286 2907; x_wconf 85' lang='lat' dir='ltr'>etc.</span> <span class='ocrx_word' id='word_1_1051' title='bbox 2294 2882 2330 2907; x_wconf 69' lang='lat' dir='ltr'>1oe</span> <span class='ocrx_word' id='word_1_1052' title='bbox 2339 2881 2480 2914; x_wconf 81' lang='lat' dir='ltr'>legendum</span> 
     </span>
     <span class='ocr_line' id='line_1_142' title="bbox 1414 2916 2482 2952; baseline -0.001 -8"><span class='ocrx_word' id='word_1_1053' title='bbox 1414 2924 1454 2944; x_wconf 88' lang='lat' dir='ltr'>est</span> <span class='ocrx_word' id='word_1_1054' title='bbox 1468 2927 1527 2944; x_wconf 87' lang='lat' dir='ltr'>cum</span> <span class='ocrx_word' id='word_1_1055' title='bbox 1538 2919 1632 2944; x_wconf 87' lang='lat' dir='ltr'>codd.-</span> <span class='ocrx_word' id='word_1_1056' title='bbox 1639 2919 1667 2943; x_wconf 89' lang='lat' dir='ltr'>P.</span> <span class='ocrx_word' id='word_1_1057' title='bbox 1675 2923 1700 2943; x_wconf 90' lang='lat' dir='ltr'>et</span> <span class='ocrx_word' id='word_1_1058' title='bbox 1713 2919 1770 2944; x_wconf 88' lang='lat' dir='ltr'>edd.</span> <span class='ocrx_word' id='word_1_1059' title='bbox 1780 2919 1854 2944; x_wconf 89' lang='lat' dir='ltr'>Ven.:</span> <span class='ocrx_word' id='word_1_1060' title='bbox 1865 2918 2018 2952; x_wconf 80' lang='lat' dir='ltr'>indefinitae</span> <span class='ocrx_word' id='word_1_1061' title='bbox 2027 2918 2153 2943; x_wconf 87' lang='lat' dir='ltr'>dicuntur</span> <span class='ocrx_word' id='word_1_1062' title='bbox 2161 2917 2304 2943; x_wconf 73' lang='lat' dir='ltr'>secundum</span> <span class='ocrx_word' id='word_1_1063' title='bbox 2315 2916 2423 2942; x_wconf 84' lang='lat' dir='ltr'>modum</span> <span class='ocrx_word' id='word_1_1064' title='bbox 2433 2921 2482 2943; x_wconf 68' lang='lat' dir='ltr'>ete.</span> 
     </span>
     <span class='ocr_line' id='line_1_143' title="bbox 1414 2951 2482 2987; baseline -0.001 -8"><span class='ocrx_word' id='word_1_1065' title='bbox 1414 2955 1477 2979; x_wconf 88' lang='lat' dir='ltr'>Vult</span> <span class='ocrx_word' id='word_1_1066' title='bbox 1491 2955 1559 2979; x_wconf 89' lang='lat' dir='ltr'>enim</span> <span class='ocrx_word' id='word_1_1067' title='bbox 1575 2954 1718 2979; x_wconf 59' lang='lat' dir='ltr'>ssrhomas</span> <span class='ocrx_word' id='word_1_1068' title='bbox 1733 2953 1773 2987; x_wconf 90' lang='lat' dir='ltr'>(ut</span> <span class='ocrx_word' id='word_1_1069' title='bbox 1786 2954 1933 2979; x_wconf 84' lang='lat' dir='ltr'>immediate</span> <span class='ocrx_word' id='word_1_1070' title='bbox 1948 2953 2067 2986; x_wconf 81' lang='lat' dir='ltr'>explicat)</span> <span class='ocrx_word' id='word_1_1071' title='bbox 2082 2953 2273 2986; x_wconf 82' lang='lat' dir='ltr'>propositiones</span> <span class='ocrx_word' id='word_1_1072' title='bbox 2287 2951 2432 2977; x_wconf 71' lang='lat' dir='ltr'>indefinitas</span> <span class='ocrx_word' id='word_1_1073' title='bbox 2451 2959 2482 2978; x_wconf 70' lang='lat' dir='ltr'>ex</span> 
     </span>
     <span class='ocr_line' id='line_1_144' title="bbox 1415 2987 2483 3022; baseline -0.002 -8"><span class='ocrx_word' id='word_1_1074' title='bbox 1415 2990 1493 3015; x_wconf 88' lang='lat' dir='ltr'>modo</span> <span class='ocrx_word' id='word_1_1075' title='bbox 1508 2997 1561 3022; x_wconf 94' lang='lat' dir='ltr'>quo</span> <span class='ocrx_word' id='word_1_1076' title='bbox 1575 2989 1743 3014; x_wconf 85' lang='lat' dir='ltr'>enunciantur</span> <span class='ocrx_word' id='word_1_1077' title='bbox 1761 2989 1900 3014; x_wconf 76' lang='lat' dir='ltr'>contrarias</span> <span class='ocrx_word' id='word_1_1078' title='bbox 1915 2997 1967 3014; x_wconf 91' lang='lat' dir='ltr'>non</span> <span class='ocrx_word' id='word_1_1079' title='bbox 1981 2996 2052 3019; x_wconf 76' lang='lat' dir='ltr'>esse3</span> <span class='ocrx_word' id='word_1_1080' title='bbox 2068 2988 2205 3013; x_wconf 86' lang='lat' dir='ltr'>contrarias</span> <span class='ocrx_word' id='word_1_1081' title='bbox 2219 2993 2306 3013; x_wconf 83' lang='lat' dir='ltr'>tamen</span> <span class='ocrx_word' id='word_1_1082' title='bbox 2325 2987 2483 3020; x_wconf 77' lang='lat' dir='ltr'>quandoque</span> 
     </span>
     <span class='ocr_line' id='line_1_145' title="bbox 1414 3022 2481 3058; baseline -0.002 -9"><span class='ocrx_word' id='word_1_1083' title='bbox 1414 3032 1473 3050; x_wconf 85' lang='lat' dir='ltr'>esse</span> <span class='ocrx_word' id='word_1_1084' title='bbox 1491 3025 1588 3050; x_wconf 84' lang='lat' dir='ltr'>ratione</span> <span class='ocrx_word' id='word_1_1085' title='bbox 1607 3025 1736 3050; x_wconf 78' lang='lat' dir='ltr'>materiae</span> <span class='ocrx_word' id='word_1_1086' title='bbox 1754 3032 1801 3049; x_wconf 83' lang='lat' dir='ltr'>seu</span> <span class='ocrx_word' id='word_1_1087' title='bbox 1824 3024 1969 3058; x_wconf 67' lang='lat' dir='ltr'>significati</span> <span class='ocrx_word' id='word_1_1088' title='bbox 1987 3024 2110 3057; x_wconf 82' lang='lat' dir='ltr'>ipsarum.</span> <span class='ocrx_word' id='word_1_1089' title='bbox 2135 3023 2217 3048; x_wconf 86' lang='lat' dir='ltr'>Porro</span> <span class='ocrx_word' id='word_1_1090' title='bbox 2241 3022 2306 3048; x_wconf 84' lang='lat' dir='ltr'>hanc</span> <span class='ocrx_word' id='word_1_1091' title='bbox 2325 3030 2347 3047; x_wconf 89' lang='lat' dir='ltr'>s.</span> <span class='ocrx_word' id='word_1_1092' title='bbox 2361 3022 2481 3048; x_wconf 66' lang='lat' dir='ltr'>Doctoffi</span> 
     </span>
     <span class='ocr_line' id='line_1_146' title="bbox 1414 3059 1881 3085; baseline 0 -1"><span class='ocrx_word' id='word_1_1093' title='bbox 1414 3064 1528 3085; x_wconf 90' lang='lat' dir='ltr'>mentem</span> <span class='ocrx_word' id='word_1_1094' title='bbox 1547 3060 1658 3085; x_wconf 85' lang='lat' dir='ltr'>reddunt</span> <span class='ocrx_word' id='word_1_1095' title='bbox 1671 3060 1772 3085; x_wconf 85' lang='lat' dir='ltr'>codices</span> <span class='ocrx_word' id='word_1_1096' title='bbox 1791 3059 1881 3084; x_wconf 84' lang='lat' dir='ltr'>nostri.</span> 
     </span>
    </p>

    <p class='ocr_par' dir='ltr' id='par_1_27' title="bbox 1413 3092 2481 3584">
     <span class='ocr_line' id='line_1_147' title="bbox 1467 3092 2479 3130; baseline -0.003 -10"><span class='ocrx_word' id='word_1_1097' title='bbox 1467 3093 1494 3130; x_wconf 88' lang='grc' dir='ltr'>ψ)</span> <span class='ocrx_word' id='word_1_1098' title='bbox 1514 3096 1578 3120; x_wconf 87' lang='lat' dir='ltr'>Cum</span> <span class='ocrx_word' id='word_1_1099' title='bbox 1593 3095 1751 3120; x_wconf 85' lang='lat' dir='ltr'>attribuitur</span> <span class='ocrx_word' id='word_1_1100' title='bbox 1769 3100 1817 3120; x_wconf 85' lang='lat' dir='ltr'>etc.</span> <span class='ocrx_word' id='word_1_1101' title='bbox 1836 3095 1883 3119; x_wconf 86' lang='lat' dir='ltr'>Est</span> <span class='ocrx_word' id='word_1_1102' title='bbox 1902 3094 1977 3119; x_wconf 84' lang='lat' dir='ltr'>lectio</span> <span class='ocrx_word' id='word_1_1103' title='bbox 1995 3094 2063 3119; x_wconf 84' lang='lat' dir='ltr'>CDE</span> <span class='ocrx_word' id='word_1_1104' title='bbox 2082 3093 2238 3127; x_wconf 84' lang='lat' dir='ltr'>quibuscum</span> <span class='ocrx_word' id='word_1_1105' title='bbox 2255 3093 2393 3118; x_wconf 77' lang='lat' dir='ltr'>concordat</span> <span class='ocrx_word' id='word_1_1106' title='bbox 2405 3093 2428 3117; x_wconf 76' lang='lat' dir='ltr'>A</span> <span class='ocrx_word' id='word_1_1107' title='bbox 2442 3092 2479 3118; x_wconf 82' lang='grc' dir='ltr'>Ιο-</span> 
     </span>
     <span class='ocr_line' id='line_1_148' title="bbox 1414 3128 2480 3164; baseline -0.002 -9"><span class='ocrx_word' id='word_1_1108' title='bbox 1414 3131 1511 3162; x_wconf 81' lang='lat' dir='ltr'>gendo:</span> <span class='ocrx_word' id='word_1_1109' title='bbox 1525 3138 1584 3156; x_wconf 87' lang='lat' dir='ltr'>cum</span> <span class='ocrx_word' id='word_1_1110' title='bbox 1596 3130 1635 3155; x_wconf 82' lang='lat' dir='ltr'>iili</span> <span class='ocrx_word' id='word_1_1111' title='bbox 1645 3128 1776 3164; x_wconf 84' lang='lat' dir='ltr'>(corrupte</span> <span class='ocrx_word' id='word_1_1112' title='bbox 1790 3137 1838 3163; x_wconf 87' lang='lat' dir='ltr'>pro</span> <span class='ocrx_word' id='word_1_1113' title='bbox 1853 3128 2007 3164; x_wconf 78' lang='lat' dir='ltr'>universali)</span> <span class='ocrx_word' id='word_1_1114' title='bbox 2018 3129 2121 3162; x_wconf 78' lang='lat' dir='ltr'>aliquid</span> <span class='ocrx_word' id='word_1_1115' title='bbox 2133 3129 2300 3154; x_wconf 80' lang='lat' dir='ltr'>attribuatur</span> <span class='ocrx_word' id='word_1_1116' title='bbox 2313 3128 2418 3154; x_wconf 73' lang='lat' dir='ltr'>ratione</span> <span class='ocrx_word' id='word_1_1117' title='bbox 2431 3134 2480 3153; x_wconf 77' lang='lat' dir='ltr'>na·</span> 
     </span>
     <span class='ocr_line' id='line_1_149' title="bbox 1414 3162 2481 3198; baseline -0.002 -8"><span class='ocrx_word' id='word_1_1118' title='bbox 1414 3169 1491 3190; x_wconf 86' lang='lat' dir='ltr'>turae</span> <span class='ocrx_word' id='word_1_1119' title='bbox 1506 3166 1726 3191; x_wconf 54' lang='lat' dir='ltr'>universalia-B</span> <span class='ocrx_word' id='word_1_1120' title='bbox 1737 3170 1762 3190; x_wconf 88' lang='lat' dir='ltr'>et</span> <span class='ocrx_word' id='word_1_1121' title='bbox 1774 3165 1811 3190; x_wconf 79' lang='lat' dir='ltr'>P.:</span> <span class='ocrx_word' id='word_1_1122' title='bbox 1826 3172 1884 3190; x_wconf 85' lang='lat' dir='ltr'>cum</span> <span class='ocrx_word' id='word_1_1123' title='bbox 1895 3165 2060 3190; x_wconf 74' lang='lat' dir='ltr'>attribuatur</span> <span class='ocrx_word' id='word_1_1124' title='bbox 2074 3163 2121 3198; x_wconf 82' lang='lat' dir='ltr'>(P.‚</span> <span class='ocrx_word' id='word_1_1125' title='bbox 2131 3164 2165 3198; x_wconf 86' lang='lat' dir='ltr'>ei)</span> <span class='ocrx_word' id='word_1_1126' title='bbox 2180 3164 2283 3196; x_wconf 81' lang='lat' dir='ltr'>aliquid</span> <span class='ocrx_word' id='word_1_1127' title='bbox 2296 3162 2481 3188; x_wconf 72' lang='lat' dir='ltr'>uniuersaliter</span> 
     </span>
     <span class='ocr_line' id='line_1_150' title="bbox 1414 3197 2480 3232; baseline -0.003 -6"><span class='ocrx_word' id='word_1_1128' title='bbox 1414 3201 1518 3226; x_wconf 84' lang='lat' dir='ltr'>ratione</span> <span class='ocrx_word' id='word_1_1129' title='bbox 1540 3201 1704 3226; x_wconf 80' lang='lat' dir='ltr'>universalis.</span> <span class='ocrx_word' id='word_1_1130' title='bbox 1724 3200 1797 3231; x_wconf 88' lang='lat' dir='ltr'>Quae</span> <span class='ocrx_word' id='word_1_1131' title='bbox 1820 3200 1894 3225; x_wconf 86' lang='lat' dir='ltr'>lectio</span> <span class='ocrx_word' id='word_1_1132' title='bbox 1911 3200 2022 3225; x_wconf 88' lang='lat' dir='ltr'>obscura</span> <span class='ocrx_word' id='word_1_1133' title='bbox 2040 3204 2091 3231; x_wconf 88' lang='lat' dir='ltr'>est,</span> <span class='ocrx_word' id='word_1_1134' title='bbox 2109 3199 2204 3232; x_wconf 81' lang='lat' dir='ltr'>vixque</span> <span class='ocrx_word' id='word_1_1135' title='bbox 2222 3197 2400 3231; x_wconf 76' lang='lat' dir='ltr'>intelligibiiis:</span> <span class='ocrx_word' id='word_1_1136' title='bbox 2420 3197 2480 3231; x_wconf 73' lang='lat' dir='ltr'>quin</span> 
     </span>
     <span class='ocr_line' id='line_1_151' title="bbox 1414 3234 2479 3269; baseline -0.003 -8"><span class='ocrx_word' id='word_1_1137' title='bbox 1414 3243 1501 3261; x_wconf 89' lang='lat' dir='ltr'>sermo</span> <span class='ocrx_word' id='word_1_1138' title='bbox 1519 3241 1558 3261; x_wconf 83' lang='lat' dir='ltr'>est</span> <span class='ocrx_word' id='word_1_1139' title='bbox 1578 3236 1609 3261; x_wconf 92' lang='lat' dir='ltr'>de</span> <span class='ocrx_word' id='word_1_1140' title='bbox 1628 3235 1846 3269; x_wconf 84' lang='lat' dir='ltr'>propositionibus</span> <span class='ocrx_word' id='word_1_1141' title='bbox 1869 3234 2021 3265; x_wconf 80' lang='lat' dir='ltr'>indefinitis,</span> <span class='ocrx_word' id='word_1_1142' title='bbox 2040 3242 2107 3268; x_wconf 84' lang='lat' dir='ltr'>quae</span> <span class='ocrx_word' id='word_1_1143' title='bbox 2125 3234 2271 3260; x_wconf 80' lang='lat' dir='ltr'>secundum</span> <span class='ocrx_word' id='word_1_1144' title='bbox 2296 3234 2403 3259; x_wconf 88' lang='lat' dir='ltr'>modum</span> <span class='ocrx_word' id='word_1_1145' title='bbox 2425 3239 2479 3266; x_wconf 84' lang='lat' dir='ltr'>quo</span> 
     </span>
     <span class='ocr_line' id='line_1_152' title="bbox 1414 3267 2479 3303; baseline -0.003 -7"><span class='ocrx_word' id='word_1_1146' title='bbox 1414 3271 1583 3296; x_wconf 88' lang='lat' dir='ltr'>enunciantur</span> <span class='ocrx_word' id='word_1_1147' title='bbox 1601 3279 1654 3296; x_wconf 92' lang='lat' dir='ltr'>non</span> <span class='ocrx_word' id='word_1_1148' title='bbox 1673 3276 1733 3296; x_wconf 89' lang='lat' dir='ltr'>sunt</span> <span class='ocrx_word' id='word_1_1149' title='bbox 1751 3271 1918 3302; x_wconf 83' lang='lat' dir='ltr'>universales,</span> <span class='ocrx_word' id='word_1_1150' title='bbox 1938 3277 2023 3303; x_wconf 89' lang='lat' dir='ltr'>neque</span> <span class='ocrx_word' id='word_1_1151' title='bbox 2035 3270 2094 3295; x_wconf 89' lang='lat' dir='ltr'>ideo</span> <span class='ocrx_word' id='word_1_1152' title='bbox 2107 3269 2255 3300; x_wconf 78' lang='lat' dir='ltr'>contrariae,</span> <span class='ocrx_word' id='word_1_1153' title='bbox 2270 3269 2318 3294; x_wconf 89' lang='lat' dir='ltr'>sed</span> <span class='ocrx_word' id='word_1_1154' title='bbox 2329 3268 2427 3294; x_wconf 82' lang='lat' dir='ltr'>ratione</span> <span class='ocrx_word' id='word_1_1155' title='bbox 2444 3267 2479 3292; x_wconf 78' lang='lat' dir='ltr'>si—</span> 
     </span>
     <span class='ocr_line' id='line_1_153' title="bbox 1413 3304 2478 3339; baseline -0.004 -7"><span class='ocrx_word' id='word_1_1156' title='bbox 1413 3306 1523 3339; x_wconf 80' lang='lat' dir='ltr'>gnificati</span> <span class='ocrx_word' id='word_1_1157' title='bbox 1542 3306 1638 3331; x_wconf 86' lang='lat' dir='ltr'>habent</span> <span class='ocrx_word' id='word_1_1158' title='bbox 1654 3306 1708 3331; x_wconf 84' lang='lat' dir='ltr'>vim</span> <span class='ocrx_word' id='word_1_1159' title='bbox 1726 3305 1933 3339; x_wconf 84' lang='lat' dir='ltr'>propositionum</span> <span class='ocrx_word' id='word_1_1160' title='bbox 1952 3305 2150 3335; x_wconf 83' lang='lat' dir='ltr'>universalium,</span> <span class='ocrx_word' id='word_1_1161' title='bbox 2169 3309 2195 3329; x_wconf 89' lang='lat' dir='ltr'>et</span> <span class='ocrx_word' id='word_1_1162' title='bbox 2213 3304 2271 3330; x_wconf 87' lang='lat' dir='ltr'>ideo</span> <span class='ocrx_word' id='word_1_1163' title='bbox 2289 3307 2402 3338; x_wconf 82' lang='lat' dir='ltr'>possunt</span> <span class='ocrx_word' id='word_1_1164' title='bbox 2418 3309 2478 3328; x_wconf 72' lang='lat' dir='ltr'>esse</span> 
     </span>
     <span class='ocr_line' id='line_1_154' title="bbox 1413 3338 2477 3375; baseline -0.003 -9"><span class='ocrx_word' id='word_1_1165' title='bbox 1413 3342 1561 3367; x_wconf 83' lang='lat' dir='ltr'>contrariae.</span> <span class='ocrx_word' id='word_1_1166' title='bbox 1576 3342 1654 3375; x_wconf 75' lang='lat' dir='ltr'>Atqui</span> <span class='ocrx_word' id='word_1_1167' title='bbox 1670 3341 1786 3372; x_wconf 78' lang='lat' dir='ltr'>dicendo,</span> <span class='ocrx_word' id='word_1_1168' title='bbox 1800 3349 1859 3366; x_wconf 83' lang='lat' dir='ltr'>cum</span> <span class='ocrx_word' id='word_1_1169' title='bbox 1872 3341 2039 3366; x_wconf 81' lang='lat' dir='ltr'>attribuatur</span> <span class='ocrx_word' id='word_1_1170' title='bbox 2051 3340 2077 3366; x_wconf 86' lang='lat' dir='ltr'>ei</span> <span class='ocrx_word' id='word_1_1171' title='bbox 2089 3339 2192 3372; x_wconf 81' lang='lat' dir='ltr'>aliquid</span> <span class='ocrx_word' id='word_1_1172' title='bbox 2206 3338 2398 3367; x_wconf 73' lang='lat' dir='ltr'>universaliter,</span> <span class='ocrx_word' id='word_1_1173' title='bbox 2413 3345 2477 3370; x_wconf 82' lang='lat' dir='ltr'>sup-</span> 
     </span>
     <span class='ocr_line' id='line_1_155' title="bbox 1413 3372 2477 3410; baseline -0.005 -8"><span class='ocrx_word' id='word_1_1174' title='bbox 1413 3377 1517 3410; x_wconf 86' lang='lat' dir='ltr'>ponitur</span> <span class='ocrx_word' id='word_1_1175' title='bbox 1541 3377 1686 3402; x_wconf 78' lang='lat' dir='ltr'>subiectum</span> <span class='ocrx_word' id='word_1_1176' title='bbox 1709 3376 1828 3402; x_wconf 82' lang='lat' dir='ltr'>affectum</span> <span class='ocrx_word' id='word_1_1177' title='bbox 1849 3376 1923 3408; x_wconf 78' lang='lat' dir='ltr'>signo</span> <span class='ocrx_word' id='word_1_1178' title='bbox 1942 3375 2080 3401; x_wconf 87' lang='lat' dir='ltr'>universali</span> <span class='ocrx_word' id='word_1_1179' title='bbox 2098 3375 2213 3407; x_wconf 85' lang='lat' dir='ltr'>(omnis,</span> <span class='ocrx_word' id='word_1_1180' title='bbox 2240 3373 2358 3406; x_wconf 81' lang='lat' dir='ltr'>nulius),·</span> <span class='ocrx_word' id='word_1_1181' title='bbox 2375 3377 2402 3398; x_wconf 85' lang='lat' dir='ltr'>et</span> <span class='ocrx_word' id='word_1_1182' title='bbox 2418 3372 2477 3398; x_wconf 84' lang='lat' dir='ltr'>ideo</span> 
     </span>
     <span class='ocr_line' id='line_1_156' title="bbox 1414 3408 2466 3445; baseline -0.005 -8"><span class='ocrx_word' id='word_1_1183' title='bbox 1414 3420 1465 3437; x_wconf 89' lang='lat' dir='ltr'>non</span> <span class='ocrx_word' id='word_1_1184' title='bbox 1485 3412 1596 3445; x_wconf 85' lang='lat' dir='ltr'>amplius</span> <span class='ocrx_word' id='word_1_1185' title='bbox 1611 3412 1802 3445; x_wconf 84' lang='lat' dir='ltr'>propositiones</span> <span class='ocrx_word' id='word_1_1186' title='bbox 1817 3416 1907 3437; x_wconf 82' lang='lat' dir='ltr'>essent</span> <span class='ocrx_word' id='word_1_1187' title='bbox 1919 3410 2072 3441; x_wconf 80' lang='lat' dir='ltr'>indefinitae,</span> <span class='ocrx_word' id='word_1_1188' title='bbox 2087 3410 2154 3436; x_wconf 81' lang='lat' dir='ltr'>sicut</span> <span class='ocrx_word' id='word_1_1189' title='bbox 2166 3408 2312 3435; x_wconf 80' lang='lat' dir='ltr'>indefinitae</span> <span class='ocrx_word' id='word_1_1190' title='bbox 2325 3414 2466 3441; x_wconf 79' lang='lat' dir='ltr'>supponun</span> 
     </span>
     <span class='ocr_line' id='line_1_157' title="bbox 1413 3442 2475 3480; baseline -0.005 -8"><span class='ocrx_word' id='word_1_1191' title='bbox 1413 3453 1454 3472; x_wconf 86' lang='lat' dir='ltr'>tur</span> <span class='ocrx_word' id='word_1_1192' title='bbox 1472 3455 1487 3472; x_wconf 87' lang='lat' dir='ltr'>a</span> <span class='ocrx_word' id='word_1_1193' title='bbox 1505 3455 1527 3472; x_wconf 87' lang='lat' dir='ltr'>s.</span> <span class='ocrx_word' id='word_1_1194' title='bbox 1542 3446 1657 3477; x_wconf 79' lang='lat' dir='ltr'>Thoma:</span> <span class='ocrx_word' id='word_1_1195' title='bbox 1677 3455 1706 3472; x_wconf 85' lang='lat' dir='ltr'>ac</span> <span class='ocrx_word' id='word_1_1196' title='bbox 1726 3447 1833 3480; x_wconf 79' lang='lat' dir='ltr'>insuper</span> <span class='ocrx_word' id='word_1_1197' title='bbox 1851 3446 1928 3472; x_wconf 87' lang='lat' dir='ltr'>verba</span> <span class='ocrx_word' id='word_1_1198' title='bbox 1946 3446 2094 3471; x_wconf 85' lang='lat' dir='ltr'>immediate</span> <span class='ocrx_word' id='word_1_1199' title='bbox 2117 3444 2263 3478; x_wconf 74' lang='lat' dir='ltr'>sequentis,</span> <span class='ocrx_word' id='word_1_1200' title='bbox 2286 3442 2406 3476; x_wconf 71' lang='lat' dir='ltr'>quamvis</span> <span class='ocrx_word' id='word_1_1201' title='bbox 2423 3449 2475 3468; x_wconf 87' lang='lat' dir='ltr'>non</span> 
     </span>
     <span class='ocr_line' id='line_1_158' title="bbox 1413 3477 2476 3516; baseline -0.007 -8"><span class='ocrx_word' id='word_1_1202' title='bbox 1413 3486 1566 3515; x_wconf 83' lang='lat' dir='ltr'>apponatur</span> <span class='ocrx_word' id='word_1_1203' title='bbox 1582 3482 1688 3516; x_wconf 77' lang='lat' dir='ltr'>signum</span> <span class='ocrx_word' id='word_1_1204' title='bbox 1708 3482 1869 3511; x_wconf 77' lang='lat' dir='ltr'>universale,</span> <span class='ocrx_word' id='word_1_1205' title='bbox 1889 3489 1941 3507; x_wconf 90' lang='lat' dir='ltr'>non</span> <span class='ocrx_word' id='word_1_1206' title='bbox 1960 3481 2084 3506; x_wconf 84' lang='lat' dir='ltr'>haberent</span> <span class='ocrx_word' id='word_1_1207' title='bbox 2102 3481 2201 3510; x_wconf 85' lang='lat' dir='ltr'>locum,</span> <span class='ocrx_word' id='word_1_1208' title='bbox 2220 3479 2338 3512; x_wconf 82' lang='lat' dir='ltr'>quinimo</span> <span class='ocrx_word' id='word_1_1209' title='bbox 2356 3477 2476 3502; x_wconf 81' lang='lat' dir='ltr'>exclude-</span> 
     </span>
     <span class='ocr_line' id='line_1_159' title="bbox 1413 3511 2476 3552; baseline -0.004 -10"><span class='ocrx_word' id='word_1_1210' title='bbox 1413 3523 1501 3543; x_wconf 85' lang='lat' dir='ltr'>rentur</span> <span class='ocrx_word' id='word_1_1211' title='bbox 1519 3525 1534 3542; x_wconf 87' lang='lat' dir='ltr'>a</span> <span class='ocrx_word' id='word_1_1212' title='bbox 1552 3519 1588 3552; x_wconf 83' lang='grc' dir='ltr'>τῷ</span> <span class='ocrx_word' id='word_1_1213' title='bbox 1600 3517 1792 3543; x_wconf 74' lang='lat' dir='ltr'>uniuersaliter</span> <span class='ocrx_word' id='word_1_1214' title='bbox 1809 3516 2090 3546; x_wconf 58' lang='lat' dir='ltr'>attribuam-Quid</span> <span class='ocrx_word' id='word_1_1215' title='bbox 2109 3515 2142 3540; x_wconf 85' lang='lat' dir='ltr'>sit</span> <span class='ocrx_word' id='word_1_1216' title='bbox 2159 3519 2245 3539; x_wconf 81' lang='lat' dir='ltr'>autem</span> <span class='ocrx_word' id='word_1_1217' title='bbox 2264 3511 2366 3538; x_wconf 82' lang='lat' dir='ltr'>attribui</span> <span class='ocrx_word' id='word_1_1218' title='bbox 2379 3512 2476 3545; x_wconf 86' lang='lat' dir='ltr'>aliquid</span> 
     </span>
     <span class='ocr_line' id='line_1_160' title="bbox 1413 3549 2333 3584; baseline -0.005 -6"><span class='ocrx_word' id='word_1_1219' title='bbox 1413 3553 1549 3578; x_wconf 84' lang='lat' dir='ltr'>universali</span> <span class='ocrx_word' id='word_1_1220' title='bbox 1564 3553 1662 3578; x_wconf 79' lang='lat' dir='ltr'>ratione</span> <span class='ocrx_word' id='word_1_1221' title='bbox 1676 3557 1780 3578; x_wconf 84' lang='lat' dir='ltr'>naturae</span> <span class='ocrx_word' id='word_1_1222' title='bbox 1796 3551 1948 3577; x_wconf 82' lang='lat' dir='ltr'>universalis</span> <span class='ocrx_word' id='word_1_1223' title='bbox 1962 3558 2041 3584; x_wconf 77' lang='lat' dir='ltr'>supra</span> <span class='ocrx_word' id='word_1_1224' title='bbox 2055 3559 2080 3575; x_wconf 88' lang='lat' dir='ltr'>n.</span> <span class='ocrx_word' id='word_1_1225' title='bbox 2090 3557 2107 3583; x_wconf 86' lang='lat'><strong>9</strong></span> <span class='ocrx_word' id='word_1_1226' title='bbox 2119 3549 2272 3583; x_wconf 77' lang='lat' dir='ltr'>explicatum</span> <span class='ocrx_word' id='word_1_1227' title='bbox 2286 3552 2333 3573; x_wconf 87' lang='lat' dir='ltr'>est.</span> 
     </span>
    </p>
   </div>
   <div class='ocr_carea' id='block_1_16' title="bbox 2524 465 2672 494">
    <p class='ocr_par' dir='ltr' id='par_1_28' title="bbox 2524 465 2672 494">
     <span class='ocr_line' id='line_1_161' title="bbox 2524 465 2672 494; baseline 0.007 -8"><span class='ocrx_word' id='word_1_1228' title='bbox 2524 465 2672 494; x_wconf 73' lang='lat' dir='ltr'>Porphyrius.</span> 
     </span>
    </p>
   </div>
   <div class='ocr_carea' id='block_1_17' title="bbox 2521 513 2736 561">
    <p class='ocr_par' dir='ltr' id='par_1_29' title="bbox 2521 513 2736 561">
     <span class='ocr_line' id='line_1_162' title="bbox 2569 513 2736 540; baseline 0.006 -6"><span class='ocrx_word' id='word_1_1229' title='bbox 2569 520 2574 534; x_wconf 89' lang='lat'>:</span> <span class='ocrx_word' id='word_1_1230' title='bbox 2596 513 2736 540; x_wconf 78' lang='lat' dir='ltr'>praedicati</span> 
     </span>
     <span class='ocr_line' id='line_1_163' title="bbox 2521 539 2679 561; baseline 0.013 -2"><span class='ocrx_word' id='word_1_1231' title='bbox 2521 539 2679 561; x_wconf 82' lang='lat' dir='ltr'>communiter.</span> 
     </span>
    </p>
   </div>
   <div class='ocr_carea' id='block_1_18' title="bbox 2516 1145 2704 1168">
    <p class='ocr_par' dir='ltr' id='par_1_30' title="bbox 2516 1145 2704 1168">
     <span class='ocr_line' id='line_1_164' title="bbox 2516 1145 2704 1168; baseline 0.005 -1"><span class='ocrx_word' id='word_1_1232' title='bbox 2516 1145 2527 1157; x_wconf 74' lang='lat'>⁸</span> <span class='ocrx_word' id='word_1_1233' title='bbox 2536 1152 2591 1167; x_wconf 63' lang='lat' dir='ltr'>asc:</span> <span class='ocrx_word' id='word_1_1234' title='bbox 2606 1145 2704 1168; x_wconf 71' lang='lat' dir='ltr'>habene.</span> 
     </span>
    </p>
   </div>
   <div class='ocr_carea' id='block_1_19' title="bbox 2515 1204 2732 1252">
    <p class='ocr_par' dir='ltr' id='par_1_31' title="bbox 2515 1204 2732 1252">
     <span class='ocr_line' id='line_1_165' title="bbox 2516 1204 2732 1227; baseline 0.009 -3"><span class='ocrx_word' id='word_1_1235' title='bbox 2516 1204 2525 1214; x_wconf 78' lang='lat'>¹</span> <span class='ocrx_word' id='word_1_1236' title='bbox 2537 1204 2626 1226; x_wconf 85' lang='lat' dir='ltr'>Codd.:</span> <span class='ocrx_word' id='word_1_1237' title='bbox 2636 1210 2684 1227; x_wconf 78' lang='lat' dir='ltr'>non</span> <span class='ocrx_word' id='word_1_1238' title='bbox 2693 1207 2732 1227; x_wconf 70' lang='lat' dir='ltr'>est</span> 
     </span>
     <span class='ocr_line' id='line_1_166' title="bbox 2515 1232 2595 1252; baseline 0.013 -1"><span class='ocrx_word' id='word_1_1239' title='bbox 2515 1232 2595 1252; x_wconf 70' lang='lat' dir='ltr'>name.</span> 
     </span>
    </p>
   </div>
   <div class='ocr_carea' id='block_1_20' title="bbox 2515 1308 2717 1331">
    <p class='ocr_par' dir='ltr' id='par_1_32' title="bbox 2515 1308 2717 1331">
     <span class='ocr_line' id='line_1_167' title="bbox 2515 1308 2717 1331; baseline 0.005 -1"><span class='ocrx_word' id='word_1_1240' title='bbox 2515 1309 2525 1318; x_wconf 82' lang='lat'><strong>·</strong></span> <span class='ocrx_word' id='word_1_1241' title='bbox 2534 1308 2717 1331; x_wconf 65' lang='lat' dir='ltr'>acuedtamen.</span> 
     </span>
    </p>
   </div>
   <div class='ocr_carea' id='block_1_21' title="bbox 2514 1409 2728 1485">
    <p class='ocr_par' dir='ltr' id='par_1_33' title="bbox 2514 1409 2728 1485">
     <span class='ocr_line' id='line_1_168' title="bbox 2514 1409 2728 1437; baseline 0.005 -6"><span class='ocrx_word' id='word_1_1242' title='bbox 2514 1409 2526 1421; x_wconf 79' lang='lat'>&#39;¹</span> <span class='ocrx_word' id='word_1_1243' title='bbox 2536 1409 2594 1437; x_wconf 81' lang='lat' dir='ltr'>Cap.</span> <span class='ocrx_word' id='word_1_1244' title='bbox 2605 1415 2644 1431; x_wconf 75' lang='lat' dir='ltr'>xiv</span> <span class='ocrx_word' id='word_1_1245' title='bbox 2659 1413 2682 1432; x_wconf 90' lang='lat' dir='ltr'>et</span> <span class='ocrx_word' id='word_1_1246' title='bbox 2693 1410 2728 1432; x_wconf 84' lang='lat' dir='ltr'>ul-</span> 
     </span>
     <span class='ocr_line' id='line_1_169' title="bbox 2514 1435 2725 1464; baseline 0.005 -7"><span class='ocrx_word' id='word_1_1247' title='bbox 2514 1435 2581 1457; x_wconf 85' lang='lat' dir='ltr'>timo.</span> <span class='ocrx_word' id='word_1_1248' title='bbox 2602 1435 2725 1464; x_wconf 83' lang='lat' dir='ltr'>Supplem.</span> 
     </span>
     <span class='ocr_line' id='line_1_170' title="bbox 2515 1462 2709 1485; baseline 0.005 -1"><span class='ocrx_word' id='word_1_1249' title='bbox 2515 1462 2588 1484; x_wconf 77' lang='lat' dir='ltr'>Caiet.</span> <span class='ocrx_word' id='word_1_1250' title='bbox 2599 1463 2651 1485; x_wconf 85' lang='lat' dir='ltr'>leet.</span> <span class='ocrx_word' id='word_1_1251' title='bbox 2663 1469 2709 1485; x_wconf 83' lang='lat' dir='ltr'>xm.</span> 
     </span>
    </p>
   </div>
   <div class='ocr_carea' id='block_1_22' title="bbox 2513 1618 2727 1667">
    <p class='ocr_par' dir='ltr' id='par_1_34' title="bbox 2513 1618 2727 1667">
     <span class='ocr_line' id='line_1_171' title="bbox 2513 1618 2727 1642; baseline 0.009 -2"><span class='ocrx_word' id='word_1_1252' title='bbox 2513 1619 2523 1629; x_wconf 86' lang='grc'><em>·</em></span> <span class='ocrx_word' id='word_1_1253' title='bbox 2531 1618 2669 1641; x_wconf 63' lang='lat' dir='ltr'>Aristonem</span> <span class='ocrx_word' id='word_1_1254' title='bbox 2698 1625 2727 1642; x_wconf 82' lang='lat' dir='ltr'>ex</span> 
     </span>
     <span class='ocr_line' id='line_1_172' title="bbox 2514 1644 2584 1667; baseline -0.014 0"><span class='ocrx_word' id='word_1_1255' title='bbox 2514 1644 2584 1667; x_wconf 82' lang='lat' dir='ltr'>codd.</span> 
     </span>
    </p>
   </div>
   <div class='ocr_carea' id='block_1_23' title="bbox 2513 1781 2653 1804">
    <p class='ocr_par' dir='ltr' id='par_1_35' title="bbox 2513 1781 2653 1804">
     <span class='ocr_line' id='line_1_173' title="bbox 2513 1781 2653 1804; baseline 0 0"><span class='ocrx_word' id='word_1_1256' title='bbox 2513 1781 2653 1804; x_wconf 71' lang='lat' dir='ltr'>Ale-ander.</span> 
     </span>
    </p>
   </div>
  </div>
 </body>
</html>
