2548 4192
198 278 352 304 CLXXVIII

199 346 406 383 continentia,
433 355 474 375 ex
496 355 559 386 qua
573 345 619 386 fit
642 351 677 376 ut
700 346 773 375 licet
791 345 883 375 homo
903 344 1132 374 immoderatas
1155 353 1270 374 concu-

193 391 370 430 piscentias
387 391 554 430 patiatur,
587 390 736 420 voluntas
759 394 865 419 tamen
890 398 953 418 non
979 389 1138 418 vincatur.
1171 388 1270 428 Atqui

198 444 274 464 vero
299 436 464 465 continens
487 433 587 464 homo
612 443 678 463 non
701 433 855 470 vincitur,
881 442 955 462 cum
978 431 1114 462 liberum
1138 441 1270 462 consen-

199 488 272 508 sum
294 478 406 509 retinet
427 478 622 518 liberamque
645 487 711 507 non
735 477 841 516 prodit
863 476 896 505 in
920 476 1104 506 electionem
1138 476 1270 507 delecta-

197 522 303 554 tionis.

269 580 283 594 a
303 566 497 604 Quaestione
512 576 532 595 v
551 565 590 595 de
613 565 715 601 Malo,
741 571 796 594 art.
813 574 844 593 rv
868 564 907 593 ad
931 570 1098 594 octavum:
1124 564 1188 595 Sed
1210 574 1271 604 po-

201 623 216 638 »
238 613 317 642 steri
334 611 402 640 eius
417 614 621 640 morerentur
628 613 765 648 propter
775 613 945 648 peccatum
963 608 1134 649 originale.
1150 609 1271 639 Textus

202 668 217 682 2
239 655 296 685 iste
321 660 463 685 censetur
479 664 496 683 a
511 652 701 683 Bellarmino
719 651 924 682 Controvers.
943 658 1034 682 tomo
1053 652 1093 682 111
1113 653 1153 683 de
1166 653 1270 683 Amis-

201 711 216 725 ›
238 700 327 730 sione
348 698 493 738 gratiae,
519 697 599 727 libro
616 697 670 734 lv,
691 696 792 736 capite
810 706 881 734 xm,
906 696 939 726 in
955 695 1029 735 fine,
1053 696 1096 727 sic
1114 697 1270 737 corrigen-

201 755 216 770 »
239 743 314 773 dus:
340 742 404 772 Sed
421 742 544 781 posteri
563 741 631 771 eius
651 750 714 771 non
731 746 937 771 morerentur
950 746 1087 781 propter
1099 746 1269 782 peccatum

201 798 215 813 ι»
238 786 436 827 originale.»
464 786 626 825 Integrum
656 784 762 825 accipe
793 791 914 815 textum
942 785 1106 816 Thomae:
1131 785 1167 815 Si
1189 795 1270 826 ergo

198 832 315 872 aliquis
338 840 380 860 ex
396 831 537 870 posteris
560 829 664 860 Adam
684 834 861 869 peccasset,
887 839 923 859 eo
943 827 1098 872 (Adamo)
1119 840 1182 860 non
1192 839 1269 870 pec-

198 881 301 913 cante,
326 879 508 904 moreretur
530 873 657 914 quidem
671 879 809 914 propter
831 883 925 904 suum
940 879 1108 921 peccatum
1129 874 1268 911 actuale,

197 922 279 951 sicut
301 919 404 949 Adam
430 923 576 949 mortuus
600 923 664 949 est:
686 919 743 949 sed
755 919 880 958 posteri
898 919 968 949 eius
987 911 1134 961 (alicuius
1153 928 1270 958 nempe

198 975 235 995 ex
257 964 345 994 Adae
368 962 517 1003 posteris,
542 962 598 1003 qui
621 961 794 1005 peccasset)
823 968 1028 993 morerentur
1044 969 1181 1004 propter
1192 973 1269 1003 pec-

198 1014 304 1039 catum
328 1007 501 1048 originale.
526 1006 671 1037 Dubium
694 1007 807 1047 ingerit
828 1007 1049 1046 Bellarminus,
1074 1018 1114 1038 an
1138 1007 1270 1038 fortasse

199 1058 366 1092 corruptus
389 1051 441 1082 hic
464 1051 555 1082 locus
578 1051 639 1082 dici
664 1049 794 1082 debeat?
817 1052 892 1082 Non
916 1058 1032 1090 censet,
1049 1062 1106 1082 nec
1126 1062 1269 1092 pronun-

198 1097 258 1128 ciat
288 1096 511 1136 corrigendum
537 1105 615 1126 esse.
640 1096 743 1127 Verba
762 1096 830 1126 eius
849 1102 939 1126 sunt:
964 1110 977 1124 α
991 1095 1183 1127 Communis
1199 1106 1269 1126 sen-

200 1154 214 1168 »
237 1140 334 1172 tentia
357 1147 414 1177 est,
438 1141 464 1170 si
487 1140 609 1180 primus
633 1140 734 1171 homo
758 1151 825 1171 non
843 1147 1013 1181 peccasset,
1029 1141 1084 1182 qui
1099 1141 1198 1171 totius
1214 1151 1270 1171 na-

200 1198 214 1213 »
237 1192 326 1216 turae
349 1194 520 1225 personam
542 1185 679 1224 gerebat,
703 1194 910 1225 quocumque
934 1185 996 1215 alio
1020 1191 1180 1225 peccante,
1197 1195 1268 1225 pec-

201 1242 215 1257 »
239 1236 346 1260 catum
365 1229 460 1259 fuisse
479 1229 645 1269 personale
660 1236 690 1260 et
703 1229 905 1269 particulare:
922 1236 953 1260 et
966 1229 1038 1260 ideo
1054 1230 1270 1270 posteritatem

200 1287 215 1302 ›
239 1274 306 1305 eius
330 1273 415 1304 infici
443 1280 473 1305 et
496 1273 596 1304 vitiari
629 1273 761 1303 minime
791 1274 943 1314 potuisse.
977 1274 1110 1304 Videtur
1139 1274 1270 1314 quidem

201 1332 216 1346 »
240 1329 263 1349 s.
273 1318 418 1348 Thomas
442 1318 635 1348 contrarium
657 1318 794 1348 indicare
817 1328 871 1358 qu.
887 1328 907 1347 v
930 1318 970 1348 de
988 1318 1091 1355 Malo,
1108 1325 1163 1348 art.
1176 1329 1208 1348 1v
1231 1319 1271 1348 ad

201 1375 216 1390 »
239 1363 296 1394 ult.
322 1362 383 1393 Sed
406 1361 537 1393 fortasse
557 1369 723 1402 corruptus
748 1369 794 1392 est
816 1362 842 1392 is
866 1362 966 1392 locus.
980 1374 995 1389 »
1022 1362 1109 1393 Vitio
1129 1363 1270 1393 laborare

198 1414 321 1439 textum
356 1406 414 1437 sibi
446 1406 591 1446 colligere
624 1416 718 1446 posse
750 1406 898 1436 nonnulli
925 1406 1072 1437 videntur
1102 1417 1140 1437 ex
1170 1407 1270 1447 ipsius

199 1451 366 1493 Aquinatis
381 1451 533 1489 doctrina,
554 1450 609 1491 qui
624 1461 689 1490 par.
702 1450 740 1489 11,
757 1461 811 1491 qu.
827 1460 930 1489 Lxxxx,
941 1457 996 1481 art.
1012 1461 1035 1480 n
1053 1451 1160 1482 tradit:
1181 1451 1270 1481 Tum

200 1496 390 1537 impossibile
414 1505 491 1533 esse,
516 1495 601 1536 quod
619 1496 729 1535 aliqua
746 1500 882 1535 peccata
900 1496 1128 1535 proximorum
1146 1505 1269 1535 paren-

200 1548 266 1572 tum
292 1541 342 1571 vel
360 1541 454 1571 etiam
473 1545 607 1580 peccata
617 1540 719 1580 primi
735 1540 885 1579 parentis
894 1545 1030 1580 praeter
1038 1541 1194 1579 primum,
1207 1549 1271 1579 per

200 1586 358 1626 originem
376 1584 608 1615 traducantur:
623 1590 693 1614 tum
709 1584 776 1614 alia
785 1589 921 1624 peccata
937 1584 1092 1622 actualia,
1109 1585 1159 1615 vel
1169 1584 1271 1624 primi

194 1631 344 1671 parentis
367 1630 418 1660 vel
435 1629 585 1666 aliorum,
607 1638 669 1658 non
690 1637 897 1668 corrumpere
915 1634 1088 1666 naturam,
1113 1634 1269 1669 quantum

200 1675 244 1706 ad
266 1674 299 1705 id
321 1673 406 1714 quod
434 1678 572 1703 naturae
595 1677 657 1710 est,
682 1672 739 1703 sed
759 1673 864 1703 solum
888 1678 1044 1714 quantum
1068 1673 1112 1704 ad
1135 1673 1168 1704 id
1186 1673 1271 1714 quod

192 1728 355 1759 personae
379 1723 435 1755 est,
461 1717 541 1748 idest
562 1716 737 1747 secundum
756 1718 953 1758 pronitatem
973 1717 1017 1748 ad
1035 1723 1162 1749 actum:
1186 1717 1272 1748 unde

199 1764 265 1794 alia
283 1767 418 1803 peccata
443 1772 506 1792 non
531 1761 668 1792 traduci.

264 1807 387 1838 Vitium
418 1806 646 1843 nihilominus,
678 1806 768 1846 quod
797 1805 954 1846 irrepserit
978 1806 1012 1836 in
1035 1812 1174 1844 textum,
1203 1816 1270 1836 non

197 1858 402 1892 agnoscentes
426 1850 488 1888 alii,
513 1850 701 1891 opinionem
723 1850 822 1881 hocce
845 1850 879 1880 in
902 1850 976 1881 loco
999 1851 1147 1881 traditam
1166 1850 1269 1881 existi-

198 1903 287 1927 mant
312 1895 349 1926 ab
370 1895 529 1935 Aquinate
544 1894 696 1934 sapientia
710 1905 746 1925 ac
762 1901 861 1925 aetate
877 1895 1075 1935 provectiore
1091 1902 1270 1926 revocatam

197 1941 293 1971 fuisse
310 1941 342 1970 in
359 1940 491 1970 Summa
516 1939 718 1980 Theologica.
743 1939 902 1970 Neutrum
920 1939 1034 1970 arridet
1052 1939 1129 1970 aliis.
1149 1940 1194 1970 lo.
1209 1939 1270 1970 Ba-

198 1985 310 2026 ptistae
342 1984 448 2015 Gonet
469 1983 564 2014 verba
587 1983 688 2014 refero
712 1983 792 2023 disp.
813 1994 856 2014 vn
880 1983 920 2014 de
933 1984 1067 2015 Peccata
1093 1984 1268 2025 originali,

198 2036 254 2060 art.
270 2040 312 2067 ιν,
333 2039 387 2069 qu.
404 2039 455 2066 111,
480 2038 569 2058 num.
586 2027 648 2058 68:
677 2041 691 2056 κ
709 2027 771 2058 Sed
794 2028 908 2058 melius
931 2028 1140 2068 respondetur
1162 2028 1271 2068 ipsum

201 2087 216 2102 x·
239 2071 442 2116 (Thomam)
473 2072 564 2113 loqui
597 2082 663 2102 non
695 2082 731 2102 ex
758 2072 788 2102 vi
813 2072 890 2112 legis
914 2072 952 2103 de
981 2073 1064 2103 facto
1096 2079 1229 2103 statutae
1253 2083 1270 2102 a

201 2130 216 2145 »
238 2118 330 2155 Deo;
353 2117 408 2147 sed
431 2126 468 2147 ex
491 2116 522 2146 vi
546 2116 672 2147 alterius
695 2116 821 2154 decreti,
846 2117 935 2157 quod
957 2117 1160 2157 probabiliter
1179 2123 1270 2148 autu—

201 2175 216 2190 »
239 2168 305 2192 mat
327 2161 434 2192 Deum
457 2161 490 2191 in
513 2160 566 2190 illa
589 2160 759 2201 hypothesi
783 2161 977 2192 habiturum.
1001 2162 1085 2192 Nam
1106 2161 1179 2192 satis
1196 2171 1270 2202 pro-

200 2219 215 2235 »
238 2206 340 2237 babile
369 2212 399 2236 et
421 2204 589 2235 verisimile
617 2211 663 2235 est
686 2204 790 2246 quod,
812 2205 997 2236 decernente
1016 2206 1085 2236 Deo
1114 2216 1181 2236 non
1200 2215 1271 2246 per-

200 2264 215 2279 »
238 2250 361 2281 mittere
389 2256 555 2290 peccatum
578 2249 611 2279 in
634 2249 761 2279 Adamo
795 2256 826 2281 et
849 2250 1028 2290 permittere
1051 2250 1084 2280 in
1104 2250 1171 2281 eius
1187 2249 1270 2287 filio,

201 2307 215 2323 »
239 2300 468 2335 consequenter
491 2294 670 2324 decerneret
695 2293 791 2324 talem
817 2293 922 2324 filium
939 2294 1056 2324 Adami
1081 2294 1271 2325 constituere

200 2352 215 2367 »
239 2346 334 2379 caput
357 2338 476 2369 morale
501 2347 635 2368 suorum
658 2338 935 2369 descendentium:
961 2348 1036 2369 cum
1059 2339 1138 2369 ratio
1161 2338 1271 2379 capitis

201 2397 216 2412 »
239 2383 367 2414 moralis
391 2382 567 2423 potentiam
591 2382 630 2412 ad
654 2382 942 2414 transfundendum
972 2383 1005 2414 in
1029 2390 1174 2423 posteros
1198 2393 1271 2424 pec-

202 2441 217 2457 »
240 2434 347 2458 catum
376 2427 426 2457 vel
454 2426 641 2466 originalem
673 2427 842 2465 iustitiam,
867 2434 964 2468 prout
1001 2427 1061 2468 ipsi
1097 2427 1270 2468 placuerit,

203 2485 217 2500 ›
240 2472 400 2512 importet.
426 2470 600 2510 Supposito
625 2477 732 2502 autem
756 2471 818 2502 hoc
842 2472 978 2509 decreto,
996 2472 1063 2503 sine
1083 2472 1181 2503 dubio
1198 2482 1271 2512 pec-

203 2529 218 2544 ιν
242 2523 348 2547 catum
371 2515 454 2545 illius
478 2515 511 2544 in
534 2514 612 2545 istos
635 2515 872 2546 descenderet.»
899 2516 1021 2547 Eadem
1045 2523 1091 2547 est
1119 2516 1273 2548 sententia

203 2559 343 2592 Conradi
367 2559 494 2590 Koellin
519 2558 551 2588 in
575 2568 640 2599 par.
658 2559 696 2595 11,
713 2569 766 2600 qu.
778 2568 880 2598 Lxxxt,
896 2567 952 2590 art.
969 2571 1001 2592 n.
1025 2561 1117 2598 Quae
1137 2571 1212 2591 cum
1230 2561 1273 2591 ita

202 2615 236 2636 se
259 2605 404 2641 habeant,
429 2610 550 2634 textum
573 2603 671 2634 sancti
685 2603 832 2634 Thomae
849 2604 1002 2644 corrigere
1035 2611 1090 2635 aut
1104 2605 1274 2636 immutare

202 2659 269 2680 non
292 2649 375 2686 licet,
399 2654 435 2679 ut
457 2647 616 2687 integrum
639 2647 755 2689 cuique
781 2648 820 2679 sit
839 2658 910 2678 earn
942 2649 1088 2688 amplecti
1104 2649 1274 2680 lectionem

203 2700 234 2724 et
257 2692 462 2731 sententiam,
486 2701 568 2732 quae
596 2692 695 2723 menti
724 2703 748 2722 s.
764 2692 911 2723 Doctoris
934 2693 1035 2733 magis
1064 2703 1207 2724 consona
1229 2692 1274 2723 vi-

203 2738 322 2769 deatur.

270 2780 404 2812 Felicior
414 2787 460 2811 est
470 2780 617 2811 Lucarini
628 2780 870 2817 animadversio,
881 2791 963 2822 quae
974 2780 1130 2821 sequitur:
1145 2794 1159 2809 ‹
1169 2781 1274 2818 Quae-

206 2840 221 2855 »
244 2826 346 2857 stione
362 2835 404 2855 vn
421 2825 460 2856 de
475 2825 577 2863 Malo,
602 2831 658 2855 art.
681 2836 702 2855 11
727 2825 766 2855 ad
787 2825 834 2855 16.
855 2825 911 2855 Illa
925 2825 1004 2856 ratio
1020 2835 1086 2855 non
1101 2825 1273 2863 concludit,

205 2884 220 2899 »
244 2869 404 2912 (Thomae
428 2869 524 2900 verba
547 2868 639 2911 sunt)
659 2869 749 2910 quod
772 2876 938 2909 peccatum
961 2869 1083 2900 veniale
1106 2869 1139 2900 in
1158 2870 1273 2909 Purga-

205 2929 219 2944 ι»
242 2915 325 2946 torio
345 2924 411 2944 non
431 2913 617 2952 remittatur,
636 2914 693 2944 sed
711 2913 796 2954 quod
813 2915 920 2944 statim
938 2914 980 2945 ibi
995 2923 1058 2945 non
1079 2915 1272 2945 remittatur.

207 2973 221 2988 »
245 2958 335 2999 Legit
345 2958 471 2999 Sylvius
486 2958 527 2988 111
538 2968 583 2998 p.,
594 2968 648 2998 qu.
664 2968 797 2995 Lxxxvn,
813 2965 868 2988 art.
885 2969 906 2997 r,
922 2965 1042 2999 quaest.
1054 2969 1087 2996 n,
1097 2958 1125 2998 ξ.
1136 2958 1272 2995 Deinde,

207 3017 222 3032 ›
245 3004 409 3034 inhaerens
425 3002 582 3033 veteribus
598 3002 775 3033 codicibus:
794 3002 858 3033 Sed
875 3002 961 3043 quod
978 3003 1085 3033 statim
1105 3003 1148 3033 ibi
1166 3003 1272 3033 remit-

207 3061 222 3076 »
245 3053 334 3078 tatur
352 3045 490 3089 (scilicet
516 3046 623 3087 quoad
646 3053 770 3078 reatum
793 3045 934 3089 culpae).
947 3060 962 3074 »
982 3047 1095 3085 Ratio,
1115 3057 1196 3088 quae
1216 3046 1270 3077 ad-

206 3092 388 3129 ducebatur,
406 3101 444 3121 eo
464 3091 608 3122 innititur
626 3090 799 3132 principio:
820 3091 909 3131 quod
924 3092 957 3122 in
981 3092 1091 3121 anima
1109 3096 1273 3131 separata,

206 3136 257 3167 cui
271 3135 416 3166 imminet
430 3136 540 3166 acerba
549 3135 725 3175 Purgatorii
742 3145 847 3175 poena
863 3145 899 3166 ac
910 3135 1018 3166 dilatio
1028 3135 1110 3166 vitae
1120 3142 1274 3173 aeternae,

205 3181 313 3212 statim
333 3181 494 3210 excitatur
503 3179 642 3220 fervens
655 3180 849 3211 desiderium
855 3179 993 3220 ,·fervor
1006 3185 1114 3210 autem
1130 3180 1276 3222 caritatis

207 3235 270 3256 non
295 3225 487 3264 compatitur
509 3233 615 3254 secum
630 3229 798 3264 peccatum
819 3225 960 3255 veniale:
981 3224 1125 3265 adeoque
1144 3225 1176 3255 in
1194 3224 1275 3255 Pur-

204 3270 335 3310 gatorio
348 3273 499 3309 separata
514 3269 624 3298 anima
638 3269 756 3299 habere
771 3269 896 3300 veniale
910 3278 973 3299 non
984 3273 1107 3309 potest:
1126 3268 1276 3309 idemque

205 3314 338 3344 demum
354 3313 478 3344 veniale
488 3318 657 3353 peccatum
675 3323 738 3343 non
750 3318 857 3353 potest
875 3314 908 3343 in
927 3313 1125 3354 Purgatorio
1143 3313 1273 3344 remitti.

205 3359 280 3388 Non
304 3357 363 3388 alia
385 3357 532 3388 Thomae
556 3363 766 3388 consentanea
789 3357 894 3397 potuit
917 3367 984 3388 esse
1008 3357 1192 3398 responsio,
1216 3356 1275 3388 nisi

206 3402 295 3443 quod
316 3411 352 3432 ea
371 3401 491 3432 ratione
517 3411 582 3432 non
600 3401 799 3432 concluditur
819 3407 984 3442 peccatum
1002 3401 1127 3432 veniale
1146 3402 1178 3432 in
1194 3401 1275 3432 Pur-

205 3447 333 3487 gatorio
353 3455 415 3477 non
433 3446 563 3483 remitti,
581 3446 634 3476 sed
650 3446 735 3486 quod
747 3447 856 3477 statim
873 3446 915 3476 ibi
928 3447 1113 3477 remittatur
1126 3446 1168 3477 ob
1184 3445 1276 3477 illum

207 3490 339 3521 caritatis
363 3490 536 3521 fervorem:
561 3495 591 3521 et
614 3490 688 3528 hoc,
708 3490 828 3531 inquit,
847 3491 927 3522 satis
951 3490 1078 3522 videtur
1095 3490 1275 3531 probabile.

207 3534 361 3564 Eamdem
376 3534 556 3573 lectionem,
572 3535 691 3575 absque
705 3534 858 3575 particula
873 3541 1018 3575 negante,
1041 3534 1277 3575 amplectuntur

927 265 1386 303 DISSERTATIONES
1416 264 1665 302 CRITICAE

1327 342 1515 374 Carmelitae
1530 344 1715 376 Discalceati
1731 345 1992 376 Salmanticenses
2010 347 2051 377 111
2066 357 2097 387 p.
2090 370 2110 386 .,
2125 354 2246 388 quaest.
2263 357 2397 384 Lxxxvn,

1326 387 1463 418 artic.1v
1485 387 1518 418 in
1543 388 1796 428 Commentario,
1821 400 1956 421 numero
1986 400 2033 421 12.

1394 431 1446 462 111.
1477 432 1618 472 Spongia
1644 433 1764 474 indiget
1791 434 1934 465 eiusdem
1965 435 2125 475 scriptoris
2155 435 2399 473 animadversio,

1326 485 1425 516 quam
1439 483 1603 516 postremo
1618 477 1691 508 loco
1708 479 1748 508 ad
1762 488 1893 509 examen
1908 489 2001 510 voco.
2018 480 2120 510 Verba
2135 487 2224 510 sunt:
2249 493 2263 507 «
2274 480 2338 517 Qu.
2346 489 2402 509 xm

1329 532 1344 547 »
1366 520 1406 551 de
1415 521 1517 558 Malo,
1530 521 1615 552 artic.
1626 532 1658 551 VI
1668 522 1708 552 ad
1721 532 1750 560 2,
1760 522 2051 554 Ecclesiasticixxrx
2066 522 2109 566 (v.
2126 523 2190 566 1o):
2206 524 2306 554 Multi
2320 533 2396 554 vero

1328 577 1343 591 »
1366 574 1466 595 causa
1483 566 1678 606 nequitiae.»
1696 567 1779 606 Lege
1798 567 1885 598 iuxta
1903 567 2090 607 Vulgatam:
2115 569 2215 599 Multi
2235 578 2311 599 vero
2336 578 2399 598 non

1326 618 1425 639 causa
1455 611 1624 650 nequitiae.
1654 611 1816 651 Integrum
1843 611 1971 651 profero
2000 618 2138 642 textum:
2173 626 2188 641 ‹
2207 612 2398 650 Dicendum,

1328 665 1343 680 »
1366 653 1455 693 quod
1469 653 1651 694 foenerare
1674 655 1869 696 quandoque
1887 656 1971 696 large
1991 656 2143 696 accipitur
2161 666 2220 696 pro
2235 662 2397 694 mutuare,

1329 709 1344 724 »
1367 703 1403 727 ut
1417 703 1503 737 patet
1517 698 1726 729 Ecclesiastici
1739 707 1821 729 xxrx:
1837 700 1937 730 Multi
1953 709 2028 730 vero
2043 710 2142 731 causa
2158 702 2319 741 nequitiae
2333 710 2397 731 non

1328 753 1342 767 »
1354 740 1527 781 foenerati
1544 747 1630 780 sunt,
1646 742 1737 781 idest,
1754 753 1817 774 non
1833 749 2100 775 mutuaverunt.»
2119 745 2171 775 Ad
2185 745 2270 775 hunc
2286 745 2397 775 locum

1325 785 1456 815 adnotat
1479 785 1649 816 Cornelius
1672 796 1691 816 a
1714 787 1834 827 Lapide
1853 788 2028 818 nonnullos
2051 789 2155 819 delere
2178 789 2281 829 prius,
2303 789 2400 826 Non,·

1325 828 1421 867 alios,
1441 830 1608 869 posterius.
1639 830 1760 861 Textus
1791 841 1921 870 graecus
1949 832 2134 863 auctoritate
2157 832 2233 863 Sixti
2257 833 2286 864 V
2313 833 2398 874 typis

1325 873 1428 903 editus
1456 874 1578 904 Romae
1608 884 1693 904 anno
1723 874 1804 916 1587
1834 875 1886 905 sic
1906 875 2021 906 habet.
2054 876 2174 907 πολλοὶ
2207 874 2307 921 χάριν
2339 887 2400 908 πο-

1324 918 1453 960 νηρίας,
1474 919 1574 948 Multi
1597 927 1696 949 causa
1720 920 1891 959 nequitiae.
1922 919 2066 960 Itemque
2094 921 2194 951 codex
2216 921 2399 951 Alexandri-

1324 970 1402 992 nus:
1428 961 1548 992 πολλοὶ
1575 959 1632 993 ουν
1658 959 1756 1006 χάριν
1783 964 1963 1007 πονηρίας,
1985 964 2085 994 Multi
2103 965 2211 1005 itaque
2228 974 2327 996 causa
2347 975 2400 996 ne-

1324 1007 1453 1047 quitiae.
1472 1007 1564 1037 Hanc
1578 1007 1748 1038 lectionem
1763 1008 1907 1048 pluribus
1922 1008 2039 1048 graecis
2054 1008 2217 1039 codicibus
2233 1008 2400 1039 confirmat

1324 1051 1477 1084 Drusius:
1495 1051 1646 1092 additque
1663 1052 1787 1083 codices
1807 1052 1923 1083 latinos
1940 1059 2069 1090 exstare,
2081 1059 2159 1083 teste
2175 1052 2332 1090 lansenio,
2343 1053 2400 1094 qui

1324 1095 1512 1135 particulam
1526 1103 1696 1136 negantem
1711 1106 1777 1126 non
1792 1097 1918 1127 habent.
1940 1097 1975 1127 In
1989 1097 2117 1137 vulgata
2131 1097 2285 1137 legimus:
2301 1097 2403 1128 Multi

1325 1150 1388 1170 non
1405 1150 1504 1170 causa
1520 1142 1681 1181 nequitiae
1696 1151 1759 1171 non
1764 1140 1936 1182 foenerati
1949 1147 2037 1179 sunt,
2054 1142 2111 1172 sed
2116 1141 2280 1182 fraudari
2292 1142 2402 1183 gratis

1325 1185 1511 1215 timuerunt.
1545 1185 1662 1216 Sensus
1686 1192 1748 1216 est:
1774 1185 1895 1216 multos
1919 1195 2003 1224 esse,
2023 1186 2079 1227 qui
2103 1196 2121 1216 a
2144 1193 2260 1216 mutuo
2292 1186 2399 1216 dando

1324 1228 1505 1267 abhorrent,
1523 1239 1586 1260 non
1604 1239 1704 1260 causa
1714 1230 1840 1270 quidem
1860 1231 2021 1271 nequitiae
2037 1240 2093 1261 seu
2114 1240 2262 1270 perverso
2277 1230 2398 1268 animo;

1325 1273 1380 1303 sed
1403 1283 1442 1303 eo
1466 1274 1556 1314 quod
1567 1273 1733 1315 fraudari
1756 1275 1874 1315 gratis,
1895 1275 1976 1305 idest
1994 1275 2082 1305 nulla
2101 1285 2157 1315 spe
2176 1274 2399 1313 emolumenti,

1325 1327 1380 1348 seu
1405 1317 1512 1358 potius
1536 1318 1625 1348 nulla
1647 1318 1721 1349 satis
1744 1318 1860 1349 idonea
1883 1319 2046 1349 metuendi
2076 1329 2185 1356 causa,
2210 1320 2398 1350 timuerunt.

1324 1364 1367 1392 At
1394 1372 1522 1401 graecae
1554 1363 1698 1393 lectionis
1728 1373 1838 1394 sensus
1868 1363 1975 1403 prodit
2000 1363 2120 1394 multos
2144 1373 2200 1404 per
2222 1363 2400 1404 nequitiam

1325 1413 1461 1436 avertere
1481 1416 1514 1437 se
1532 1417 1551 1437 a
1569 1413 1685 1438 mutuo
1705 1407 1811 1438 dando
1837 1408 2027 1448 petentibus.
2054 1408 2122 1438 Iam
2140 1414 2226 1448 patet
2253 1414 2400 1438 sanctum

1324 1450 1489 1480 Thomam
1513 1461 1572 1481 suo
1596 1451 1629 1481 in
1654 1452 1762 1482 codice
1786 1458 1908 1482 textum
1931 1453 2033 1492 legere
2063 1453 2182 1493 absque
2211 1452 2316 1492 priore
2344 1461 2398 1482 ne-

1324 1501 1417 1533 gante
1436 1495 1589 1534 particula
1608 1495 1750 1535 potuisse
1774 1502 1829 1526 aut
1849 1506 1992 1536 graecam
2012 1497 2119 1538 ipsum
2140 1503 2314 1537 sequutum
2333 1506 2400 1526 esse

1324 1538 1505 1569 lectionem.
1526 1539 1594 1570 Cur
1610 1549 1685 1579 ergo
1702 1540 1878 1571 Lucarinus
1893 1541 2000 1571 iubeat
2020 1541 2192 1582 legendum
2220 1550 2288 1572 esse
2307 1542 2399 1571 iuxta

1331 1583 1502 1624 Vulgatam
1512 1583 1531 1614 ?
1546 1584 1690 1624 Utroque
1707 1585 1806 1614 modo
1822 1591 1924 1615 textus
1939 1585 1991 1615 ille
2002 1585 2027 1615 si
2042 1585 2196 1624 efferatur,
2212 1585 2311 1616 menti
2322 1594 2400 1616 con-

1325 1634 1418 1658 sonat
1441 1627 1541 1659 sancti
1564 1627 1723 1658 Doctoris.

1391 1671 1555 1702 variantes
1579 1672 1765 1702 huiusmndi
1788 1672 1940 1703 lectiones
1970 1683 1988 1703 a
2019 1673 2149 1703 Thoma
2171 1672 2327 1703 adhibitas
2347 1672 2400 1703 ad-

1325 1723 1415 1746 notat
1433 1716 1506 1746 alibi
1526 1725 1618 1757 saepe
1641 1717 1834 1755 Lucarinus;
1855 1717 2033 1758 meliusque
2050 1717 2215 1748 consultus
2231 1724 2298 1747 non
2313 1716 2402 1748 iubet

1325 1760 1535 1800 corrigendas.
1543 1761 1581 1791 V.
1593 1771 1623 1801 g.
1636 1762 1647 1791 I
1659 1771 1703 1801 p.,
1719 1771 1773 1802 qu.
1785 1771 1887 1799 mxiv,
1898 1768 1953 1792 art.
1963 1772 2008 1800 ιιι,
2020 1771 2084 1802 arg.
2097 1762 2126 1799 5,
2137 1762 2231 1792 verba
2239 1761 2401 1792 Geneseos

1325 1815 1392 1845 cap.
1416 1815 1424 1834 1
1454 1805 1547 1835 refert
1570 1805 1733 1846 Aquinas:
1757 1806 1852 1836 Dixit
1873 1807 1974 1842 Deus,
1990 1806 2059 1847 fiat
2076 1806 2346 1847 firmamentum:
2368 1810 2399 1836 et

1314 1848 1447 1890 factum
1472 1855 1519 1880 est
1542 1850 1597 1880 ita.
1622 1850 1746 1890 Nempe
1769 1850 1904 1881 lectione
1924 1850 1991 1881 τῶν
2012 1860 2067 1891 70,
2085 1850 2201 1881 fatente
2226 1857 2256 1881 et
2274 1850 2402 1881 vidente

1325 1893 1495 1932 Lucarino,
1519 1894 1618 1925 utitur
1635 1894 1705 1924 ille:
1726 1894 1842 1925 desunt
1859 1904 1935 1925 vero
1954 1895 1988 1925 in
2006 1894 2144 1934 Vulgata
2166 1895 2260 1925 verba
2283 1894 2348 1932 illa,
2367 1899 2398 1937 et

1324 1982 1471 2013 Thomae
1494 1982 1585 2013 locus
1607 1982 1689 2013 libro
1710 1983 1752 2014 1v
1771 1990 1881 2014 contra
1904 1983 2032 2022 Gentes,
2053 1983 2154 2024 capite
2176 1993 2251 2021 xvn,
2271 1992 2362 2014 num.
2381 1992 2399 2013 2

1325 2026 1380 2056 ubi
1404 2026 1448 2057 sic
1471 2026 1532 2058 ait:
1561 2040 1576 2055 ι
1594 2027 1678 2058 Dicit
1701 2027 1787 2057 enim
1810 2028 1988 2068 Apostolus
2011 2027 2205 2068 Philippens.
2225 2037 2260 2058 111
2283 2025 2328 2070 (v.
2350 2025 2400 2070 3):

1328 2083 1342 2098 ›
1365 2071 1434 2101 Nos
1455 2081 1568 2102 sumus
1596 2073 1814 2109 circumcisio,
1834 2073 1890 2112 qui
1913 2072 2050 2113 Spiritui
2068 2072 2145 2103 Deo·
2155 2073 2329 2103 ’ser-vimus.
2359 2071 2403 2102 Et

1328 2127 1342 2142 ι»
1365 2115 1438 2146 licet
1455 2115 1588 2156 quidam
1607 2115 1678 2146 libri
1700 2115 1846 2154 habeant,
1866 2117 1922 2157 qui
1940 2117 2063 2157 Spiritu
2082 2116 2215 2147 Domini
2231 2114 2296 2158 (vel
2318 2113 2402 2159 Dei')

1328 2172 1342 2187 »
1364 2161 1540 2191 servimus:
1558 2167 1665 2190 tamen
1684 2160 1786 2200 graeci
1810 2160 1880 2190 libri
1899 2167 1930 2191 et
1948 2160 2144 2201 antiquiores
2162 2159 2251 2191 latini
2269 2160 2401 2198 habent,

1328 2216 1342 2232 »
1365 2205 1421 2245 qui
1443 2204 1580 2245 Spiritui
1602 2205 1672 2235 Deo
1699 2206 1867 2236 servimus.
1883 2217 1898 2232 ι·
1927 2205 2009 2235 Sunt
2031 2205 2152 2246 absque
2175 2204 2276 2235 dubio
2298 2203 2403 2244 graeei

1325 2248 1460 2286 codices,
1480 2249 1513 2279 in
1533 2249 1649 2290 quibus
1668 2249 1814 2289 legimus,
1836 2246 2008 2291 πνεύματι
2028 2246 2112 2289 fiscii:
2133 2255 2208 2280 sunt
2225 2248 2326 2286 latini,
2345 2247 2404 2290 qui

1326 2292 1453 2331 habent,
1473 2293 1609 2333 Spiritui
1630 2294 1711 2324 Deo.
1741 2294 1823 2324 Sunt
1846 2294 1942 2325 etiam
1964 2293 2067 2334 graeci
2090 2293 2215 2324 codices
2239 2293 2401 2330 habentes,

1326 2334 1498 2379 πνεύματι
1518 2335 1614 2368 θεοῦε
1638 2345 1713 2368 sunt
1736 2338 1831 2369 etiam
1854 2338 1942 2369 latini
1958 2348 2034 2369 cum
2057 2338 2105 2368 his
2126 2337 2246 2375 verbis,
2265 2337 2403 2378 Spiritui

1325 2382 1398 2412 Dei.
1414 2382 1506 2413 Hanc
1521 2382 1742 2423 posteriorem,
1756 2383 1854 2413 veluti
1869 2383 2053 2423 genuinam,
2071 2382 2272 2423 amplectitur
2287 2392 2312 2413 s.
2322 2383 2401 2412 Am-

1326 2426 1451 2457 brosius
1474 2426 1556 2457 libro
1583 2427 1609 2457 11
1634 2427 1673 2457 de
1697 2427 1815 2467 Spiritu
1839 2434 1966 2465 sancto,
1990 2427 2092 2468 capite
2117 2437 2160 2457 vr.
2183 2427 2304 2457 Notam
2326 2435 2404 2457 con-

1327 2471 1395 2502 sule
1427 2477 1547 2502 ascetae
1577 2471 1778 2502 Sammaurei
1810 2471 2006 2502 Benedictini
2044 2471 2184 2502 editoris.
2221 2471 2342 2502 Neutra
2368 2469 2405 2501 in

1327 2515 1454 2566 vulgata
1484 2522 1593 2546 nostra
1616 2516 1753 2546 occurrit
1780 2516 1892 2553 lectio,
1922 2516 1977 2546 sed
2005 2516 2081 2554 ista,
2108 2517 2164 2556 qui
2193 2516 2309 2556 spiritu
2335 2523 2403 2546 ser-

1329 2561 1432 2590 vimus
1455 2560 1535 2591 Deo.
1560 2561 1683 2591 Vocem
1707 2561 1812 2599 illam,
1833 2570 2018 2603 πνευματι,
2043 2570 2125 2601 quae
2144 2559 2240 2590 dandi
2258 2558 2404 2590 auferen-

1329 2603 1436 2644 dique,
1448 2614 1503 2635 seu
1519 2604 1611 2635 tertio
1622 2611 1653 2635 et
1662 2612 1751 2635 sexto
1765 2605 1889 2635 casibus
1903 2604 2086 2636 communis
2101 2611 2148 2634 est
2161 2604 2247 2644 apud
2261 2612 2403 2643 graecos,

1328 2648 1424 2678 latine
1447 2648 1583 2679 reddidit
1604 2655 1695 2679 vetus
1718 2649 1871 2689 interpres
1896 2649 1929 2679 in
1955 2654 2044 2679 sexto
2068 2658 2153 2685 casu,
2173 2647 2230 2688 qui
2255 2646 2403 2678 termina-

1329 2691 1416 2722 tione
1440 2692 1535 2722 latina
1560 2692 1660 2723 differt
1679 2703 1697 2722 a
1716 2702 1789 2723 casu
1814 2693 1920 2723 dandi.
1945 2693 2019 2730 Qua
2042 2693 2081 2722 de
2105 2701 2137 2722 re
2159 2691 2326 2722 Vossium
2332 2690 2403 2731 lage

1329 2736 1410 2766 libro
1430 2736 1470 2766 111
1487 2736 1528 2766 de
1542 2737 1622 2767 Arte
1636 2738 1864 2777 grammatica,
1888 2737 1989 2776 capite
2003 2746 2074 2773 nv,
2090 2742 2121 2766 et
2135 2736 2175 2766 ad
2195 2735 2299 2775 ipsam
2312 2735 2403 2776 quod

1329 2780 1439 2810 attinet
1456 2780 1648 2818 versionem,
1670 2781 1803 2811 consule
1818 2790 1923 2811 sacrae
1944 2780 2123 2820 Scripturae
2146 2779 2341 2820 interpretes.
2366 2779 2402 2810 ln

1328 2824 1455 2863 vulgata
1478 2834 1609 2864 nempe,
1629 2835 1696 2855 non
1720 2824 1883 2855 obiectum
1905 2825 2010 2855 cultus
2037 2833 2117 2854 voce
2145 2823 2199 2854 illa
2229 2820 2401 2866 πνεύματι

1329 2868 1518 2908 explicatur,
1547 2869 1602 2899 sed
1631 2869 1710 2900 ratio
1747 2869 1929 2910 modusque
1963 2868 2085 2907 cultus,
2122 2868 2204 2899 idest
2233 2869 2342 2899 cultus
2369 2869 2402 2898 in

1327 2914 1443 2953 spiritu
1467 2918 1498 2943 et
1525 2914 1669 2944 veritate.

1396 2957 1431 2987 In
1450 2957 1535 2988 hisce
1553 2957 1744 2988 variantibus
1760 2957 1939 2988 Bibliorum
1958 2963 1990 2988 et
2002 2957 2080 2987 sacri
2097 2963 2199 2987 textus
2212 2935 2404 2988 lectionibus

1329 3001 1556 3041 peritissimum
1578 3012 1611 3032 se
1630 3002 1748 3042 passim
1771 3002 1899 3042 praebet
1923 3009 2048 3032 sanctus
2072 3001 2228 3038 Thomas,
2254 3001 2288 3031 in
2314 3010 2402 3032 com-

1328 3045 1488 3076 mentariis
1511 3046 1704 3086 praesertim,
1727 3056 1810 3087 quos
1834 3046 1866 3076 in
1891 3055 1994 3076 sacrae
2014 3045 2191 3086 Scripturae
2214 3045 2313 3076 libros
2335 3045 2402 3077 dn-

1329 3090 1479 3121 cubravit.
1511 3091 1598 3120 Haec
1629 3090 1800 3121 industriae
1827 3100 1862 3121 ac
1891 3090 2070 3130 diligentiae
2094 3089 2162 3120 eius
2186 3089 2280 3120 tribui
2311 3089 2404 3121 debet

1329 3144 1433 3165 sacrae
1457 3134 1643 3165 eruditionis
1672 3142 1760 3175 pars:
1786 3142 1817 3165 at
1840 3134 1918 3165 ferre
1947 3134 2125 3165 subsidium
2156 3133 2252 3164 etiam
2280 3139 2404 3174 poterat

1330 3189 1413 3219 opus
1445 3178 1583 3219 insigne,
1603 3180 1693 3220 quod
1724 3186 1894 3217 nostrates,
1915 3179 2054 3219 Hugone
2087 3179 2126 3209 de
2151 3178 2267 3209 Sancto
2294 3177 2402 3209 Charo

1330 3223 1536 3263 praesidente,
1551 3223 1584 3253 in
1600 3223 1766 3254 Parisiensi
1786 3230 1944 3254 conventu
1961 3223 2176 3254 Saniacobaeo
2193 3221 2400 3262 perfecerunt.

1331 3267 1512 3298 inscribitur
1529 3267 1625 3298 illud:
1641 3268 1744 3299 Sacra
1758 3268 1865 3298 Biblia
1885 3269 2054 3309 recognita
2073 3272 2103 3298 et
2119 3266 2299 3303 emendata,
2319 3265 2400 3296 idest

1329 3322 1350 3342 a
1369 3313 1561 3352 scriptorum
1582 3313 1666 3343 vitiis
1684 3317 1880 3353 expurgata,
1901 3313 2019 3343 additis
2037 3311 2082 3342 ad
2101 3311 2282 3352 marginem
2301 3310 2402 3341 variis

1330 3356 1517 3387 lectionibus
1546 3356 1689 3387 codicum
1721 3366 1796 3387 mss.
1822 3357 2053 3394 hebraeorum,
2077 3363 2272 3397 graecorum
2296 3358 2327 3384 et
2350 3363 2402 3384 νε-

1330 3406 1434 3432 terum
1454 3401 1629 3432 latinorum
1649 3401 1792 3432 codicum
1812 3406 1917 3432 aetate
1933 3400 2046 3432 Caroli
2059 3399 2179 3440 Magni
2195 3399 2400 3438 scriptorum.

1331 3445 1456 3476 Latiore
1480 3455 1627 3476 sermone
1650 3446 1689 3476 de
1712 3445 1770 3476 hac
1794 3445 1971 3476 eruditione
1994 3442 2092 3476 sancti
2120 3442 2266 3474 Thomae
2288 3441 2322 3472 in
2343 3441 2403 3472 alia

1330 3489 1557 3520 Dissertatione
1580 3490 1765 3520 dicendum:
1791 3489 1846 3520 ubi
1869 3494 2013 3520 recentes
2030 3495 2188 3519 censurae
2204 3490 2346 3526 quatuor
2363 3487 2397 3516 in

1334 3533 1442 3575 Opera
1465 3535 1570 3565 sancti
1597 3534 1737 3565 Thomae
1755 3535 1788 3564 in
1812 3535 1944 3574 eiusque
1965 3533 2145 3564 doctrinam
2170 3529 2366 3561 refelluntur.
