2788 4204
87 1946 94 1953 '
110 1929 230 1971 Numiseq.

85 2051 94 2059 ·
109 2050 178 2071 Num.
194 2055 224 2076 ¹7-

87 3137 94 3143 ·
106 3134 175 3155 Num.
187 3135 208 3156 8.

334 234 404 259 102

1080 228 1198 263 PERI
1230 227 1577 263 HERMENEIAS
1607 228 1701 264 LIB.
1733 229 1763 264 II

1022 407 1370 463 LECTIO
1418 408 1837 465 SEPTIMA

1238 530 1337 562 (Cam).
1357 530 1486 555 Caunum
1506 532 1562 556 lect.
1581 531 1612 566 v)

498 615 556 644 AN
579 614 636 643 EX
660 612 987 644 ENUNCIATIONE
1012 613 1218 643 HABENTE
1242 614 1385 644 PLURA
1408 615 1686 647 PRAEDICATA
1711 616 1987 647 CONIUNCTIM
2011 617 2195 648 INFERRE
2221 597 2379 647 LlCEAT

723 673 1087 704 ENUNCIATIONEM
1112 674 1231 710 QUAE
1255 674 1406 705 EADEM
1429 676 1709 707 PRAEDICATA
1731 677 1892 708 DIVISlM
1917 677 2141 708 CONTINET

329 777 467 814 Ἀληθές
493 772 530 807 δέ
557 776 647 808 ἐστιν
672 777 776 807 εἰπεῖν
801 777 898 809 κατὰ
918 778 980 809 τοῦ
999 778 1089 815 τινὸς
1106 780 1163 815 καὶ
1184 779 1311 819 ἁπλῶς,
1332 779 1400 810 οἷον

400 821 459 854 τὸν
485 820 564 854 τινσὶ
590 819 761 865 ἄνθρωπον
782 821 968 864 ἄνθρωπον7
989 821 1009 859 ἦ
1028 822 1087 854 τὸν
1114 823 1192 855 τινά
1206 823 1324 855 λευκὰν
1345 823 1401 855 οἶν-

398 865 526 910 θρωπον
556 864 729 910 ἄνθρωπον
754 866 884 898 λευκόν·
912 867 971 898 οὐκ
999 867 1049 899 ἀεὶ
1075 862 1124 898 δέ.

325 911 414 942 Ἀλλ’
446 909 528 942 ὅταν
556 909 614 952 μὲν
642 910 674 941 ἐν
693 912 741 951 τῷ
761 911 986 955 προσκειμένῳ
1013 913 1078 944 τῶν
1107 911 1345 955 ἀντικειμένων
1364 925 1399 945 τι

624 954 634 964 .

396 954 583 998 ἑνυποίρχῃ,
612 967 634 996 ῳ
661 953 784 987 ἕπεται
819 956 1018 999 ἀντίφασις,
1045 957 1104 988 οὐκ
1133 956 1273 998 ἀληθές,
1310 957 1400 989 ἀλλσί

395 995 525 1042 ψεῦδος,
544 1000 610 1030 οἷον
629 998 690 1031 τὸν
709 999 882 1033 τεθνεῶτα
902 1000 1075 1044 ἄνθρωπον
1095 1000 1267 1044 ἄνθρωπον
1279 1002 1397 1033 εἰπεῖν·

396 1043 479 1076 ὅταν
506 1040 543 1076 δὲ
568 1043 614 1088 μή
640 1044 828 1089 ἐνυπάρχῃ,
857 1045 991 1083 ἀληθές,

318 1088 366 1119 ’“Η
392 1087 475 1120 ὅταν
502 1088 560 1134 μὲν
585 1088 774 1134 ἐνυπάρχῃ,
795 1091 846 1122 ἀεὶ
865 1091 924 1122 οὐκ
945 1089 1079 1127 ἀληθές·
1107 1089 1191 1122 ὅταν
1209 1085 1246 1122 δὲ
1263 1090 1310 1135 μή
1329 1091 1399 1122 ἐνυ-

395 1132 524 1178 ποίρχῃ,
552 1134 611 1165 οὐκ
639 1134 690 1166 ἀεὶ
710 1133 843 1174 ἀληθές,
863 1134 986 1178 ὥσπερ,
1004 1133 1149 1178 ’Ὅμηρός
1168 1136 1241 1167 ἐστί
1260 1147 1306 1176 τι,
1328 1136 1396 1167 οἷον

395 1178 554 1216 ποιητής·
585 1176 635 1220 αἶρ’
667 1176 722 1211 οὖν
748 1181 805 1210 καὶ
833 1179 937 1220 ἔστιν,
964 1179 985 1216 ἦ
1013 1179 1069 1219 οὔ;

326 1222 422 1255 navo&
452 1223 661 1268 συμβεβηκὸς
699 1223 764 1269 γοὶρ
799 1228 1048 1270 κατηγορεῖται
1081 1225 1143 1255 τοῦ
1173 1224 1318 1268 Ὀμήρου
1355 1225 1395 1256 τὸ

394 1267 480 1298 ἔστι·
506 1267 559 1300 ὅτι
575 1268 639 1314 γοὶρ
662 1267 807 1305 ποιητής
835 1269 941 1309 ἐστιν,
971 1269 1044 1300 ἀλλ’
1068 1269 1104 1300 ού
1130 1268 1207 1300 καθ’
1231 1269 1319 1301 αὐτὸ
1335 1281 1397 1301 κοι-

394 1316 595 1358 τηγορεῖται
619 1313 715 1345 κατὰ
739 1314 802 1344 τοῦ
824 1313 969 1357 Ὀμήρου
995 1313 1036 1345 τὸ
1064 1313 1170 1345 ἔστιν.

320 1354 422 1388 ’Ώστε
444 1359 476 1390 ἐν
496 1356 588 1394 ὅσαις
607 1359 830 1403 κατηγορίαις
848 1357 936 1401 μήτε
955 1357 1154 1395 ἐναντιότης
1174 1357 1316 1397 ἔνεστιν,
1336 1358 1394 1390 ἑοὶν

722 1401 729 1411 ,

391 1400 490 1448 λόγοι
517 1402 591 1434 ἀντ’
623 1402 799 1445 ὁνοματων
823 1401 1001 1448 λέγονται,
1019 1404 1076 1433 καὶ
1102 1401 1177 1433 καθ’
1207 1401 1319 1434 {aava
1334 1414 1395 1433 κα-

395 1447 611 1493 τηγορῆται,
637 1449 694 1478 καὶ
720 1446 767 1490 μὴ
791 1448 888 1478 aava
911 1445 1120 1490 συμβεβηκός
1136 1470 1144 1486 ,
1179 1447 1234 1478 ἐπὶ
1260 1445 1394 1478 τούτων

394 1491 435 1523 τὸ
460 1494 493 1523 τὶ
519 1493 576 1522 καὶ
604 1492 717 1528 ἁπλῶς
745 1490 863 1528 ἀληθὲς
892 1491 989 1523 ἔσται
1016 1491 1133 1522 εἰπεῖν.

326 1622 371 1654 Τὸ
396 1618 433 1654 ’δὲ
458 1623 504 1667 μή
532 1623 586 1664 ὅν,
615 1622 667 1655 ὅτι
693 1618 884 1663 δοξαστόν,
913 1624 972 1655 οὐκ
1000 1621 1120 1660 ἀληθὲς
1153 1623 1256 1655 εἰπεῖν
1284 1623 1318 1654 ὅν
1344 1635 1392 1655 τι·

393 1662 478 1707 δόξα
503 1667 566 1713 γάρ
594 1668 702 1700 αὐτοῦ
728 1668 792 1712 οὐχ
818 1668 922 1708 ἔστιν,
943 1667 996 1700 ὅτι
1023 1667 1127 1708 ἔστιν,
1156 1668 1232 1700 ἀλλ’
1262 1666 1316 1699 ὅτι
1334 1668 1393 1699 οὐκ

393 1712 498 1744 ἔστιν.

435 1815 564 1862 μςᾞι
581 1818 733 1853 ostquam
746 1808 895 1852 expedita
909 1818 957 1842 est
974 1810 1078 1852 prima
1093 1808 1263 1848 dubitatio,
1275 1817 1392 1841 tractat

378 1860 385 1865 Χ
402 1870 408 1895 ’.;
434 1851 506 1912 ff&
534 1857 758 1893 §secundam
776 1857 1025 1891 dubitationem.
1041 1858 1082 1890 Et
1099 1858 1182 1890 circa
1199 1856 1263 1890 hoc
1276 1858 1336 1890 tria
1349 1857 1392 1890 fa-

435 1907 450 1916 *
525 1912 528 1916 ’
558 1939 560 1942 ,
581 1907 633 1939 cit:
648 1907 767 1950 primo,
784 1915 895 1939 movet
909 1907 1013 1950 ipsam
1027 1907 1267 1950 quaestionem;
1280 1917 1394 1939 secun-

518 1952 564 1999 ,¹22⁵
581 1955 634 1996 do,
651 1954 748 1988 solvit
766 1964 849 1994 eam·‚
863 1954 917 1987 ibi:
933 1954 988 1988 Sed
998 1955 1120 1999 quando
1133 1955 1165 1987 in
1178 1954 1287 1988 adiecto
1297 1954 1393 1994 *etc.,

466 1996 473 2011 ⁸
511 1999 522 2009 ”
581 2004 687 2042 tertio,
701 2015 740 2036 ex
753 2003 816 2036 hoc
830 2003 973 2036 excludit
983 2003 1160 2047 quemdam
1173 2013 1328 2042 errorem;
1338 2002 1392 2035 ibi:

328 2054 419 2096 Quod
434 2059 532 2086 autem
549 2064 609 2086 non
628 2052 693 2085 est*
706 2061 765 2085 etc.
781 2053 838 2085 Est
853 2064 931 2095 ergo
947 2052 1106 2096 quaestio:
1125 2063 1165 2084 an
1182 2063 1221 2084 ex
1241 2052 1394 2084 enuncia-

324 2104 415 2136 tione
429 2101 567 2134 habente
580 2101 803 2145 praedicatum
817 2102 1043 2141 coniunctum,
1057 2100 1151 2133 liceat
1164 2100 1280 2133 inferre
1294 2112 1395 2133 enun-

325 2152 482 2184 ciationes
496 2150 676 2184 dividentes
692 2149 771 2183 illud
785 2150 1011 2188 coniunctum;
1028 2158 1060 2182 et
1076 2158 1124 2182 est
1137 2150 1297 2193 quaestio:
1315 2144 1393 2181 con-

325 2200 419 2233 traria
444 2198 613 2242 superiori.
635 2197 683 2231 Ibi
701 2199 789 2230 enim
810 2197 995 2242 quaesitum
1008 2206 1057 2230 est
1073 2209 1114 2230 an
1130 2209 1169 2230 ex
1185 2196 1297 2230 divisis
1314 2196 1392 2229 infe-

324 2257 413 2281 ratur
429 2247 659 2285 coniunctum;
685 2246 737 2279 hic
761 2255 871 2278 autem
896 2246 1063 2290 quaeritur
1086 2257 1126 2278 an
1151 2257 1190 2277 ex
1214 2245 1392 2277 coniuncto

324 2305 502 2341 sequantur
515 2295 626 2328 divisa.
642 2295 738 2328 Unde
752 2294 918 2328 movendo
935 2295 1162 2339 quaestionem
1176 2293 1263 2326 dicit:
1281 2293 1393 2327 Verum

324 2351 423 2378 autem
443 2345 605 2389 aliquando
629 2350 670 2377 est
692 2344 784 2377 dicere
807 2344 840 2377 de
864 2343 965 2387 aliquo
986 2349 1012 2375 et
1035 2342 1216 2387 simpliciter,
1242 2342 1325 2376 idest
1345 2342 1392 2376 di-

323 2394 432 2433 visim,
453 2393 541 2437 quod
565 2393 687 2426 scilicet
707 2394 797 2437 prius
817 2392 983 2426 dicebatur
1007 2392 1220 2431 coniunctim,
1241 2398 1274 2424 ut
1291 2404 1392 2436 quem-

323 2442 394 2475 dam
418 2442 671 2475 hominemalbum
699 2453 755 2475 esse
778 2442 936 2481 hominem,
962 2447 1016 2474 aut
1038 2440 1188 2485 quoddam
1215 2440 1320 2474 album
1343 2441 1392 2474 ho-

323 2492 434 2525 minem
457 2491 562 2524 album
577 2502 645 2530 esse,
666 2490 748 2523 idest
767 2499 803 2523 ut
823 2502 861 2523 ex
885 2491 956 2529 ista,
977 2490 1108 2523 Socrates
1124 2496 1164 2522 est
1190 2489 1275 2523 homo
1291 2490 1391 2531 albus,

324 2540 472 2584 sequitur
485 2538 626 2578 divisim,
640 2550 706 2582 ergo
716 2538 846 2572 Socrates
859 2544 900 2571 est
911 2538 1006 2578 homo,
1020 2549 1086 2581 ergo
1100 2537 1230 2571 Socrates
1242 2544 1283 2571 est
1294 2538 1391 2572 albus.

323 2593 396 2626 Non
420 2598 519 2625 autem
545 2598 674 2636 semper,
707 2591 790 2624 idest
814 2590 990 2635 aliquando
1015 2600 1124 2624 autem
1148 2602 1187 2623 ex
1212 2592 1390 2625 coniuncto

323 2653 392 2675 non
409 2641 517 2674 inferri
534 2649 643 2684 potest
662 2640 810 2679 divisim;
831 2652 899 2673 non
916 2641 1004 2672 enim
1021 2640 1178 2684 sequitur,
1200 2638 1330 2674 Socrates
1354 2648 1394 2674 est

324 2690 418 2723 bonus
441 2689 637 2729 citharoedus,
656 2699 722 2732 ergo
744 2694 784 2721 est
801 2687 903 2721 bonus.
922 2687 1018 2720 Unde
1036 2687 1114 2721 haec
1132 2698 1180 2721 est
1197 2688 1393 2729 differentia,

324 2737 413 2782 quod
430 2737 628 2782 quandoque
644 2736 719 2770 licet
735 2745 767 2770 et
788 2736 987 2781 quandoque
1003 2747 1081 2769 non.
1101 2737 1141 2769 Et
1156 2736 1286 2771 adverte
1304 2737 1394 2782 quod

322 2796 474 2820 notanter
505 2786 638 2820 adduxit
673 2785 860 2829 exemplum
885 2785 924 2818 de
952 2784 1087 2817 homine
1115 2785 1200 2827 albo,
1225 2785 1392 2820 inferendo

323 2845 495 2880 utramque
527 2844 651 2880 partem
683 2834 832 2874 divisim,
864 2843 900 2866 ut
931 2834 1109 2867 insinuaret
1134 2835 1224 2878 quod
1255 2836 1392 2868 intentio

324 2885 524 2929 quaestionis
555 2894 604 2918 est
632 2885 825 2927 investigare
858 2882 990 2927 quando
1022 2895 1061 2916 ex
1083 2884 1260 2916 coniuncto
1285 2893 1394 2928 potest

323 2943 460 2978 utraque
480 2945 554 2978 pars
572 2933 701 2967 divisim
720 2932 839 2971 inferri,
857 2941 888 2965 et
905 2944 973 2965 non
990 2930 1122 2976 quando
1139 2931 1236 2965 altera
1253 2941 1390 2965 tantum.

391 2992 419 3015 2.
438 2982 565 3015 Deinde
591 2994 666 3014 cum
691 2981 782 3015 dicit:
801 2981 856 3015 Sed
870 2981 991 3025 quando
1015 2981 1047 3012 in
1068 2980 1177 3013 adiecto
1202 2989 1274 3020 etc„
1296 2981 1393 3014 solvit

324 3032 559 3075 quaestionem.
582 3031 623 3063 Et
639 3030 706 3063 duo
723 3030 812 3063 facit:
835 3031 954 3073 primo,
975 3028 1150 3073 respondet
1171 3030 1254 3073 parti
1270 3031 1392 3073 negati-

323 3091 381 3111 vae
406 3080 617 3123 quaestionis,
635 3078 767 3123 quando
792 3078 915 3111 scilicet
938 3089 1005 3110 non
1029 3077 1119 3116 licet;
1144 3078 1308 3118 secundo,
1333 3078 1391 3111 ibi:

327 3127 431 3169 Quare
452 3129 483 3160 in
500 3129 745 3172 quantiscumque
757 3129 773 3148 *
786 3136 859 3167 etc„
877 3126 1053 3170 respondet
1070 3127 1152 3170 parti
1170 3127 1391 3166 affirmativae,

324 3177 455 3220 quando
480 3177 601 3210 scilicet
626 3176 709 3210 licet.
729 3177 824 3210 Circa
841 3177 984 3220 primum
1010 3176 1284 3210 considerandum
1302 3176 1392 3221 quod

324 3226 398 3269 quia
412 3225 583 3269 dupliciter
598 3226 758 3268 contingit
770 3224 838 3257 fieri
853 3223 1074 3268 praedicatum
1088 3226 1313 3266 coniunctum,
1323 3236 1391 3258 uno

323 3274 424 3307 modo
449 3287 487 3307 ex
505 3275 677 3318 oppositis,
694 3273 758 3307 alio
776 3273 877 3307 modo
895 3286 933 3306 cx
949 3285 1017 3306 non
1035 3275 1208 3318 oppositis,
1226 3273 1300 3307 ideo
1324 3274 1391 3308 duo

324 3322 415 3355 facit:
434 3324 552 3367 primo,
570 3322 712 3356 ostendit
738 3322 827 3367 quod
844 3334 1025 3367 numquam
1051 3336 1090 3355 ex
1106 3323 1293 3367 praedicato
1310 3334 1389 3356 con-

324 3372 435 3404 iuncto
465 3385 503 3404 ex
527 3372 688 3416 oppositis
721 3381 859 3415 possunt
884 3371 991 3404 inferri
1016 3373 1086 3405 eius
1110 3381 1217 3416 partes
1243 3371 1390 3412 divisim;

323 3420 486 3461 secundo,
512 3421 601 3465 quod
626 3432 685 3454 nec
710 3421 772 3453 hoc
797 3420 871 3453 licet
898 3420 1123 3453 universaliter
1147 3422 1179 3453 in
1204 3420 1390 3464 praedicato

325 3469 500 3501 coniuncto
518 3482 555 3502 ex
573 3481 639 3501 non
656 3469 834 3512 oppositiS,
860 3468 917 3501 ibi:
947 3469 1001 3502 Vel
1015 3470 1104 3502 etiam
1119 3469 1240 3513 quando
1257 3478 1316 3502 etc.
1335 3469 1390 3502 Ait

324 3528 402 3559 crgo
427 3517 515 3560 quod
540 3517 671 3561 quando
697 3519 728 3549 in
761 3518 900 3549 termino
930 3517 1057 3550 adiecto
1089 3518 1172 3550 inest
1195 3517 1317 3561 aliquid
1350 3516 1389 3550 de

324 3576 461 3597 numero
487 3566 728 3608 oppositorum,
745 3565 784 3598 ad
809 3577 890 3609 quae
908 3567 1054 3609 sequitur
1073 3565 1287 3598 contradictio
1308 3566 1391 3598 inter

1456 781 1602 813 *Verum
1617 790 1725 813 autem
1735 791 1781 814 est
1795 783 1897 813 dicere
1913 783 1952 814 de
1966 782 2074 824 aliquo
2091 790 2121 814 et
2133 784 2325 824 simpliciter3
2338 792 2373 815 ut
2388 785 2527 826 aliquem

1523 826 1689 857 hominem
1711 827 1888 865 hominem,
1906 834 1960 858 aut
1979 827 2118 867 aliquem
2142 828 2252 858 album
2266 829 2451 868 hominem,
2470 830 2527 860 ho-

1522 870 1688 901 hominem
1711 872 1837 901 album:
1863 881 1929 901 non
1953 878 2060 902 autem
2084 882 2217 912 semper.

1455 914 1517 944 Sed
1533 916 1662 956 quando
1679 915 1712 945 in
1732 915 1853 946 adiecto
1882 915 2002 956 aliquid
2025 915 2156 956 quidem
2184 917 2409 957 oppositorum
2436 917 2527 956 insit,

1522 960 1611 999 quod
1635 960 1840 1000 consequitur
1865 960 2089 998 contradictio,
2114 971 2179 991 non
2203 971 2315 991 verum
2338 961 2392 991 sed
2413 960 2528 992 falsum

1522 1011 1585 1042 est;
1605 1011 1651 1042 ut,
1675 1004 1841 1034 hominem
1865 1011 2042 1042 mortuum,
2064 1005 2230 1035 hominem
2254 1005 2373 1036 dicere:
2398 1006 2527 1047 quando

1521 1055 1628 1079 autem
1652 1059 1718 1078 non
1741 1048 1825 1086 insit,
1848 1052 1960 1079 v'erum
1985 1056 2040 1080 est.

1453 1094 1520 1124 Aut
1535 1093 1664 1133 quando
1684 1093 1756 1124 insit
1776 1093 1918 1133 quidem,
1944 1104 2070 1134 semper
2094 1104 2160 1124 non
2179 1104 2290 1125 verum
2316 1101 2376 1124 est:
2397 1094 2527 1135 quando

1519 1147 1595 1167 vero
1614 1147 1681 1167 non
1709 1135 1801 1175 insit,
1826 1148 1891 1168 non
1916 1148 2041 1179 semper
2064 1148 2175 1169 verum
2204 1146 2266 1176 est;
2290 1145 2345 1176 ut,
2365 1139 2527 1170 Homerus

1520 1189 1566 1212 est
1589 1182 1729 1222 aliquid,
1749 1189 1785 1212 ut
1807 1189 1915 1222 poeta:
1937 1190 2045 1214 utrum
2064 1182 2159 1223 igitur
2178 1190 2241 1221 est,
2262 1193 2302 1213 an
2331 1192 2406 1222 ergo
2431 1183 2526 1213 etiam

1519 1233 1581 1263 est;
1605 1224 1689 1256 non?
2097 1251 2099 1255 .

1452 1270 1636 1302 Secundum
1668 1270 1811 1301 accidens
1845 1271 1930 1301 enim
1963 1271 2171 1311 praedicatur,
2204 1277 2266 1309 est,
2300 1272 2338 1301 de
2369 1272 2525 1310 Homer0;

1519 1314 1688 1357 (quoniam
1704 1322 1750 1345 est
1764 1315 1849 1345 enim
1866 1314 1986 1357 poeta),
2004 1316 2058 1346 sed
2075 1326 2142 1346 non
2158 1315 2335 1346 secundum
2354 1325 2387 1346 se
2402 1316 2525 1356 praedi-

1519 1366 1606 1390 catur
1629 1360 1668 1389 de
1691 1359 1836 1389 Homero
1861 1359 1968 1399 ipsum
1992 1365 2047 1390 est.

1451 1404 1558 1442 Quare
1573 1403 1606 1433 in
1620 1403 1874 1444 quantiscunque
1889 1403 2175 1444 praedicationibus
2192 1414 2295 1445 neque
2312 1403 2524 1443 contrarietas,

1517 1445 1637 1490 [aliqua
1653 1454 1708 1478 aut
1723 1447 1811 1477 nulla
1825 1446 2001 1491 oppositio]
2025 1448 2116 1486 inest,
2132 1448 2157 1478 si
2177 1448 2375 1479 definitiones
2390 1458 2450 1489 pro
2466 1459 2525 1479 no-

1517 1491 1656 1521 minibus
1671 1491 1825 1529 dicantur,
1836 1499 1867 1522 et
1881 1493 2058 1523 secundum
2072 1504 2105 1523 se
2119 1493 2338 1533 praedicantur
2352 1499 2383 1524 et
2398 1503 2463 1524 non
2478 1503 2524 1523 se-

1517 1536 1659 1566 cundum
1687 1535 1850 1575 accidens,
1874 1537 1907 1566 in
1930 1536 1979 1566 his
2003 1537 2124 1578 aliquid
2155 1544 2185 1568 et
2208 1537 2392 1577 simpliciter
2413 1547 2525 1568 verum

1517 1580 1574 1610 erit
1592 1580 1703 1610 dicere.

1452 1624 1550 1661 Quod
1569 1631 1676 1654 autem
1692 1634 1758 1654 non
1775 1631 1831 1662 est,
1849 1625 2003 1665 quoniam
2022 1625 2181 1664 opinabile
2196 1632 2252 1663 est,
2268 1635 2334 1656 non
2353 1632 2400 1656 est
2413 1635 2525 1656 verum

1518 1668 1620 1699 dicere
1639 1679 1705 1699 esse
1721 1668 1856 1709 aliquid:
1873 1669 1984 1709 opinio
2009 1669 2094 1699 enim
2116 1669 2183 1700 eius
2207 1679 2273 1700 non
2298 1676 2354 1708 est,
2369 1669 2524 1711 quoniam

1518 1720 1575 1751 est,
1595 1713 1649 1743 sed
1673 1713 1829 1754 quoniam
1853 1723 1918 1743 non
1943 1721 1998 1744 est.

1448 1812 1540 1852 ipsos
1555 1809 1725 1847 terminos,
1741 1820 1803 1842 non
1825 1820 1931 1842 verum
1954 1815 2013 1849 est,
2031 1809 2154 1842 scilicet
2177 1808 2294 1842 inferre
2320 1808 2463 1849 divisim,
2475 1809 2525 1843 sed

1441 1857 1574 1902 salsum.
1591 1856 1692 1890 Verbi
1715 1857 1817 1900 gratia
1838 1868 1915 1890 cum
1931 1855 2060 1897 dicitur,
2080 1857 2195 1891 Caesar
2211 1863 2251 1890 est
2272 1857 2357 1891 homo
2373 1864 2521 1898 mortuus,

1449 1917 1518 1938 non
1541 1906 1699 1950 sequitur,
1715 1917 1782 1949 ergo
1798 1912 1839 1938 est
1850 1905 1955 1939 homo:
1971 1906 2047 1949 quia
2071 1904 2105 1949 ly
2121 1912 2268 1946 mortuus,
2286 1905 2436 1940 adiacens
2459 1905 2521 1939 ho-

1448 1957 1542 1995 mini,
1568 1957 1815 2001 oppositionem
1839 1956 1936 1990 habet
1960 1956 2001 1990 ad
2029 1956 2217 1997 hominem,
2247 1968 2346 2001 quam
2375 1957 2523 2001 sequitur

1451 2003 1665 2038 contradictio
1699 2005 1782 2037 inter
1813 2004 1985 2038 hominem
2017 2014 2049 2038 et
2076 2014 2266 2038 mortuum:
2290 2005 2317 2038 si
2353 2005 2442 2038 enim
2473 2014 2522 2039 est

1450 2053 1565 2094 homo,
1578 2065 1646 2086 non
1663 2062 1711 2086 est
1723 2062 1886 2093 mortuus,
1904 2054 1980 2098 quia
1995 2065 2073 2086 non
2090 2063 2139 2086 est
2155 2065 2276 2098 corpus
2293 2054 2521 2094 inanimatum;

1450 2112 1482 2136 et
1497 2104 1524 2136 si
1538 2112 1586 2136 est
1602 2111 1765 2142 mortuus,
1777 2113 1846 2135 non
1859 2111 1908 2135 est
1924 2102 2039 2142 homo,
2057 2103 2133 2147 quia
2150 2112 2318 2139 mortuum
2332 2111 2381 2136 est
2400 2114 2521 2147 corpus

1450 2153 1676 2185 inanimatum.
1704 2152 1836 2194 Quando
1868 2158 1968 2185 autem
1998 2163 2058 2185 non
2088 2153 2180 2192 inest,
2205 2151 2328 2185 scilicet
2355 2151 2426 2185 talis
2459 2163 2520 2196 op-

1450 2202 1582 2245 positio,
1606 2213 1711 2234 verum
1735 2207 1794 2242 est,
1827 2200 1950 2233 scilicet
1978 2199 2095 2233 inferre
2119 2200 2260 2234 divisim.
2285 2200 2381 2234 Ratio
2410 2209 2520 2235 autem

1450 2262 1561 2295 quare,
1583 2249 1715 2294 quando
1731 2259 1781 2283 est
1804 2250 1973 2294 oppositio
1998 2250 2030 2282 in
2055 2249 2194 2289 adiecto,
2217 2261 2286 2283 non
2310 2249 2458 2294 sequitur
2481 2247 2520 2282 il-

1449 2299 1528 2333 latio
1553 2298 1655 2332 divisa
1672 2307 1730 2338 est,
1749 2299 1825 2343 quia
1841 2298 1921 2331 alter
1937 2299 2095 2332 terminus
2113 2298 2283 2333 exadiecti
2308 2299 2520 2343 oppositione

1450 2348 1670 2392 corrumpitur
1694 2348 1727 2380 in
1751 2348 1822 2391 ipsa
1846 2348 2077 2381 enunciatione
2102 2349 2287 2382 coniuncta.
2314 2348 2519 2392 Corruptum

1449 2406 1559 2430 autem
1583 2397 1729 2440 seipsum
1753 2395 1875 2441 absque
1900 2398 2111 2441 corruptione
2135 2408 2202 2430 non
2227 2395 2333 2437 infert,
2366 2395 2456 2441 quod
2478 2395 2518 2430 il-

1449 2446 1527 2479 latio
1552 2445 1654 2479 divisa
1678 2454 1818 2479 sonaret.

1518 2505 1546 2538 3.
1565 2494 1742 2528 Dubitatur
1773 2494 1826 2528 hic
1857 2496 1966 2539 primo
1999 2496 2082 2528 circa
2113 2494 2146 2528 id
2178 2494 2268 2539 quod
2300 2495 2518 2541 supponitur,

1450 2542 1621 2588 quomodo
1638 2543 1742 2587 possit
1757 2554 1832 2576 vere
1861 2542 1940 2583 dici,
1972 2543 2086 2576 Caesar
2101 2549 2142 2576 est
2164 2543 2250 2576 homo
2266 2549 2422 2583 mortuus,
2441 2554 2516 2576 cum

1449 2592 1636 2625 enunciatio
1660 2603 1728 2624 non
1757 2592 1864 2635 possit
1887 2603 1958 2624 esse
1982 2603 2074 2632 vera,
2102 2592 2136 2624 in
2165 2603 2228 2636 qua
2253 2591 2320 2625 duo
2353 2590 2516 2625 contradi-

1450 2641 1552 2674 ctoria
1582 2639 1681 2673 simul
1705 2639 1744 2673 de
1776 2640 1889 2684 aliquo
1913 2639 2150 2684 praedicantur.
2176 2640 2251 2673 Hoc
2270 2640 2359 2672 enim
2383 2648 2432 2672 est
2455 2640 2518 2683 pri-

1449 2701 1543 2722 mum
1571 2689 1780 2733 principium.
1813 2689 1915 2722 Homo
1939 2697 2049 2721 autem
2073 2697 2105 2721 et
2128 2694 2276 2728 mortuus,
2294 2696 2331 2720 ut
2354 2688 2388 2720 in
2405 2687 2517 2721 littera

1450 2737 1578 2778 dicitur,
1603 2737 1887 2771 contradictoriam
1912 2737 2158 2781 oppositionem
2181 2736 2363 2775 includunt,
2381 2737 2458 2782 quia
2482 2737 2516 2770 in

1450 2786 1584 2819 homine
1609 2785 1786 2819 includitur
1807 2787 1885 2826 vita,
1909 2786 1943 2818 in
1967 2794 2100 2819 mortuo
2124 2797 2193 2819 non
2216 2787 2291 2819 vita.
2307 2785 2518 2821 -Dubitatur

1449 2834 1595 2868 secundo
1620 2835 1703 2868 circa
1719 2835 1825 2879 ipsam
1847 2835 2127 2879 consequentiam,
2148 2846 2247 2879 quam
2271 2834 2424 2878 reprobat
2447 2835 2511 2868 Ari-

1450 2884 1599 2917 stoteles:
1628 2883 1758 2917 videtur
1781 2884 1868 2916 enim
1902 2884 2037 2927 optima.
2064 2884 2152 2917 Cum
2183 2884 2273 2916 enim
2297 2895 2336 2916 ex
2360 2885 2515 2918 enuncia-

1449 2934 1538 2966 tione
1563 2932 1769 2976 praedicante
1786 2932 1853 2966 duo
1878 2932 2128 2966 contradictoria
2148 2933 2254 2976 possit
2277 2941 2454 2978 utrumque
2470 2934 2518 2966 in-

1448 2980 1522 3014 ferri
1546 2981 1646 3026 (quia
1670 2981 1852 3026 aequivalet
1877 2981 2115 3026 copulativae),
2139 2989 2195 3014 aut
2218 2990 2392 3021 neutrum,
2416 2981 2514 3026 (quia

1449 3029 1584 3063 destruit
1608 3030 1777 3074 seipsam),
1794 3039 1826 3063 et
1850 3030 2036 3063 enunciatio
2061 3029 2245 3074 supradicta
2265 3030 2423 3063 terminos
2452 3042 2514 3075 op-

1448 3079 1574 3122 positos
1604 3078 1854 3112 contradictorie
1878 3078 2060 3122 praedicet,
2091 3078 2221 3112 videtur
2255 3079 2348 3123 sequi
2377 3087 2514 3123 utraque

1448 3139 1532 3171 pars,
1558 3129 1633 3172 quia
1657 3127 1774 3161 falsum
1799 3136 1847 3160 est
1868 3136 2021 3160 neutram
2046 3128 2150 3172 sequi.

1514 3187 1544 3218 4.
1562 3175 1614 3209 Ad
1638 3176 1702 3209 hoc
1717 3175 1816 3209 simul
1832 3175 1950 3209 dicitur
1974 3175 2065 3220 quod
2089 3175 2178 3209 aliud
2194 3185 2243 3209 est
2258 3175 2351 3220 loqui
2368 3175 2407 3208 de
2427 3174 2512 3208 duo-

1447 3223 1508 3257 bus
1525 3225 1671 3258 terminis
1692 3224 1874 3258 secundum
1899 3235 1944 3264 se,
1962 3232 1994 3256 et
2017 3223 2105 3257 aliud
2130 3223 2169 3257 de
2191 3225 2237 3257 eis
2262 3232 2298 3256 ut
2321 3235 2426 3256 unum
2450 3231 2512 3256 stat

1447 3273 1506 3306 sub
1531 3273 1801 3307 determinatione
1825 3273 1968 3306 alterius.
1987 3274 2099 3306 Primo
2123 3284 2266 3317 namque
2290 3271 2404 3312 modo,
2427 3272 2512 3305 homo

1447 3330 1478 3354 et
1501 3327 1648 3361 mortuus,
1672 3321 1964 3354 contradictionem
1989 3321 2072 3353 inter
2095 3331 2129 3353 se
2154 3319 2284 3359 habent,
2301 3329 2334 3353 et
2356 3319 2510 3363 impossi-

1446 3370 1508 3403 bile
1532 3379 1581 3403 est
1605 3370 1694 3414 quod
1718 3369 1817 3403 simul
1843 3371 1875 3403 in
1899 3369 2018 3403 eodem
2039 3370 2256 3402 inveniantur.
2276 3367 2429 3402 Secundo
2457 3379 2511 3400 au-

1445 3427 1511 3451 tem
1528 3418 1641 3458 modo,
1657 3419 1742 3452 homo
1757 3427 1789 3451 et
1806 3425 1954 3459 mortuus,
1972 3430 2040 3452 non
2064 3427 2290 3462 opponuntur,
2308 3417 2383 3461 quia
2406 3416 2509 3450 homo

1445 3475 1679 3500 transmutatus
1704 3468 1767 3500 iam
1792 3479 1850 3511 per
1873 3466 2180 3500 determinationem
2205 3466 2426 3509 corruptivam
2446 3465 2507 3497 im-

1445 3524 1607 3559 portatam
1631 3517 1664 3549 in
1686 3516 1719 3560 ly
1735 3522 1887 3556 mortuus,
1907 3527 1975 3549 non
2000 3524 2062 3548 stat
2082 3527 2143 3559 pro
2167 3526 2229 3548 suo
2252 3513 2434 3557 significato
2458 3524 2508 3546 se-

1445 3569 1590 3598 cundum
1615 3576 1660 3605 se,
1681 3564 1737 3598 sed
1762 3564 1943 3599 secundum
1973 3564 2168 3607 exigentiam
2193 3562 2322 3596 termini
2347 3561 2462 3602 additi,
2490 3573 2507 3594 a

2557 792 2563 799 ¹
2574 791 2628 818 Seq.
2645 797 2664 812 c.
2674 797 2704 812 xi.
