<?xml version="1.0" encoding="UTF-8"?>
<!DOCTYPE html PUBLIC "-//W3C//DTD XHTML 1.0 Transitional//EN"
    "http://www.w3.org/TR/xhtml1/DTD/xhtml1-transitional.dtd">
<html xmlns="http://www.w3.org/1999/xhtml" xml:lang="en" lang="en">
 <head>
  <title>
</title>
<meta http-equiv="Content-Type" content="text/html;charset=utf-8" />
  <meta name='ocr-system' content='tesseract 3.04.00' />
  <meta name='ocr-capabilities' content='ocr_page ocr_carea ocr_par ocr_line ocrx_word'/>
</head>
<body>
  <div class='ocr_page' id='page_1' title='image "./operaomniaiussui01thom/operaomniaiussui01thom_0227.png"; bbox 0 0 2548 4192; ppageno 0'>
   <div class='ocr_carea' id='block_1_1' title="bbox 873 272 1608 320">
    <p class='ocr_par' dir='ltr' id='par_1_1' title="bbox 873 272 1608 320">
     <span class='ocr_line' id='line_1_1' title="bbox 873 272 1608 320; baseline 0.003 -12"><span class='ocrx_word' id='word_1_1' title='bbox 873 272 927 308; x_wconf 94' lang='lat' dir='ltr'>IN</span> <span class='ocrx_word' id='word_1_2' title='bbox 958 272 995 308; x_wconf 91' lang='lat' dir='ltr'>S.</span> <span class='ocrx_word' id='word_1_3' title='bbox 1017 272 1258 309; x_wconf 91' lang='lat' dir='ltr'>THOMAM</span> <span class='ocrx_word' id='word_1_4' title='bbox 1286 273 1608 320; x_wconf 88' lang='lat' dir='ltr'>AQUINATEM</span> 
     </span>
    </p>
   </div>
   <div class='ocr_carea' id='block_1_2' title="bbox 95 351 1209 3197">
    <p class='ocr_par' dir='ltr' id='par_1_2' title="bbox 138 351 1208 571">
     <span class='ocr_line' id='line_1_2' title="bbox 139 351 1207 392; baseline -0.004 -7"><span class='ocrx_word' id='word_1_5' title='bbox 139 355 217 386; x_wconf 89' lang='lat' dir='ltr'>alios</span> <span class='ocrx_word' id='word_1_6' title='bbox 240 359 401 384; x_wconf 89' lang='lat' dir='ltr'>truncatos</span> <span class='ocrx_word' id='word_1_7' title='bbox 425 351 620 392; x_wconf 91' lang='lat' dir='ltr'>mutilosque</span> <span class='ocrx_word' id='word_1_8' title='bbox 649 351 747 381; x_wconf 86' lang='lat' dir='ltr'>relicti</span> <span class='ocrx_word' id='word_1_9' title='bbox 771 358 855 382; x_wconf 89' lang='lat' dir='ltr'>sunt.</span> <span class='ocrx_word' id='word_1_10' title='bbox 889 351 1094 391; x_wconf 88' lang='lat' dir='ltr'>Apertissime</span> <span class='ocrx_word' id='word_1_11' title='bbox 1118 362 1207 381; x_wconf 90' lang='lat' dir='ltr'>nam-</span> 
     </span>
     <span class='ocr_line' id='line_1_3' title="bbox 138 395 1207 441; baseline -0.004 -11"><span class='ocrx_word' id='word_1_12' title='bbox 138 409 201 441; x_wconf 89' lang='lat' dir='ltr'>que</span> <span class='ocrx_word' id='word_1_13' title='bbox 224 399 401 439; x_wconf 81' lang='lat' dir='ltr'>loquuntur</span> <span class='ocrx_word' id='word_1_14' title='bbox 423 403 454 429; x_wconf 88' lang='lat' dir='ltr'>et</span> <span class='ocrx_word' id='word_1_15' title='bbox 477 395 555 425; x_wconf 91' lang='lat' dir='ltr'>alios</span> <span class='ocrx_word' id='word_1_16' title='bbox 579 406 692 426; x_wconf 91' lang='lat' dir='ltr'>omnes</span> <span class='ocrx_word' id='word_1_17' title='bbox 715 395 854 435; x_wconf 89' lang='lat' dir='ltr'>integros</span> <span class='ocrx_word' id='word_1_18' title='bbox 879 396 1046 434; x_wconf 83' lang='lat' dir='ltr'>exstitisse,</span> <span class='ocrx_word' id='word_1_19' title='bbox 1063 396 1207 426; x_wconf 92' lang='lat' dir='ltr'>eosdem-</span> 
     </span>
     <span class='ocr_line' id='line_1_4' title="bbox 138 440 1208 485; baseline -0.004 -11"><span class='ocrx_word' id='word_1_20' title='bbox 138 454 201 485; x_wconf 92' lang='lat' dir='ltr'>que</span> <span class='ocrx_word' id='word_1_21' title='bbox 225 442 356 474; x_wconf 88' lang='lat' dir='ltr'>mutilos</span> <span class='ocrx_word' id='word_1_22' title='bbox 379 441 478 472; x_wconf 87' lang='lat' dir='ltr'>factos</span> <span class='ocrx_word' id='word_1_23' title='bbox 502 450 561 480; x_wconf 91' lang='lat' dir='ltr'>pro</span> <span class='ocrx_word' id='word_1_24' title='bbox 591 440 736 470; x_wconf 91' lang='lat' dir='ltr'>instituto</span> <span class='ocrx_word' id='word_1_25' title='bbox 766 440 1043 471; x_wconf 85' lang='lat' dir='ltr'>consarcinatoris:</span> <span class='ocrx_word' id='word_1_26' title='bbox 1064 441 1208 481; x_wconf 86' lang='lat' dir='ltr'>adeoque</span> 
     </span>
     <span class='ocr_line' id='line_1_5' title="bbox 139 484 1207 525; baseline -0.005 -6"><span class='ocrx_word' id='word_1_27' title='bbox 139 498 176 519; x_wconf 81' lang='lat' dir='ltr'>ex</span> <span class='ocrx_word' id='word_1_28' title='bbox 199 488 332 518; x_wconf 87' lang='lat' dir='ltr'>Summa</span> <span class='ocrx_word' id='word_1_29' title='bbox 351 486 381 517; x_wconf 93' lang='lat' dir='ltr'>d.</span> <span class='ocrx_word' id='word_1_30' title='bbox 398 485 556 523; x_wconf 89' lang='lat' dir='ltr'>Thomae,</span> <span class='ocrx_word' id='word_1_31' title='bbox 575 485 629 515; x_wconf 91' lang='lat' dir='ltr'>ubi</span> <span class='ocrx_word' id='word_1_32' title='bbox 646 485 801 514; x_wconf 87' lang='lat' dir='ltr'>habentur</span> <span class='ocrx_word' id='word_1_33' title='bbox 823 484 947 524; x_wconf 88' lang='lat' dir='ltr'>integri,</span> <span class='ocrx_word' id='word_1_34' title='bbox 965 485 1084 525; x_wconf 84' lang='lat' dir='ltr'>absque</span> <span class='ocrx_word' id='word_1_35' title='bbox 1109 485 1207 515; x_wconf 91' lang='lat' dir='ltr'>dubio</span> 
     </span>
     <span class='ocr_line' id='line_1_6' title="bbox 138 538 309 571; baseline -0.012 -8"><span class='ocrx_word' id='word_1_36' title='bbox 138 538 309 571; x_wconf 88' lang='lat' dir='ltr'>surreptos.</span> 
     </span>
    </p>

    <p class='ocr_par' dir='ltr' id='par_1_3' title="bbox 129 572 1209 1184">
     <span class='ocr_line' id='line_1_7' title="bbox 205 572 1206 614; baseline -0.003 -8"><span class='ocrx_word' id='word_1_37' title='bbox 205 576 241 606; x_wconf 91' lang='lat' dir='ltr'>In</span> <span class='ocrx_word' id='word_1_38' title='bbox 259 575 344 605; x_wconf 91' lang='lat' dir='ltr'>hisce</span> <span class='ocrx_word' id='word_1_39' title='bbox 360 573 498 604; x_wconf 87' lang='lat' dir='ltr'>articulis</span> <span class='ocrx_word' id='word_1_40' title='bbox 514 573 715 610; x_wconf 84' lang='lat' dir='ltr'>detruncatis,</span> <span class='ocrx_word' id='word_1_41' title='bbox 734 572 789 614; x_wconf 88' lang='lat' dir='ltr'>qui</span> <span class='ocrx_word' id='word_1_42' title='bbox 804 572 941 613; x_wconf 88' lang='lat' dir='ltr'>Speculo</span> <span class='ocrx_word' id='word_1_43' title='bbox 959 573 1072 603; x_wconf 89' lang='lat' dir='ltr'>Morali</span> <span class='ocrx_word' id='word_1_44' title='bbox 1088 573 1206 611; x_wconf 89' lang='lat' dir='ltr'>insunt,</span> 
     </span>
     <span class='ocr_line' id='line_1_8' title="bbox 138 617 1209 660; baseline -0.003 -9"><span class='ocrx_word' id='word_1_45' title='bbox 138 619 333 660; x_wconf 89' lang='lat' dir='ltr'>frequentius</span> <span class='ocrx_word' id='word_1_46' title='bbox 357 625 528 649; x_wconf 87' lang='lat' dir='ltr'>occurrunt</span> <span class='ocrx_word' id='word_1_47' title='bbox 560 617 730 658; x_wconf 84' lang='lat' dir='ltr'>superioris</span> <span class='ocrx_word' id='word_1_48' title='bbox 763 617 896 648; x_wconf 88' lang='lat' dir='ltr'>alicuius</span> <span class='ocrx_word' id='word_1_49' title='bbox 918 617 982 648; x_wconf 91' lang='lat' dir='ltr'>loci</span> <span class='ocrx_word' id='word_1_50' title='bbox 1013 617 1151 655; x_wconf 91' lang='lat' dir='ltr'>indices,</span> <span class='ocrx_word' id='word_1_51' title='bbox 1174 623 1209 648; x_wconf 90' lang='lat' dir='ltr'>ut</span> 
     </span>
     <span class='ocr_line' id='line_1_9' title="bbox 136 662 1209 705; baseline -0.003 -10"><span class='ocrx_word' id='word_1_52' title='bbox 136 674 237 705; x_wconf 87' lang='lat' dir='ltr'>supra</span> <span class='ocrx_word' id='word_1_53' title='bbox 260 664 379 694; x_wconf 85' lang='lat' dir='ltr'>dictum</span> <span class='ocrx_word' id='word_1_54' title='bbox 404 667 460 700; x_wconf 84' lang='lat' dir='ltr'>est,</span> <span class='ocrx_word' id='word_1_55' title='bbox 482 668 517 693; x_wconf 93' lang='lat' dir='ltr'>ut</span> <span class='ocrx_word' id='word_1_56' title='bbox 531 672 631 703; x_wconf 85' lang='lat' dir='ltr'>supra</span> <span class='ocrx_word' id='word_1_57' title='bbox 655 662 796 692; x_wconf 83' lang='lat' dir='ltr'>habitum</span> <span class='ocrx_word' id='word_1_58' title='bbox 814 667 870 700; x_wconf 87' lang='lat' dir='ltr'>est,</span> <span class='ocrx_word' id='word_1_59' title='bbox 893 668 928 693; x_wconf 87' lang='lat' dir='ltr'>ut</span> <span class='ocrx_word' id='word_1_60' title='bbox 952 673 993 693; x_wconf 90' lang='lat' dir='ltr'>ex</span> <span class='ocrx_word' id='word_1_61' title='bbox 1015 662 1209 702; x_wconf 85' lang='lat' dir='ltr'>supradictis</span> 
     </span>
     <span class='ocr_line' id='line_1_10' title="bbox 137 706 1207 750; baseline -0.003 -10"><span class='ocrx_word' id='word_1_62' title='bbox 137 713 282 750; x_wconf 83' lang='lat' dir='ltr'>apparet,</span> <span class='ocrx_word' id='word_1_63' title='bbox 301 713 336 738; x_wconf 87' lang='lat' dir='ltr'>ut</span> <span class='ocrx_word' id='word_1_64' title='bbox 358 717 400 738; x_wconf 86' lang='lat' dir='ltr'>ex</span> <span class='ocrx_word' id='word_1_65' title='bbox 416 707 595 748; x_wconf 87' lang='lat' dir='ltr'>praedictis</span> <span class='ocrx_word' id='word_1_66' title='bbox 611 712 713 747; x_wconf 83' lang='lat' dir='ltr'>patet.</span> <span class='ocrx_word' id='word_1_67' title='bbox 740 706 864 737; x_wconf 88' lang='lat' dir='ltr'>Similes</span> <span class='ocrx_word' id='word_1_68' title='bbox 887 707 1006 737; x_wconf 90' lang='lat' dir='ltr'>indices</span> <span class='ocrx_word' id='word_1_69' title='bbox 1034 706 1152 747; x_wconf 86' lang='lat' dir='ltr'>passim</span> <span class='ocrx_word' id='word_1_70' title='bbox 1174 707 1207 737; x_wconf 91' lang='lat' dir='ltr'>in</span> 
     </span>
     <span class='ocr_line' id='line_1_11' title="bbox 136 751 1206 792; baseline -0.002 -9"><span class='ocrx_word' id='word_1_71' title='bbox 136 753 257 784; x_wconf 91' lang='lat' dir='ltr'>eisdem</span> <span class='ocrx_word' id='word_1_72' title='bbox 279 752 435 782; x_wconf 84' lang='lat' dir='ltr'>habentur</span> <span class='ocrx_word' id='word_1_73' title='bbox 458 751 607 790; x_wconf 84' lang='lat' dir='ltr'>articulis,</span> <span class='ocrx_word' id='word_1_74' title='bbox 630 761 712 792; x_wconf 91' lang='lat' dir='ltr'>quos</span> <span class='ocrx_word' id='word_1_75' title='bbox 742 751 933 792; x_wconf 84' lang='lat' dir='ltr'>leeologica</span> <span class='ocrx_word' id='word_1_76' title='bbox 957 751 1089 782; x_wconf 89' lang='lat' dir='ltr'>Summa</span> <span class='ocrx_word' id='word_1_77' title='bbox 1119 761 1206 782; x_wconf 90' lang='lat' dir='ltr'>com-</span> 
     </span>
     <span class='ocr_line' id='line_1_12' title="bbox 135 795 1207 839; baseline -0.002 -11"><span class='ocrx_word' id='word_1_78' title='bbox 135 797 292 839; x_wconf 87' lang='lat' dir='ltr'>plectitur,</span> <span class='ocrx_word' id='word_1_79' title='bbox 309 797 380 827; x_wconf 91' lang='lat' dir='ltr'>loca</span> <span class='ocrx_word' id='word_1_80' title='bbox 398 797 584 826; x_wconf 79' lang='lat' dir='ltr'>denotantes</span> <span class='ocrx_word' id='word_1_81' title='bbox 602 796 652 826; x_wconf 91' lang='lat' dir='ltr'>vel</span> <span class='ocrx_word' id='word_1_82' title='bbox 670 795 703 826; x_wconf 92' lang='lat' dir='ltr'>in</span> <span class='ocrx_word' id='word_1_83' title='bbox 723 796 938 836; x_wconf 89' lang='lat' dir='ltr'>superioribus</span> <span class='ocrx_word' id='word_1_84' title='bbox 961 796 1129 827; x_wconf 84' lang='lat' dir='ltr'>Secundae</span> <span class='ocrx_word' id='word_1_85' title='bbox 1152 796 1207 827; x_wconf 87' lang='lat' dir='ltr'>Se-</span> 
     </span>
     <span class='ocr_line' id='line_1_13' title="bbox 135 841 1206 883; baseline -0.003 -9"><span class='ocrx_word' id='word_1_86' title='bbox 135 842 261 874; x_wconf 87' lang='lat' dir='ltr'>cundae</span> <span class='ocrx_word' id='word_1_87' title='bbox 276 841 527 883; x_wconf 81' lang='lat' dir='ltr'>quaestionibus,</span> <span class='ocrx_word' id='word_1_88' title='bbox 544 841 594 871; x_wconf 91' lang='lat' dir='ltr'>vel</span> <span class='ocrx_word' id='word_1_89' title='bbox 608 841 642 871; x_wconf 89' lang='lat' dir='ltr'>in</span> <span class='ocrx_word' id='word_1_90' title='bbox 657 841 767 871; x_wconf 87' lang='lat' dir='ltr'>Prima</span> <span class='ocrx_word' id='word_1_91' title='bbox 785 841 963 879; x_wconf 84' lang='lat' dir='ltr'>Secundae,</span> <span class='ocrx_word' id='word_1_92' title='bbox 975 841 1025 872; x_wconf 90' lang='lat' dir='ltr'>vel</span> <span class='ocrx_word' id='word_1_93' title='bbox 1045 842 1076 871; x_wconf 90' lang='lat' dir='ltr'>in</span> <span class='ocrx_word' id='word_1_94' title='bbox 1095 841 1206 871; x_wconf 86' lang='lat' dir='ltr'>Prima</span> 
     </span>
     <span class='ocr_line' id='line_1_14' title="bbox 129 885 1208 928; baseline -0.002 -11"><span class='ocrx_word' id='word_1_95' title='bbox 129 891 247 928; x_wconf 84' lang='lat' dir='ltr'>parte,</span> <span class='ocrx_word' id='word_1_96' title='bbox 274 885 329 916; x_wconf 91' lang='lat' dir='ltr'>ubi</span> <span class='ocrx_word' id='word_1_97' title='bbox 353 886 392 916; x_wconf 92' lang='lat' dir='ltr'>de</span> <span class='ocrx_word' id='word_1_98' title='bbox 416 892 624 926; x_wconf 87' lang='lat' dir='ltr'>argumento,</span> <span class='ocrx_word' id='word_1_99' title='bbox 650 885 739 926; x_wconf 93' lang='lat' dir='ltr'>quod</span> <span class='ocrx_word' id='word_1_100' title='bbox 762 885 927 923; x_wconf 88' lang='lat' dir='ltr'>indicatur,</span> <span class='ocrx_word' id='word_1_101' title='bbox 952 885 1023 916; x_wconf 93' lang='lat' dir='ltr'>data</span> <span class='ocrx_word' id='word_1_102' title='bbox 1047 885 1208 915; x_wconf 89' lang='lat' dir='ltr'>disseritur</span> 
     </span>
     <span class='ocr_line' id='line_1_15' title="bbox 137 925 1207 972; baseline -0.003 -10"><span class='ocrx_word' id='word_1_103' title='bbox 137 941 244 972; x_wconf 88' lang='lat' dir='ltr'>opera.</span> <span class='ocrx_word' id='word_1_104' title='bbox 260 925 335 961; x_wconf 83' lang='lat' dir='ltr'>Non</span> <span class='ocrx_word' id='word_1_105' title='bbox 351 930 394 961; x_wconf 91' lang='lat' dir='ltr'>ita</span> <span class='ocrx_word' id='word_1_106' title='bbox 416 930 449 960; x_wconf 88' lang='lat' dir='ltr'>in</span> <span class='ocrx_word' id='word_1_107' title='bbox 473 930 630 970; x_wconf 87' lang='lat' dir='ltr'>Speculo,</span> <span class='ocrx_word' id='word_1_108' title='bbox 657 930 690 960; x_wconf 90' lang='lat' dir='ltr'>in</span> <span class='ocrx_word' id='word_1_109' title='bbox 714 940 780 971; x_wconf 95' lang='lat' dir='ltr'>quo</span> <span class='ocrx_word' id='word_1_110' title='bbox 797 930 929 968; x_wconf 79' lang='lat' dir='ltr'>articuli,</span> <span class='ocrx_word' id='word_1_111' title='bbox 946 930 985 960; x_wconf 90' lang='lat' dir='ltr'>ad</span> <span class='ocrx_word' id='word_1_112' title='bbox 1004 940 1087 971; x_wconf 91' lang='lat' dir='ltr'>quos</span> <span class='ocrx_word' id='word_1_113' title='bbox 1110 930 1207 959; x_wconf 91' lang='lat' dir='ltr'>lecto-</span> 
     </span>
     <span class='ocr_line' id='line_1_16' title="bbox 135 973 1207 1015; baseline -0.002 -10"><span class='ocrx_word' id='word_1_114' title='bbox 135 985 203 1006; x_wconf 88' lang='lat' dir='ltr'>rem</span> <span class='ocrx_word' id='word_1_115' title='bbox 226 974 392 1005; x_wconf 91' lang='lat' dir='ltr'>remittunt</span> <span class='ocrx_word' id='word_1_116' title='bbox 414 975 532 1005; x_wconf 92' lang='lat' dir='ltr'>indices</span> <span class='ocrx_word' id='word_1_117' title='bbox 547 974 604 1012; x_wconf 90' lang='lat' dir='ltr'>illi,</span> <span class='ocrx_word' id='word_1_118' title='bbox 621 985 688 1005; x_wconf 92' lang='lat' dir='ltr'>non</span> <span class='ocrx_word' id='word_1_119' title='bbox 703 984 814 1015; x_wconf 85' lang='lat' dir='ltr'>supra,</span> <span class='ocrx_word' id='word_1_120' title='bbox 833 975 888 1004; x_wconf 91' lang='lat' dir='ltr'>sed</span> <span class='ocrx_word' id='word_1_121' title='bbox 907 981 1018 1014; x_wconf 92' lang='lat' dir='ltr'>postea</span> <span class='ocrx_word' id='word_1_122' title='bbox 1040 974 1090 1004; x_wconf 90' lang='lat' dir='ltr'>vel</span> <span class='ocrx_word' id='word_1_123' title='bbox 1111 973 1207 1004; x_wconf 86' lang='lat' dir='ltr'>etiam</span> 
     </span>
     <span class='ocr_line' id='line_1_17' title="bbox 136 1018 1206 1060; baseline -0.003 -10"><span class='ocrx_word' id='word_1_124' title='bbox 136 1020 249 1050; x_wconf 90' lang='lat' dir='ltr'>nullibi</span> <span class='ocrx_word' id='word_1_125' title='bbox 273 1019 481 1060; x_wconf 88' lang='lat' dir='ltr'>reperiuntur.</span> <span class='ocrx_word' id='word_1_126' title='bbox 498 1021 549 1049; x_wconf 90' lang='lat' dir='ltr'>An</span> <span class='ocrx_word' id='word_1_127' title='bbox 573 1019 615 1049; x_wconf 90' lang='lat' dir='ltr'>ita</span> <span class='ocrx_word' id='word_1_128' title='bbox 631 1018 689 1049; x_wconf 91' lang='lat' dir='ltr'>sibi</span> <span class='ocrx_word' id='word_1_129' title='bbox 714 1019 794 1049; x_wconf 92' lang='lat' dir='ltr'>solet</span> <span class='ocrx_word' id='word_1_130' title='bbox 815 1019 945 1049; x_wconf 91' lang='lat' dir='ltr'>illudere</span> <span class='ocrx_word' id='word_1_131' title='bbox 969 1028 1061 1048; x_wconf 86' lang='lat' dir='ltr'>verus</span> <span class='ocrx_word' id='word_1_132' title='bbox 1085 1024 1206 1056; x_wconf 88' lang='lat' dir='ltr'>auctor,</span> 
     </span>
     <span class='ocr_line' id='line_1_18' title="bbox 136 1060 1208 1106; baseline -0.004 -11"><span class='ocrx_word' id='word_1_133' title='bbox 136 1071 266 1106; x_wconf 89' lang='lat' dir='ltr'>tamque</span> <span class='ocrx_word' id='word_1_134' title='bbox 300 1064 478 1105; x_wconf 84' lang='lat' dir='ltr'>frequenter</span> <span class='ocrx_word' id='word_1_135' title='bbox 501 1063 550 1094; x_wconf 93' lang='lat' dir='ltr'>sui</span> <span class='ocrx_word' id='word_1_136' title='bbox 582 1062 754 1093; x_wconf 90' lang='lat' dir='ltr'>immemor</span> <span class='ocrx_word' id='word_1_137' title='bbox 784 1060 871 1093; x_wconf 88' lang='lat' dir='ltr'>esse?</span> <span class='ocrx_word' id='word_1_138' title='bbox 891 1063 930 1093; x_wconf 88' lang='lat' dir='ltr'>Se</span> <span class='ocrx_word' id='word_1_139' title='bbox 962 1062 1069 1102; x_wconf 89' lang='lat' dir='ltr'>prodit</span> <span class='ocrx_word' id='word_1_140' title='bbox 1100 1062 1208 1101; x_wconf 88' lang='lat' dir='ltr'>ipsum</span> 
     </span>
     <span class='ocr_line' id='line_1_19' title="bbox 136 1107 1207 1149; baseline -0.003 -10"><span class='ocrx_word' id='word_1_141' title='bbox 136 1108 316 1149; x_wconf 87' lang='lat' dir='ltr'>plagiarius,</span> <span class='ocrx_word' id='word_1_142' title='bbox 333 1108 389 1148; x_wconf 91' lang='lat' dir='ltr'>qui</span> <span class='ocrx_word' id='word_1_143' title='bbox 418 1108 641 1148; x_wconf 64' lang='lat' dir='ltr'>neologicam</span> <span class='ocrx_word' id='word_1_144' title='bbox 658 1107 823 1137; x_wconf 89' lang='lat' dir='ltr'>Summam</span> <span class='ocrx_word' id='word_1_145' title='bbox 848 1107 879 1137; x_wconf 90' lang='lat' dir='ltr'>in</span> <span class='ocrx_word' id='word_1_146' title='bbox 897 1107 1034 1146; x_wconf 89' lang='lat' dir='ltr'>Speculo</span> <span class='ocrx_word' id='word_1_147' title='bbox 1058 1115 1207 1146; x_wconf 90' lang='lat' dir='ltr'>praeceps</span> 
     </span>
     <span class='ocr_line' id='line_1_20' title="bbox 136 1152 369 1184; baseline -0.009 0"><span class='ocrx_word' id='word_1_148' title='bbox 136 1152 369 1184; x_wconf 86' lang='lat' dir='ltr'>transcribebat.</span> 
     </span>
    </p>

    <p class='ocr_par' dir='ltr' id='par_1_4' title="bbox 95 1194 1208 2261">
     <span class='ocr_line' id='line_1_21' title="bbox 203 1194 1206 1236; baseline -0.004 -9"><span class='ocrx_word' id='word_1_149' title='bbox 203 1196 396 1236; x_wconf 86' lang='lat' dir='ltr'>Dignissima</span> <span class='ocrx_word' id='word_1_150' title='bbox 419 1195 555 1236; x_wconf 90' lang='lat' dir='ltr'>denique</span> <span class='ocrx_word' id='word_1_151' title='bbox 587 1195 692 1225; x_wconf 89' lang='lat' dir='ltr'>Iacobi</span> <span class='ocrx_word' id='word_1_152' title='bbox 721 1195 855 1225; x_wconf 90' lang='lat' dir='ltr'>Echardi</span> <span class='ocrx_word' id='word_1_153' title='bbox 886 1194 1116 1224; x_wconf 88' lang='lat' dir='ltr'>animadversio</span> <span class='ocrx_word' id='word_1_154' title='bbox 1141 1200 1206 1223; x_wconf 86' lang='lat' dir='ltr'>est:</span> 
     </span>
     <span class='ocr_line' id='line_1_22' title="bbox 134 1238 1208 1280; baseline -0.005 -7"><span class='ocrx_word' id='word_1_155' title='bbox 134 1248 184 1274; x_wconf 89' lang='lat' dir='ltr'>tot</span> <span class='ocrx_word' id='word_1_156' title='bbox 206 1252 231 1272; x_wconf 90' lang='lat' dir='ltr'>s.</span> <span class='ocrx_word' id='word_1_157' title='bbox 248 1241 396 1272; x_wconf 88' lang='lat' dir='ltr'>Thomae</span> <span class='ocrx_word' id='word_1_158' title='bbox 419 1239 632 1280; x_wconf 87' lang='lat' dir='ltr'>quaestiones,</span> <span class='ocrx_word' id='word_1_159' title='bbox 658 1249 739 1280; x_wconf 88' lang='lat' dir='ltr'>quae</span> <span class='ocrx_word' id='word_1_160' title='bbox 768 1246 911 1279; x_wconf 89' lang='lat' dir='ltr'>prostant</span> <span class='ocrx_word' id='word_1_161' title='bbox 934 1239 967 1269; x_wconf 92' lang='lat' dir='ltr'>in</span> <span class='ocrx_word' id='word_1_162' title='bbox 996 1238 1109 1269; x_wconf 90' lang='lat' dir='ltr'>Morali</span> <span class='ocrx_word' id='word_1_163' title='bbox 1133 1238 1208 1278; x_wconf 88' lang='lat' dir='ltr'>Spe-</span> 
     </span>
     <span class='ocr_line' id='line_1_23' title="bbox 131 1282 1207 1325; baseline -0.006 -7"><span class='ocrx_word' id='word_1_164' title='bbox 131 1286 221 1325; x_wconf 78' lang='lat' dir='ltr'>culo,</span> <span class='ocrx_word' id='word_1_165' title='bbox 238 1295 305 1317; x_wconf 89' lang='lat' dir='ltr'>non</span> <span class='ocrx_word' id='word_1_166' title='bbox 328 1294 395 1316; x_wconf 89' lang='lat' dir='ltr'>esse</span> <span class='ocrx_word' id='word_1_167' title='bbox 418 1294 525 1325; x_wconf 87' lang='lat' dir='ltr'>puras,</span> <span class='ocrx_word' id='word_1_168' title='bbox 551 1284 606 1314; x_wconf 90' lang='lat' dir='ltr'>sed</span> <span class='ocrx_word' id='word_1_169' title='bbox 629 1283 874 1324; x_wconf 88' lang='lat' dir='ltr'>quamplurimis</span> <span class='ocrx_word' id='word_1_170' title='bbox 897 1283 1007 1314; x_wconf 87' lang='lat' dir='ltr'>alienis</span> <span class='ocrx_word' id='word_1_171' title='bbox 1035 1282 1207 1313; x_wconf 86' lang='lat' dir='ltr'>admixtas:</span> 
     </span>
     <span class='ocr_line' id='line_1_24' title="bbox 132 1327 1206 1370; baseline -0.006 -7"><span class='ocrx_word' id='word_1_172' title='bbox 132 1337 210 1364; x_wconf 86' lang='lat' dir='ltr'>sunt</span> <span class='ocrx_word' id='word_1_173' title='bbox 233 1330 319 1361; x_wconf 89' lang='lat' dir='ltr'>enim</span> <span class='ocrx_word' id='word_1_174' title='bbox 328 1329 442 1370; x_wconf 73' lang='lat' dir='ltr'>pu&#39;mo</span> <span class='ocrx_word' id='word_1_175' title='bbox 464 1328 666 1370; x_wconf 87' lang='lat' dir='ltr'>quaestiones</span> <span class='ocrx_word' id='word_1_176' title='bbox 682 1328 860 1359; x_wconf 89' lang='lat' dir='ltr'>alternatim</span> <span class='ocrx_word' id='word_1_177' title='bbox 879 1327 1051 1368; x_wconf 90' lang='lat' dir='ltr'>aliquando</span> <span class='ocrx_word' id='word_1_178' title='bbox 1075 1327 1206 1367; x_wconf 87' lang='lat' dir='ltr'>positae:</span> 
     </span>
     <span class='ocr_line' id='line_1_25' title="bbox 132 1371 1207 1414; baseline -0.005 -7"><span class='ocrx_word' id='word_1_179' title='bbox 132 1376 198 1408; x_wconf 74' lang='lat' dir='ltr'>hoc</span> <span class='ocrx_word' id='word_1_180' title='bbox 221 1381 269 1406; x_wconf 84' lang='lat' dir='ltr'>est</span> <span class='ocrx_word' id='word_1_181' title='bbox 290 1371 328 1405; x_wconf 85' lang='lat' dir='ltr'>ex</span> <span class='ocrx_word' id='word_1_182' title='bbox 349 1373 509 1414; x_wconf 84' lang='lat' dir='ltr'>Aquinate</span> <span class='ocrx_word' id='word_1_183' title='bbox 533 1383 608 1412; x_wconf 89' lang='lat' dir='ltr'>una,</span> <span class='ocrx_word' id='word_1_184' title='bbox 625 1373 720 1403; x_wconf 88' lang='lat' dir='ltr'>altera</span> <span class='ocrx_word' id='word_1_185' title='bbox 743 1383 781 1403; x_wconf 87' lang='lat' dir='ltr'>ex</span> <span class='ocrx_word' id='word_1_186' title='bbox 803 1373 884 1403; x_wconf 85' lang='lat' dir='ltr'>alio:</span> <span class='ocrx_word' id='word_1_187' title='bbox 911 1372 962 1402; x_wconf 89' lang='lat' dir='ltr'>vel</span> <span class='ocrx_word' id='word_1_188' title='bbox 985 1382 1022 1403; x_wconf 80' lang='lat' dir='ltr'>ex</span> <span class='ocrx_word' id='word_1_189' title='bbox 1045 1382 1112 1402; x_wconf 93' lang='lat' dir='ltr'>uno</span> <span class='ocrx_word' id='word_1_190' title='bbox 1136 1371 1207 1412; x_wconf 91' lang='lat' dir='ltr'>plu-</span> 
     </span>
     <span class='ocr_line' id='line_1_26' title="bbox 132 1417 1207 1460; baseline -0.003 -11"><span class='ocrx_word' id='word_1_191' title='bbox 132 1431 184 1458; x_wconf 56' lang='grc' dir='ltr'>με</span> <span class='ocrx_word' id='word_1_192' title='bbox 200 1419 371 1460; x_wconf 86' lang='lat' dir='ltr'>pluresque</span> <span class='ocrx_word' id='word_1_193' title='bbox 395 1428 432 1448; x_wconf 80' lang='lat' dir='ltr'>ex</span> <span class='ocrx_word' id='word_1_194' title='bbox 455 1418 571 1449; x_wconf 82' lang='lat' dir='ltr'>altero:</span> <span class='ocrx_word' id='word_1_195' title='bbox 598 1417 761 1458; x_wconf 86' lang='lat' dir='ltr'>praeitque</span> <span class='ocrx_word' id='word_1_196' title='bbox 791 1417 824 1448; x_wconf 92' lang='lat' dir='ltr'>in</span> <span class='ocrx_word' id='word_1_197' title='bbox 854 1417 1012 1458; x_wconf 89' lang='lat' dir='ltr'>aliquibus</span> <span class='ocrx_word' id='word_1_198' title='bbox 1043 1417 1207 1455; x_wconf 85' lang='lat' dir='ltr'>Thomas,</span> 
     </span>
     <span class='ocr_line' id='line_1_27' title="bbox 131 1461 1208 1506; baseline -0.006 -9"><span class='ocrx_word' id='word_1_199' title='bbox 131 1463 340 1506; x_wconf 68' lang='lat' dir='ltr'>subsequitur</span> <span class='ocrx_word' id='word_1_200' title='bbox 370 1463 404 1494; x_wconf 90' lang='lat' dir='ltr'>in</span> <span class='ocrx_word' id='word_1_201' title='bbox 428 1462 507 1494; x_wconf 86' lang='lat' dir='ltr'>aliis.</span> <span class='ocrx_word' id='word_1_202' title='bbox 534 1462 570 1492; x_wconf 91' lang='lat' dir='ltr'>In</span> <span class='ocrx_word' id='word_1_203' title='bbox 593 1462 669 1503; x_wconf 90' lang='lat' dir='ltr'>ipsis</span> <span class='ocrx_word' id='word_1_204' title='bbox 703 1462 840 1493; x_wconf 88' lang='lat' dir='ltr'>articulis</span> <span class='ocrx_word' id='word_1_205' title='bbox 870 1462 982 1492; x_wconf 86' lang='lat' dir='ltr'>eadem</span> <span class='ocrx_word' id='word_1_206' title='bbox 1014 1461 1208 1502; x_wconf 90' lang='lat' dir='ltr'>conspicitur</span> 
     </span>
     <span class='ocr_line' id='line_1_28' title="bbox 135 1506 1207 1547; baseline -0.007 -4"><span class='ocrx_word' id='word_1_207' title='bbox 135 1509 314 1543; x_wconf 73' lang='lat' dir='ltr'>alienorum</span> <span class='ocrx_word' id='word_1_208' title='bbox 337 1507 541 1539; x_wconf 82' lang='lat' dir='ltr'>commixtio:</span> <span class='ocrx_word' id='word_1_209' title='bbox 561 1517 637 1538; x_wconf 92' lang='lat' dir='ltr'>cum</span> <span class='ocrx_word' id='word_1_210' title='bbox 659 1506 703 1538; x_wconf 90' lang='lat' dir='ltr'>ita</span> <span class='ocrx_word' id='word_1_211' title='bbox 725 1506 873 1547; x_wconf 87' lang='lat' dir='ltr'>variegati</span> <span class='ocrx_word' id='word_1_212' title='bbox 901 1513 1104 1546; x_wconf 85' lang='lat' dir='ltr'>compareant</span> <span class='ocrx_word' id='word_1_213' title='bbox 1127 1516 1207 1536; x_wconf 91' lang='lat' dir='ltr'>non-</span> 
     </span>
     <span class='ocr_line' id='line_1_29' title="bbox 134 1550 1208 1592; baseline -0.006 -6"><span class='ocrx_word' id='word_1_214' title='bbox 134 1554 227 1592; x_wconf 80' lang='lat' dir='ltr'>nulli,</span> <span class='ocrx_word' id='word_1_215' title='bbox 253 1560 289 1585; x_wconf 88' lang='lat' dir='ltr'>ut</span> <span class='ocrx_word' id='word_1_216' title='bbox 312 1562 365 1584; x_wconf 83' lang='lat' dir='ltr'>sex</span> <span class='ocrx_word' id='word_1_217' title='bbox 386 1552 488 1583; x_wconf 85' lang='lat' dir='ltr'>lineae</span> <span class='ocrx_word' id='word_1_218' title='bbox 512 1551 574 1583; x_wconf 88' lang='lat' dir='ltr'>sint</span> <span class='ocrx_word' id='word_1_219' title='bbox 597 1551 712 1589; x_wconf 86' lang='lat' dir='ltr'>unius,</span> <span class='ocrx_word' id='word_1_220' title='bbox 739 1561 791 1582; x_wconf 89' lang='lat' dir='ltr'>sex</span> <span class='ocrx_word' id='word_1_221' title='bbox 823 1551 924 1582; x_wconf 88' lang='lat' dir='ltr'>lineae</span> <span class='ocrx_word' id='word_1_222' title='bbox 947 1551 1118 1591; x_wconf 89' lang='lat' dir='ltr'>pluresque</span> <span class='ocrx_word' id='word_1_223' title='bbox 1146 1550 1208 1581; x_wconf 92' lang='lat' dir='ltr'>sint</span> 
     </span>
     <span class='ocr_line' id='line_1_30' title="bbox 133 1593 1207 1638; baseline -0.004 -9"><span class='ocrx_word' id='word_1_224' title='bbox 133 1598 272 1633; x_wconf 75' lang='lat' dir='ltr'>alterius.</span> <span class='ocrx_word' id='word_1_225' title='bbox 296 1597 372 1629; x_wconf 91' lang='lat' dir='ltr'>Hoc</span> <span class='ocrx_word' id='word_1_226' title='bbox 393 1597 497 1628; x_wconf 90' lang='lat' dir='ltr'>solum</span> <span class='ocrx_word' id='word_1_227' title='bbox 529 1597 638 1628; x_wconf 78' lang='lat' dir='ltr'>videas</span> <span class='ocrx_word' id='word_1_228' title='bbox 663 1594 790 1638; x_wconf 88' lang='lat' dir='ltr'>(inquit</span> <span class='ocrx_word' id='word_1_229' title='bbox 822 1593 1025 1638; x_wconf 87' lang='lat' dir='ltr'>Echardus),</span> <span class='ocrx_word' id='word_1_230' title='bbox 1054 1596 1207 1636; x_wconf 78' lang='lat' dir='ltr'>permitto</span> 
     </span>
     <span class='ocr_line' id='line_1_31' title="bbox 129 1641 1208 1685; baseline -0.005 -10"><span class='ocrx_word' id='word_1_231' title='bbox 129 1648 244 1685; x_wconf 77' lang='lat' dir='ltr'>postea</span> <span class='ocrx_word' id='word_1_232' title='bbox 268 1642 434 1679; x_wconf 86' lang='lat' dir='ltr'>iudicium,</span> <span class='ocrx_word' id='word_1_233' title='bbox 458 1651 550 1682; x_wconf 82' lang='lat' dir='ltr'>quem</span> <span class='ocrx_word' id='word_1_234' title='bbox 568 1642 773 1682; x_wconf 82' lang='lat' dir='ltr'>plagiarium</span> <span class='ocrx_word' id='word_1_235' title='bbox 798 1641 970 1671; x_wconf 82' lang='lat' dir='ltr'>existimes.</span> <span class='ocrx_word' id='word_1_236' title='bbox 991 1641 1042 1671; x_wconf 88' lang='lat' dir='ltr'>An</span> <span class='ocrx_word' id='word_1_237' title='bbox 1067 1641 1112 1670; x_wconf 86' lang='lat' dir='ltr'>ita</span> <span class='ocrx_word' id='word_1_238' title='bbox 1136 1649 1208 1670; x_wconf 85' lang='lat' dir='ltr'>cen-</span> 
     </span>
     <span class='ocr_line' id='line_1_32' title="bbox 133 1685 1207 1726; baseline -0.004 -7"><span class='ocrx_word' id='word_1_239' title='bbox 133 1697 208 1720; x_wconf 81' lang='lat' dir='ltr'>seas</span> <span class='ocrx_word' id='word_1_240' title='bbox 243 1688 396 1718; x_wconf 80' lang='lat' dir='ltr'>Thomam</span> <span class='ocrx_word' id='word_1_241' title='bbox 423 1696 542 1717; x_wconf 86' lang='lat' dir='ltr'>aurum</span> <span class='ocrx_word' id='word_1_242' title='bbox 565 1696 659 1716; x_wconf 90' lang='lat' dir='ltr'>suum</span> <span class='ocrx_word' id='word_1_243' title='bbox 684 1686 745 1716; x_wconf 85' lang='lat' dir='ltr'>hac</span> <span class='ocrx_word' id='word_1_244' title='bbox 773 1690 803 1716; x_wconf 85' lang='lat' dir='ltr'>et</span> <span class='ocrx_word' id='word_1_245' title='bbox 827 1686 903 1716; x_wconf 89' lang='lat' dir='ltr'>illac</span> <span class='ocrx_word' id='word_1_246' title='bbox 925 1694 1073 1726; x_wconf 91' lang='lat' dir='ltr'>sparsum</span> <span class='ocrx_word' id='word_1_247' title='bbox 1103 1685 1207 1715; x_wconf 87' lang='lat' dir='ltr'>minu-</span> 
     </span>
     <span class='ocr_line' id='line_1_33' title="bbox 132 1729 1206 1771; baseline -0.005 -7"><span class='ocrx_word' id='word_1_248' title='bbox 132 1733 225 1764; x_wconf 73' lang='lat' dir='ltr'>tatim</span> <span class='ocrx_word' id='word_1_249' title='bbox 250 1733 338 1762; x_wconf 86' lang='lat' dir='ltr'>intra</span> <span class='ocrx_word' id='word_1_250' title='bbox 361 1731 418 1762; x_wconf 84' lang='lat' dir='ltr'>hos</span> <span class='ocrx_word' id='word_1_251' title='bbox 441 1740 563 1761; x_wconf 87' lang='lat' dir='ltr'>arenae</span> <span class='ocrx_word' id='word_1_252' title='bbox 585 1731 731 1761; x_wconf 88' lang='lat' dir='ltr'>cumulos</span> <span class='ocrx_word' id='word_1_253' title='bbox 754 1730 941 1771; x_wconf 71' lang='lat' dir='ltr'>collegisse,</span> <span class='ocrx_word' id='word_1_254' title='bbox 967 1739 1112 1770; x_wconf 83' lang='lat' dir='ltr'>quaeque</span> <span class='ocrx_word' id='word_1_255' title='bbox 1135 1729 1206 1759; x_wconf 90' lang='lat' dir='ltr'>dee·</span> 
     </span>
     <span class='ocr_line' id='line_1_34' title="bbox 132 1774 1208 1816; baseline -0.005 -8"><span class='ocrx_word' id='word_1_256' title='bbox 132 1782 211 1809; x_wconf 83' lang='lat' dir='ltr'>rant</span> <span class='ocrx_word' id='word_1_257' title='bbox 231 1777 335 1808; x_wconf 87' lang='lat' dir='ltr'>solum</span> <span class='ocrx_word' id='word_1_258' title='bbox 351 1775 574 1816; x_wconf 79' lang='lat' dir='ltr'>supplevisse?</span> <span class='ocrx_word' id='word_1_259' title='bbox 591 1775 687 1806; x_wconf 88' lang='lat' dir='ltr'>Haec</span> <span class='ocrx_word' id='word_1_260' title='bbox 702 1775 766 1805; x_wconf 91' lang='lat' dir='ltr'>duo</span> <span class='ocrx_word' id='word_1_261' title='bbox 782 1776 885 1816; x_wconf 90' lang='lat' dir='ltr'>plane</span> <span class='ocrx_word' id='word_1_262' title='bbox 912 1779 988 1805; x_wconf 88' lang='lat' dir='ltr'>sunt</span> <span class='ocrx_word' id='word_1_263' title='bbox 1011 1774 1208 1804; x_wconf 83' lang='lat' dir='ltr'>certissima:</span> 
     </span>
     <span class='ocr_line' id='line_1_35' title="bbox 132 1818 1206 1861; baseline -0.005 -8"><span class='ocrx_word' id='word_1_264' title='bbox 132 1822 208 1853; x_wconf 78' lang='lat' dir='ltr'>hinc</span> <span class='ocrx_word' id='word_1_265' title='bbox 231 1831 315 1858; x_wconf 88' lang='lat' dir='ltr'>eum,</span> <span class='ocrx_word' id='word_1_266' title='bbox 331 1821 476 1861; x_wconf 81' lang='lat' dir='ltr'>quisquis</span> <span class='ocrx_word' id='word_1_267' title='bbox 491 1820 546 1850; x_wconf 90' lang='lat' dir='ltr'>ille</span> <span class='ocrx_word' id='word_1_268' title='bbox 559 1820 612 1856; x_wconf 88' lang='lat' dir='ltr'>sit,</span> <span class='ocrx_word' id='word_1_269' title='bbox 633 1820 690 1860; x_wconf 83' lang='lat' dir='ltr'>qui</span> <span class='ocrx_word' id='word_1_270' title='bbox 712 1820 869 1850; x_wconf 84' lang='lat' dir='ltr'>articulos</span> <span class='ocrx_word' id='word_1_271' title='bbox 898 1819 1051 1849; x_wconf 88' lang='lat' dir='ltr'>Summae</span> <span class='ocrx_word' id='word_1_272' title='bbox 1076 1823 1107 1848; x_wconf 90' lang='lat' dir='ltr'>et</span> <span class='ocrx_word' id='word_1_273' title='bbox 1129 1818 1206 1858; x_wconf 81' lang='lat' dir='ltr'>Spe-</span> 
     </span>
     <span class='ocr_line' id='line_1_36' title="bbox 131 1863 1206 1907; baseline -0.005 -9"><span class='ocrx_word' id='word_1_274' title='bbox 131 1866 206 1898; x_wconf 78' lang='lat' dir='ltr'>culo</span> <span class='ocrx_word' id='word_1_275' title='bbox 229 1873 414 1896; x_wconf 81' lang='lat' dir='ltr'>communes</span> <span class='ocrx_word' id='word_1_276' title='bbox 436 1865 632 1905; x_wconf 77' lang='lat' dir='ltr'>excogitavit</span> <span class='ocrx_word' id='word_1_277' title='bbox 648 1865 789 1904; x_wconf 85' lang='lat' dir='ltr'>primus,</span> <span class='ocrx_word' id='word_1_278' title='bbox 808 1869 838 1894; x_wconf 85' lang='lat' dir='ltr'>et</span> <span class='ocrx_word' id='word_1_279' title='bbox 861 1864 980 1904; x_wconf 84' lang='lat' dir='ltr'>scripto</span> <span class='ocrx_word' id='word_1_280' title='bbox 1004 1863 1206 1907; x_wconf 83' lang='lat' dir='ltr'>commenda-</span> 
     </span>
     <span class='ocr_line' id='line_1_37' title="bbox 133 1908 1208 1949; baseline -0.004 -8"><span class='ocrx_word' id='word_1_281' title='bbox 133 1911 190 1948; x_wconf 74' lang='lat' dir='ltr'>uit,</span> <span class='ocrx_word' id='word_1_282' title='bbox 206 1910 364 1940; x_wconf 81' lang='lat' dir='ltr'>hominem</span> <span class='ocrx_word' id='word_1_283' title='bbox 378 1908 491 1949; x_wconf 86' lang='lat' dir='ltr'>fuisse</span> <span class='ocrx_word' id='word_1_284' title='bbox 506 1909 631 1949; x_wconf 79' lang='lat' dir='ltr'>ingenii</span> <span class='ocrx_word' id='word_1_285' title='bbox 645 1908 832 1940; x_wconf 83' lang='lat' dir='ltr'>excelsioris</span> <span class='ocrx_word' id='word_1_286' title='bbox 855 1913 887 1938; x_wconf 84' lang='lat' dir='ltr'>et</span> <span class='ocrx_word' id='word_1_287' title='bbox 910 1908 1021 1939; x_wconf 88' lang='lat' dir='ltr'>iudicii</span> <span class='ocrx_word' id='word_1_288' title='bbox 1035 1909 1208 1938; x_wconf 85' lang='lat' dir='ltr'>acerrimi:</span> 
     </span>
     <span class='ocr_line' id='line_1_38' title="bbox 131 1953 1206 1995; baseline -0.005 -8"><span class='ocrx_word' id='word_1_289' title='bbox 131 1959 257 1992; x_wconf 75' lang='lat' dir='ltr'>eontra,</span> <span class='ocrx_word' id='word_1_290' title='bbox 274 1954 330 1995; x_wconf 84' lang='lat' dir='ltr'>qui</span> <span class='ocrx_word' id='word_1_291' title='bbox 352 1953 508 1984; x_wconf 86' lang='lat' dir='ltr'>articulos</span> <span class='ocrx_word' id='word_1_292' title='bbox 532 1953 604 1983; x_wconf 88' lang='lat' dir='ltr'>illos</span> <span class='ocrx_word' id='word_1_293' title='bbox 628 1958 692 1983; x_wconf 87' lang='lat' dir='ltr'>tam</span> <span class='ocrx_word' id='word_1_294' title='bbox 716 1955 880 1994; x_wconf 82' lang='lat' dir='ltr'>sapienter</span> <span class='ocrx_word' id='word_1_295' title='bbox 906 1954 1106 1993; x_wconf 78' lang='lat' dir='ltr'>excogitatos</span> <span class='ocrx_word' id='word_1_296' title='bbox 1128 1953 1206 1983; x_wconf 88' lang='lat' dir='ltr'>alie-</span> 
     </span>
     <span class='ocr_line' id='line_1_39' title="bbox 131 1996 1208 2035; baseline -0.004 -4"><span class='ocrx_word' id='word_1_297' title='bbox 131 2000 184 2031; x_wconf 80' lang='lat' dir='ltr'>nis</span> <span class='ocrx_word' id='word_1_298' title='bbox 206 2003 252 2030; x_wconf 77' lang='lat' dir='ltr'>tot</span> <span class='ocrx_word' id='word_1_299' title='bbox 269 2008 310 2030; x_wconf 89' lang='lat' dir='ltr'>ac</span> <span class='ocrx_word' id='word_1_300' title='bbox 332 1998 432 2028; x_wconf 83' lang='lat' dir='ltr'>tantis</span> <span class='ocrx_word' id='word_1_301' title='bbox 454 1998 663 2035; x_wconf 87' lang='lat' dir='ltr'>commiscuit,</span> <span class='ocrx_word' id='word_1_302' title='bbox 681 2007 795 2029; x_wconf 82' lang='lat' dir='ltr'>revera</span> <span class='ocrx_word' id='word_1_303' title='bbox 820 1998 913 2029; x_wconf 87' lang='lat' dir='ltr'>nihili</span> <span class='ocrx_word' id='word_1_304' title='bbox 935 1997 1139 2028; x_wconf 86' lang='lat' dir='ltr'>censendum.</span> <span class='ocrx_word' id='word_1_305' title='bbox 1169 1996 1208 2027; x_wconf 92' lang='lat'>11-</span> 
     </span>
     <span class='ocr_line' id='line_1_40' title="bbox 130 2041 1205 2084; baseline -0.003 -9"><span class='ocrx_word' id='word_1_306' title='bbox 130 2042 202 2075; x_wconf 81' lang='lat' dir='ltr'>lum</span> <span class='ocrx_word' id='word_1_307' title='bbox 224 2042 297 2084; x_wconf 88' lang='lat' dir='ltr'>quis</span> <span class='ocrx_word' id='word_1_308' title='bbox 313 2042 403 2073; x_wconf 91' lang='lat' dir='ltr'>omni</span> <span class='ocrx_word' id='word_1_309' title='bbox 420 2049 583 2073; x_wconf 85' lang='lat' dir='ltr'>summota</span> <span class='ocrx_word' id='word_1_310' title='bbox 598 2042 805 2074; x_wconf 83' lang='lat' dir='ltr'>haesitatione</span> <span class='ocrx_word' id='word_1_311' title='bbox 828 2052 895 2073; x_wconf 91' lang='lat' dir='ltr'>non</span> <span class='ocrx_word' id='word_1_312' title='bbox 917 2042 1027 2073; x_wconf 81' lang='lat' dir='ltr'>dixerit</span> <span class='ocrx_word' id='word_1_313' title='bbox 1051 2041 1205 2072; x_wconf 91' lang='lat' dir='ltr'>continuo</span> 
     </span>
     <span class='ocr_line' id='line_1_41' title="bbox 95 2084 1206 2130; baseline -0.004 -10"><span class='ocrx_word' id='word_1_314' title='bbox 95 2096 105 2101; x_wconf 63' lang='grc'><strong><em>“</em></strong></span> <span class='ocrx_word' id='word_1_315' title='bbox 131 2098 157 2120; x_wconf 74' lang='lat'>⁸.</span> <span class='ocrx_word' id='word_1_316' title='bbox 174 2084 358 2119; x_wconf 81' lang='lat' dir='ltr'>Thomam?</span> <span class='ocrx_word' id='word_1_317' title='bbox 377 2089 425 2118; x_wconf 90' lang='lat' dir='ltr'>Ac</span> <span class='ocrx_word' id='word_1_318' title='bbox 447 2086 700 2130; x_wconf 14' lang='lat' dir='ltr'>istumssSpeculi</span> <span class='ocrx_word' id='word_1_319' title='bbox 722 2088 872 2124; x_wconf 89' lang='lat' dir='ltr'>Moralis,</span> <span class='ocrx_word' id='word_1_320' title='bbox 892 2086 1037 2128; x_wconf 91' lang='lat' dir='ltr'>quisquis</span> <span class='ocrx_word' id='word_1_321' title='bbox 1060 2086 1113 2116; x_wconf 86' lang='lat' dir='ltr'>ille</span> <span class='ocrx_word' id='word_1_322' title='bbox 1137 2086 1206 2117; x_wconf 88' lang='lat' dir='ltr'>fue-</span> 
     </span>
     <span class='ocr_line' id='line_1_42' title="bbox 131 2129 1207 2173; baseline -0.003 -9"><span class='ocrx_word' id='word_1_323' title='bbox 131 2132 196 2171; x_wconf 68' lang='lat' dir='ltr'>rit,</span> <span class='ocrx_word' id='word_1_324' title='bbox 213 2142 281 2163; x_wconf 88' lang='lat' dir='ltr'>non</span> <span class='ocrx_word' id='word_1_325' title='bbox 303 2131 415 2162; x_wconf 86' lang='lat' dir='ltr'>dixerit</span> <span class='ocrx_word' id='word_1_326' title='bbox 446 2129 630 2162; x_wconf 86' lang='lat' dir='ltr'>auctorem?</span> <span class='ocrx_word' id='word_1_327' title='bbox 658 2131 816 2173; x_wconf 91' lang='lat' dir='ltr'>Illumque</span> <span class='ocrx_word' id='word_1_328' title='bbox 839 2141 952 2162; x_wconf 86' lang='lat' dir='ltr'>verum</span> <span class='ocrx_word' id='word_1_329' title='bbox 980 2131 1207 2172; x_wconf 86' lang='lat' dir='ltr'>quaestionum</span> 
     </span>
     <span class='ocr_line' id='line_1_43' title="bbox 131 2175 1205 2217; baseline -0.002 -9"><span class='ocrx_word' id='word_1_330' title='bbox 131 2176 259 2208; x_wconf 78' lang='lat' dir='ltr'>illarum</span> <span class='ocrx_word' id='word_1_331' title='bbox 279 2186 456 2217; x_wconf 89' lang='lat' dir='ltr'>eorumque</span> <span class='ocrx_word' id='word_1_332' title='bbox 479 2176 686 2207; x_wconf 90' lang='lat' dir='ltr'>articulorum</span> <span class='ocrx_word' id='word_1_333' title='bbox 709 2183 884 2217; x_wconf 82' lang='lat' dir='ltr'>parentem,</span> <span class='ocrx_word' id='word_1_334' title='bbox 908 2186 944 2208; x_wconf 85' lang='lat' dir='ltr'>ac</span> <span class='ocrx_word' id='word_1_335' title='bbox 967 2176 1066 2207; x_wconf 89' lang='lat' dir='ltr'>istum</span> <span class='ocrx_word' id='word_1_336' title='bbox 1088 2175 1205 2216; x_wconf 85' lang='lat' dir='ltr'>plagia-</span> 
     </span>
     <span class='ocr_line' id='line_1_44' title="bbox 131 2219 820 2261; baseline 0 -9"><span class='ocrx_word' id='word_1_337' title='bbox 131 2221 218 2252; x_wconf 89' lang='lat' dir='ltr'>rium</span> <span class='ocrx_word' id='word_1_338' title='bbox 241 2228 272 2252; x_wconf 91' lang='lat' dir='ltr'>et</span> <span class='ocrx_word' id='word_1_339' title='bbox 295 2220 388 2251; x_wconf 88' lang='lat' dir='ltr'>alieni</span> <span class='ocrx_word' id='word_1_340' title='bbox 412 2220 517 2252; x_wconf 88' lang='lat' dir='ltr'>foetus</span> <span class='ocrx_word' id='word_1_341' title='bbox 541 2219 820 2261; x_wconf 84' lang='lat' dir='ltr'>depraedatorem?</span> 
     </span>
    </p>

    <p class='ocr_par' dir='ltr' id='par_1_5' title="bbox 129 2264 1206 3197">
     <span class='ocr_line' id='line_1_45' title="bbox 199 2264 1204 2307; baseline -0.001 -11"><span class='ocrx_word' id='word_1_342' title='bbox 199 2265 237 2297; x_wconf 91' lang='lat'>11.</span> <span class='ocrx_word' id='word_1_343' title='bbox 258 2265 526 2303; x_wconf 82' lang='lat' dir='ltr'>Quaestiunculae</span> <span class='ocrx_word' id='word_1_344' title='bbox 550 2273 731 2306; x_wconf 84' lang='lat' dir='ltr'>supersunt,</span> <span class='ocrx_word' id='word_1_345' title='bbox 757 2275 839 2307; x_wconf 88' lang='lat' dir='ltr'>quae</span> <span class='ocrx_word' id='word_1_346' title='bbox 863 2265 972 2306; x_wconf 85' lang='lat' dir='ltr'>paucis</span> <span class='ocrx_word' id='word_1_347' title='bbox 997 2264 1204 2304; x_wconf 86' lang='lat' dir='ltr'>dirimantur,</span> 
     </span>
     <span class='ocr_line' id='line_1_46' title="bbox 132 2309 1204 2350; baseline -0.002 -8"><span class='ocrx_word' id='word_1_348' title='bbox 132 2317 169 2342; x_wconf 90' lang='lat' dir='ltr'>ut</span> <span class='ocrx_word' id='word_1_349' title='bbox 192 2310 356 2350; x_wconf 88' lang='lat' dir='ltr'>colophon</span> <span class='ocrx_word' id='word_1_350' title='bbox 379 2310 513 2341; x_wconf 91' lang='lat' dir='ltr'>demum</span> <span class='ocrx_word' id='word_1_351' title='bbox 537 2310 695 2350; x_wconf 91' lang='lat' dir='ltr'>opusculo</span> <span class='ocrx_word' id='word_1_352' title='bbox 719 2317 830 2342; x_wconf 90' lang='lat' dir='ltr'>nostro</span> <span class='ocrx_word' id='word_1_353' title='bbox 854 2310 1048 2350; x_wconf 84' lang='lat' dir='ltr'>imponatur.</span> <span class='ocrx_word' id='word_1_354' title='bbox 1072 2309 1204 2350; x_wconf 90' lang='lat' dir='ltr'>Inquiri-</span> 
     </span>
     <span class='ocr_line' id='line_1_47' title="bbox 130 2354 1206 2396; baseline -0.003 -9"><span class='ocrx_word' id='word_1_355' title='bbox 130 2361 184 2387; x_wconf 86' lang='lat' dir='ltr'>tur</span> <span class='ocrx_word' id='word_1_356' title='bbox 206 2354 323 2395; x_wconf 85' lang='lat' dir='ltr'>primo,</span> <span class='ocrx_word' id='word_1_357' title='bbox 339 2364 406 2396; x_wconf 91' lang='lat' dir='ltr'>quo</span> <span class='ocrx_word' id='word_1_358' title='bbox 422 2354 624 2385; x_wconf 90' lang='lat' dir='ltr'>verisimilius</span> <span class='ocrx_word' id='word_1_359' title='bbox 647 2362 792 2396; x_wconf 88' lang='lat' dir='ltr'>tempore</span> <span class='ocrx_word' id='word_1_360' title='bbox 811 2354 952 2386; x_wconf 89' lang='lat' dir='ltr'>floruerit</span> <span class='ocrx_word' id='word_1_361' title='bbox 971 2354 1206 2385; x_wconf 82' lang='lat' dir='ltr'>consarcinator</span> 
     </span>
     <span class='ocr_line' id='line_1_48' title="bbox 131 2397 1204 2440; baseline -0.003 -9"><span class='ocrx_word' id='word_1_362' title='bbox 131 2399 259 2440; x_wconf 86' lang='lat' dir='ltr'>speculi</span> <span class='ocrx_word' id='word_1_363' title='bbox 282 2398 423 2437; x_wconf 87' lang='lat' dir='ltr'>Moralis,</span> <span class='ocrx_word' id='word_1_364' title='bbox 439 2399 581 2440; x_wconf 90' lang='lat' dir='ltr'>illudque</span> <span class='ocrx_word' id='word_1_365' title='bbox 605 2399 723 2440; x_wconf 88' lang='lat' dir='ltr'>publici</span> <span class='ocrx_word' id='word_1_366' title='bbox 742 2399 819 2431; x_wconf 90' lang='lat' dir='ltr'>iuris</span> <span class='ocrx_word' id='word_1_367' title='bbox 843 2397 970 2430; x_wconf 87' lang='lat' dir='ltr'>fecerit?</span> <span class='ocrx_word' id='word_1_368' title='bbox 990 2399 1057 2429; x_wconf 88' lang='lat' dir='ltr'>lam</span> <span class='ocrx_word' id='word_1_369' title='bbox 1081 2399 1204 2438; x_wconf 86' lang='lat' dir='ltr'>egimus</span> 
     </span>
     <span class='ocr_line' id='line_1_49' title="bbox 132 2443 1204 2485; baseline -0.002 -10"><span class='ocrx_word' id='word_1_370' title='bbox 132 2443 233 2484; x_wconf 78' lang='lat' dir='ltr'>capite</span> <span class='ocrx_word' id='word_1_371' title='bbox 255 2454 296 2482; x_wconf 85' lang='lat'>11,</span> <span class='ocrx_word' id='word_1_372' title='bbox 326 2453 416 2474; x_wconf 88' lang='lat' dir='ltr'>num.</span> <span class='ocrx_word' id='word_1_373' title='bbox 442 2453 459 2474; x_wconf 87' lang='lat'>2</span> <span class='ocrx_word' id='word_1_374' title='bbox 485 2444 523 2474; x_wconf 91' lang='lat' dir='ltr'>de</span> <span class='ocrx_word' id='word_1_375' title='bbox 540 2444 679 2485; x_wconf 89' lang='lat' dir='ltr'>quadam</span> <span class='ocrx_word' id='word_1_376' title='bbox 702 2446 735 2475; x_wconf 91' lang='lat' dir='ltr'>in</span> <span class='ocrx_word' id='word_1_377' title='bbox 759 2444 931 2485; x_wconf 87' lang='lat' dir='ltr'>Speculum</span> <span class='ocrx_word' id='word_1_378' title='bbox 954 2443 1136 2474; x_wconf 88' lang='lat' dir='ltr'>Historiale</span> <span class='ocrx_word' id='word_1_379' title='bbox 1158 2450 1204 2473; x_wconf 89' lang='lat' dir='ltr'>ta-</span> 
     </span>
     <span class='ocr_line' id='line_1_50' title="bbox 130 2487 1201 2529; baseline -0.001 -11"><span class='ocrx_word' id='word_1_380' title='bbox 130 2488 224 2527; x_wconf 86' lang='lat' dir='ltr'>bella,</span> <span class='ocrx_word' id='word_1_381' title='bbox 240 2497 339 2529; x_wconf 80' lang='lat' dir='ltr'>quam</span> <span class='ocrx_word' id='word_1_382' title='bbox 354 2494 428 2528; x_wconf 89' lang='lat' dir='ltr'>post</span> <span class='ocrx_word' id='word_1_383' title='bbox 443 2498 565 2519; x_wconf 87' lang='lat' dir='ltr'>annum</span> <span class='ocrx_word' id='word_1_384' title='bbox 586 2489 668 2519; x_wconf 82' lang='lat'>1320</span> <span class='ocrx_word' id='word_1_385' title='bbox 692 2489 828 2519; x_wconf 89' lang='lat' dir='ltr'>confecit</span> <span class='ocrx_word' id='word_1_386' title='bbox 849 2489 983 2518; x_wconf 86' lang='lat' dir='ltr'>loannes</span> <span class='ocrx_word' id='word_1_387' title='bbox 1004 2487 1201 2528; x_wconf 86' lang='lat' dir='ltr'>Hautfuney.</span> 
     </span>
     <span class='ocr_line' id='line_1_51' title="bbox 130 2532 1203 2565; baseline -0.003 0"><span class='ocrx_word' id='word_1_388' title='bbox 130 2533 351 2565; x_wconf 83' lang='lat' dir='ltr'>Memorantur</span> <span class='ocrx_word' id='word_1_389' title='bbox 382 2532 415 2562; x_wconf 93' lang='lat' dir='ltr'>in</span> <span class='ocrx_word' id='word_1_390' title='bbox 439 2543 476 2563; x_wconf 88' lang='lat' dir='ltr'>ea</span> <span class='ocrx_word' id='word_1_391' title='bbox 499 2538 565 2564; x_wconf 87' lang='lat' dir='ltr'>tres</span> <span class='ocrx_word' id='word_1_392' title='bbox 588 2533 751 2564; x_wconf 84' lang='lat' dir='ltr'>dumtaxat</span> <span class='ocrx_word' id='word_1_393' title='bbox 781 2532 940 2564; x_wconf 88' lang='lat' dir='ltr'>Vincentii</span> <span class='ocrx_word' id='word_1_394' title='bbox 971 2532 1203 2562; x_wconf 88' lang='lat' dir='ltr'>Bellovacensis</span> 
     </span>
     <span class='ocr_line' id='line_1_52' title="bbox 131 2576 1202 2618; baseline 0 -11"><span class='ocrx_word' id='word_1_395' title='bbox 131 2577 302 2608; x_wconf 87' lang='lat' dir='ltr'>Summae:</span> <span class='ocrx_word' id='word_1_396' title='bbox 319 2587 402 2618; x_wconf 93' lang='lat' dir='ltr'>quae</span> <span class='ocrx_word' id='word_1_397' title='bbox 417 2577 494 2608; x_wconf 90' lang='lat' dir='ltr'>item</span> <span class='ocrx_word' id='word_1_398' title='bbox 517 2584 695 2608; x_wconf 89' lang='lat' dir='ltr'>recensetur</span> <span class='ocrx_word' id='word_1_399' title='bbox 711 2578 770 2608; x_wconf 93' lang='lat' dir='ltr'>sub</span> <span class='ocrx_word' id='word_1_400' title='bbox 794 2577 888 2608; x_wconf 90' lang='lat' dir='ltr'>titulo</span> <span class='ocrx_word' id='word_1_401' title='bbox 904 2577 1040 2617; x_wconf 88' lang='lat' dir='ltr'>triplicis</span> <span class='ocrx_word' id='word_1_402' title='bbox 1063 2576 1202 2616; x_wconf 89' lang='lat' dir='ltr'>Speculi,</span> 
     </span>
     <span class='ocr_line' id='line_1_53' title="bbox 130 2621 1202 2662; baseline -0.001 -9"><span class='ocrx_word' id='word_1_403' title='bbox 130 2621 314 2659; x_wconf 88' lang='lat' dir='ltr'>Naturalis,</span> <span class='ocrx_word' id='word_1_404' title='bbox 332 2628 363 2652; x_wconf 89' lang='lat' dir='ltr'>et</span> <span class='ocrx_word' id='word_1_405' title='bbox 384 2622 525 2653; x_wconf 90' lang='lat' dir='ltr'>Moralis</span> <span class='ocrx_word' id='word_1_406' title='bbox 548 2631 604 2652; x_wconf 93' lang='lat' dir='ltr'>seu</span> <span class='ocrx_word' id='word_1_407' title='bbox 627 2622 828 2660; x_wconf 88' lang='lat' dir='ltr'>Doctrinalis,</span> <span class='ocrx_word' id='word_1_408' title='bbox 845 2628 876 2652; x_wconf 91' lang='lat' dir='ltr'>et</span> <span class='ocrx_word' id='word_1_409' title='bbox 897 2621 1099 2652; x_wconf 88' lang='lat' dir='ltr'>Historialis.</span> <span class='ocrx_word' id='word_1_410' title='bbox 1117 2622 1202 2662; x_wconf 87' lang='lat' dir='ltr'>Ergo</span> 
     </span>
     <span class='ocr_line' id='line_1_54' title="bbox 130 2665 1203 2707; baseline -0.001 -10"><span class='ocrx_word' id='word_1_411' title='bbox 130 2665 196 2697; x_wconf 82' lang='lat' dir='ltr'>iam</span> <span class='ocrx_word' id='word_1_412' title='bbox 220 2672 343 2697; x_wconf 87' lang='lat' dir='ltr'>constat</span> <span class='ocrx_word' id='word_1_413' title='bbox 367 2673 466 2697; x_wconf 86' lang='lat' dir='ltr'>aetate</span> <span class='ocrx_word' id='word_1_414' title='bbox 495 2666 548 2697; x_wconf 90' lang='lat' dir='ltr'>illa</span> <span class='ocrx_word' id='word_1_415' title='bbox 575 2666 720 2706; x_wconf 89' lang='lat' dir='ltr'>ignotam</span> <span class='ocrx_word' id='word_1_416' title='bbox 743 2666 839 2697; x_wconf 89' lang='lat' dir='ltr'>fuisse</span> <span class='ocrx_word' id='word_1_417' title='bbox 862 2665 1102 2707; x_wconf 66' lang='lat' dir='ltr'>quadrifariam</span> <span class='ocrx_word' id='word_1_418' title='bbox 1127 2676 1203 2706; x_wconf 93' lang='lat' dir='ltr'>ope-</span> 
     </span>
     <span class='ocr_line' id='line_1_55' title="bbox 131 2710 1202 2751; baseline 0 -10"><span class='ocrx_word' id='word_1_419' title='bbox 131 2710 174 2742; x_wconf 90' lang='lat' dir='ltr'>ris</span> <span class='ocrx_word' id='word_1_420' title='bbox 196 2710 396 2742; x_wconf 89' lang='lat' dir='ltr'>Vincentiani</span> <span class='ocrx_word' id='word_1_421' title='bbox 420 2710 642 2751; x_wconf 86' lang='lat' dir='ltr'>partitionem:</span> <span class='ocrx_word' id='word_1_422' title='bbox 672 2711 821 2751; x_wconf 85' lang='lat' dir='ltr'>ignotum</span> <span class='ocrx_word' id='word_1_423' title='bbox 859 2710 955 2742; x_wconf 88' lang='lat' dir='ltr'>etiam</span> <span class='ocrx_word' id='word_1_424' title='bbox 978 2710 1107 2751; x_wconf 89' lang='lat' dir='ltr'>Speculi</span> <span class='ocrx_word' id='word_1_425' title='bbox 1129 2712 1202 2741; x_wconf 91' lang='lat' dir='ltr'>Mo-</span> 
     </span>
     <span class='ocr_line' id='line_1_56' title="bbox 133 2754 1203 2797; baseline -0.001 -11"><span class='ocrx_word' id='word_1_426' title='bbox 133 2755 214 2787; x_wconf 84' lang='lat' dir='ltr'>ralis</span> <span class='ocrx_word' id='word_1_427' title='bbox 246 2765 265 2786; x_wconf 92' lang='lat' dir='ltr'>a</span> <span class='ocrx_word' id='word_1_428' title='bbox 296 2755 469 2786; x_wconf 89' lang='lat' dir='ltr'>Doctrinali</span> <span class='ocrx_word' id='word_1_429' title='bbox 502 2755 670 2786; x_wconf 88' lang='lat' dir='ltr'>discrimen</span> <span class='ocrx_word' id='word_1_430' title='bbox 683 2778 692 2794; x_wconf 95' lang='lat'>,</span> <span class='ocrx_word' id='word_1_431' title='bbox 727 2762 822 2797; x_wconf 86' lang='lat' dir='ltr'>atque</span> <span class='ocrx_word' id='word_1_432' title='bbox 855 2755 1002 2786; x_wconf 87' lang='lat' dir='ltr'>nondum</span> <span class='ocrx_word' id='word_1_433' title='bbox 1033 2754 1203 2795; x_wconf 88' lang='lat' dir='ltr'>interpola-</span> 
     </span>
     <span class='ocr_line' id='line_1_57' title="bbox 130 2799 1202 2841; baseline 0 -11"><span class='ocrx_word' id='word_1_434' title='bbox 130 2806 202 2830; x_wconf 90' lang='lat' dir='ltr'>tum</span> <span class='ocrx_word' id='word_1_435' title='bbox 226 2800 495 2841; x_wconf 87' lang='lat' dir='ltr'>depravatumque</span> <span class='ocrx_word' id='word_1_436' title='bbox 519 2800 655 2831; x_wconf 88' lang='lat' dir='ltr'>auctoris</span> <span class='ocrx_word' id='word_1_437' title='bbox 683 2801 867 2841; x_wconf 83' lang='lat' dir='ltr'>prologum.</span> <span class='ocrx_word' id='word_1_438' title='bbox 892 2799 1066 2840; x_wconf 87' lang='lat' dir='ltr'>Antiquior</span> <span class='ocrx_word' id='word_1_439' title='bbox 1089 2800 1202 2830; x_wconf 86' lang='lat' dir='ltr'>adduci</span> 
     </span>
     <span class='ocr_line' id='line_1_58' title="bbox 131 2844 1201 2886; baseline -0.001 -10"><span class='ocrx_word' id='word_1_440' title='bbox 131 2844 265 2885; x_wconf 80' lang='lat' dir='ltr'>scriptor</span> <span class='ocrx_word' id='word_1_441' title='bbox 294 2844 403 2875; x_wconf 86' lang='lat' dir='ltr'>nullus</span> <span class='ocrx_word' id='word_1_442' title='bbox 426 2851 550 2885; x_wconf 91' lang='lat' dir='ltr'>potest,</span> <span class='ocrx_word' id='word_1_443' title='bbox 575 2845 631 2886; x_wconf 88' lang='lat' dir='ltr'>qui</span> <span class='ocrx_word' id='word_1_444' title='bbox 655 2845 833 2885; x_wconf 85' lang='lat' dir='ltr'>partitionis</span> <span class='ocrx_word' id='word_1_445' title='bbox 856 2844 1114 2886; x_wconf 86' lang='lat' dir='ltr'>quadripartitae</span> <span class='ocrx_word' id='word_1_446' title='bbox 1136 2855 1201 2875; x_wconf 88' lang='lat' dir='ltr'>me-</span> 
     </span>
     <span class='ocr_line' id='line_1_59' title="bbox 129 2888 1199 2930; baseline 0 -11"><span class='ocrx_word' id='word_1_447' title='bbox 129 2888 275 2920; x_wconf 73' lang='lat' dir='ltr'>&#39;mineritz</span> <span class='ocrx_word' id='word_1_448' title='bbox 295 2899 400 2930; x_wconf 89' lang='lat' dir='ltr'>neque</span> <span class='ocrx_word' id='word_1_449' title='bbox 423 2889 547 2920; x_wconf 88' lang='lat' dir='ltr'>codices</span> <span class='ocrx_word' id='word_1_450' title='bbox 570 2900 646 2920; x_wconf 89' lang='lat' dir='ltr'>mss.</span> <span class='ocrx_word' id='word_1_451' title='bbox 666 2890 795 2930; x_wconf 83' lang='lat' dir='ltr'>Speculi</span> <span class='ocrx_word' id='word_1_452' title='bbox 817 2889 958 2920; x_wconf 86' lang='lat' dir='ltr'>Moralis</span> <span class='ocrx_word' id='word_1_453' title='bbox 981 2899 1199 2929; x_wconf 88' lang='lat' dir='ltr'>comparuere,</span> 
     </span>
     <span class='ocr_line' id='line_1_60' title="bbox 130 2932 1201 2974; baseline 0.002 -11"><span class='ocrx_word' id='word_1_454' title='bbox 130 2932 188 2973; x_wconf 91' lang='lat' dir='ltr'>qui</span> <span class='ocrx_word' id='word_1_455' title='bbox 211 2939 282 2963; x_wconf 84' lang='lat' dir='ltr'>ante</span> <span class='ocrx_word' id='word_1_456' title='bbox 305 2933 397 2964; x_wconf 91' lang='lat' dir='ltr'>illum</span> <span class='ocrx_word' id='word_1_457' title='bbox 420 2944 542 2964; x_wconf 89' lang='lat' dir='ltr'>annum</span> <span class='ocrx_word' id='word_1_458' title='bbox 570 2934 685 2965; x_wconf 86' lang='lat' dir='ltr'>exarati</span> <span class='ocrx_word' id='word_1_459' title='bbox 714 2934 840 2965; x_wconf 91' lang='lat' dir='ltr'>fuerint.</span> <span class='ocrx_word' id='word_1_460' title='bbox 866 2934 957 2965; x_wconf 92' lang='lat' dir='ltr'>Unus</span> <span class='ocrx_word' id='word_1_461' title='bbox 986 2934 1111 2974; x_wconf 81' lang='lat' dir='ltr'>allegari</span> <span class='ocrx_word' id='word_1_462' title='bbox 1135 2934 1201 2965; x_wconf 92' lang='lat' dir='ltr'>Ste-</span> 
     </span>
     <span class='ocr_line' id='line_1_61' title="bbox 131 2976 1199 3019; baseline 0.003 -13"><span class='ocrx_word' id='word_1_463' title='bbox 131 2976 257 3016; x_wconf 84' lang='lat' dir='ltr'>phanus</span> <span class='ocrx_word' id='word_1_464' title='bbox 273 2977 312 3008; x_wconf 89' lang='lat' dir='ltr'>de</span> <span class='ocrx_word' id='word_1_465' title='bbox 330 2977 504 3009; x_wconf 86' lang='lat' dir='ltr'>Salanhaco</span> <span class='ocrx_word' id='word_1_466' title='bbox 521 2985 636 3018; x_wconf 90' lang='lat' dir='ltr'>potest,</span> <span class='ocrx_word' id='word_1_467' title='bbox 652 2978 685 3009; x_wconf 90' lang='lat' dir='ltr'>in</span> <span class='ocrx_word' id='word_1_468' title='bbox 701 2979 791 3009; x_wconf 90' lang='lat' dir='ltr'>cuius</span> <span class='ocrx_word' id='word_1_469' title='bbox 809 2985 941 3009; x_wconf 87' lang='lat' dir='ltr'>tractatu</span> <span class='ocrx_word' id='word_1_470' title='bbox 963 2978 1015 3009; x_wconf 91' lang='lat' dir='ltr'>De</span> <span class='ocrx_word' id='word_1_471' title='bbox 1039 2984 1199 3019; x_wconf 84' lang='lat' dir='ltr'>quatuor,</span> 
     </span>
     <span class='ocr_line' id='line_1_62' title="bbox 131 3021 1200 3064; baseline 0.002 -13"><span class='ocrx_word' id='word_1_472' title='bbox 131 3021 165 3051; x_wconf 82' lang='lat' dir='ltr'>in</span> <span class='ocrx_word' id='word_1_473' title='bbox 189 3021 303 3061; x_wconf 86' lang='lat' dir='ltr'>quibus</span> <span class='ocrx_word' id='word_1_474' title='bbox 324 3021 415 3053; x_wconf 86' lang='lat' dir='ltr'>Deus</span> <span class='ocrx_word' id='word_1_475' title='bbox 435 3022 699 3054; x_wconf 84' lang='lat' dir='ltr'>Praedicatorum</span> <span class='ocrx_word' id='word_1_476' title='bbox 728 3022 882 3054; x_wconf 87' lang='lat' dir='ltr'>Ordinem</span> <span class='ocrx_word' id='word_1_477' title='bbox 913 3023 1099 3064; x_wconf 78' lang='lat' dir='ltr'>insignivit,</span> <span class='ocrx_word' id='word_1_478' title='bbox 1124 3023 1200 3054; x_wconf 88' lang='lat' dir='ltr'>Vin-</span> 
     </span>
     <span class='ocr_line' id='line_1_63' title="bbox 131 3064 1200 3108; baseline 0.003 -13"><span class='ocrx_word' id='word_1_479' title='bbox 131 3064 226 3096; x_wconf 90' lang='lat' dir='ltr'>centii</span> <span class='ocrx_word' id='word_1_480' title='bbox 249 3075 333 3105; x_wconf 90' lang='lat' dir='ltr'>opus</span> <span class='ocrx_word' id='word_1_481' title='bbox 356 3073 561 3105; x_wconf 84' lang='lat' dir='ltr'>memoratur,</span> <span class='ocrx_word' id='word_1_482' title='bbox 578 3073 718 3107; x_wconf 83' lang='lat' dir='ltr'>quatuor</span> <span class='ocrx_word' id='word_1_483' title='bbox 733 3067 877 3108; x_wconf 88' lang='lat' dir='ltr'>Speculis</span> <span class='ocrx_word' id='word_1_484' title='bbox 899 3067 1094 3098; x_wconf 84' lang='lat' dir='ltr'>distinctum.</span> <span class='ocrx_word' id='word_1_485' title='bbox 1114 3068 1200 3098; x_wconf 88' lang='lat' dir='ltr'>Mor·</span> 
     </span>
     <span class='ocr_line' id='line_1_64' title="bbox 131 3109 1200 3152; baseline 0.004 -13"><span class='ocrx_word' id='word_1_486' title='bbox 131 3115 198 3140; x_wconf 89' lang='lat' dir='ltr'>tem</span> <span class='ocrx_word' id='word_1_487' title='bbox 212 3109 291 3140; x_wconf 91' lang='lat' dir='ltr'>obiit</span> <span class='ocrx_word' id='word_1_488' title='bbox 305 3109 353 3140; x_wconf 86' lang='lat' dir='ltr'>vir</span> <span class='ocrx_word' id='word_1_489' title='bbox 369 3109 497 3141; x_wconf 84' lang='lat' dir='ltr'>illustris</span> <span class='ocrx_word' id='word_1_490' title='bbox 513 3121 597 3142; x_wconf 90' lang='lat' dir='ltr'>anno</span> <span class='ocrx_word' id='word_1_491' title='bbox 619 3121 712 3152; x_wconf 88' lang='lat'>1290.</span> <span class='ocrx_word' id='word_1_492' title='bbox 729 3114 772 3142; x_wconf 93' lang='lat' dir='ltr'>At</span> <span class='ocrx_word' id='word_1_493' title='bbox 786 3111 952 3152; x_wconf 88' lang='lat' dir='ltr'>negotium</span> <span class='ocrx_word' id='word_1_494' title='bbox 972 3112 1046 3142; x_wconf 92' lang='lat' dir='ltr'>inde</span> <span class='ocrx_word' id='word_1_495' title='bbox 1069 3112 1200 3144; x_wconf 88' lang='lat' dir='ltr'>facessat</span> 
     </span>
     <span class='ocr_line' id='line_1_65' title="bbox 131 3154 1198 3197; baseline 0.004 -13"><span class='ocrx_word' id='word_1_496' title='bbox 131 3154 277 3193; x_wconf 88' lang='lat' dir='ltr'>nullum,</span> <span class='ocrx_word' id='word_1_497' title='bbox 295 3164 370 3185; x_wconf 89' lang='lat' dir='ltr'>cum</span> <span class='ocrx_word' id='word_1_498' title='bbox 393 3154 569 3195; x_wconf 84' lang='lat' dir='ltr'>praedictus</span> <span class='ocrx_word' id='word_1_499' title='bbox 585 3162 732 3187; x_wconf 81' lang='lat' dir='ltr'>tractatus</span> <span class='ocrx_word' id='word_1_500' title='bbox 755 3157 856 3187; x_wconf 91' lang='lat' dir='ltr'>modo</span> <span class='ocrx_word' id='word_1_501' title='bbox 872 3166 972 3197; x_wconf 89' lang='lat' dir='ltr'>purus</span> <span class='ocrx_word' id='word_1_502' title='bbox 995 3166 1062 3187; x_wconf 92' lang='lat' dir='ltr'>non</span> <span class='ocrx_word' id='word_1_503' title='bbox 1081 3163 1198 3196; x_wconf 86' lang='lat' dir='ltr'>exstet,</span> 
     </span>
    </p>
   </div>
   <div class='ocr_carea' id='block_1_3' title="bbox 2264 290 2334 316">
    <p class='ocr_par' dir='ltr' id='par_1_6' title="bbox 2264 290 2334 316">
     <span class='ocr_line' id='line_1_66' title="bbox 2264 290 2334 316; baseline 0.014 -1"><span class='ocrx_word' id='word_1_504' title='bbox 2264 290 2334 316; x_wconf 92' lang='lat' dir='ltr'>CCV</span> 
     </span>
    </p>
   </div>
   <div class='ocr_carea' id='block_1_4' title="bbox 1250 353 2374 3188">
    <p class='ocr_par' dir='ltr' id='par_1_7' title="bbox 1264 353 2333 525">
     <span class='ocr_line' id='line_1_67' title="bbox 1264 353 2333 397; baseline 0.005 -14"><span class='ocrx_word' id='word_1_505' title='bbox 1264 353 1393 393; x_wconf 90' lang='lat' dir='ltr'>qualem</span> <span class='ocrx_word' id='word_1_506' title='bbox 1417 353 1607 384; x_wconf 83' lang='lat' dir='ltr'>Salanhacus</span> <span class='ocrx_word' id='word_1_507' title='bbox 1625 354 1828 385; x_wconf 89' lang='lat' dir='ltr'>elucubravit.</span> <span class='ocrx_word' id='word_1_508' title='bbox 1845 354 2077 385; x_wconf 87' lang='lat' dir='ltr'>Additamentis</span> <span class='ocrx_word' id='word_1_509' title='bbox 2094 357 2212 397; x_wconf 89' lang='lat' dir='ltr'>ubique</span> <span class='ocrx_word' id='word_1_510' title='bbox 2235 357 2333 389; x_wconf 93' lang='lat' dir='ltr'>inser-</span> 
     </span>
     <span class='ocr_line' id='line_1_68' title="bbox 1264 397 2331 442; baseline 0.006 -15"><span class='ocrx_word' id='word_1_511' title='bbox 1264 397 1302 427; x_wconf 88' lang='lat' dir='ltr'>tis</span> <span class='ocrx_word' id='word_1_512' title='bbox 1328 397 1519 438; x_wconf 89' lang='lat' dir='ltr'>adiectisque</span> <span class='ocrx_word' id='word_1_513' title='bbox 1552 398 1706 439; x_wconf 90' lang='lat' dir='ltr'>capitibus</span> <span class='ocrx_word' id='word_1_514' title='bbox 1734 399 1862 439; x_wconf 84' lang='lat' dir='ltr'>integris</span> <span class='ocrx_word' id='word_1_515' title='bbox 1882 405 1913 429; x_wconf 92' lang='lat' dir='ltr'>et</span> <span class='ocrx_word' id='word_1_516' title='bbox 1934 399 2132 439; x_wconf 89' lang='lat' dir='ltr'>longioribus</span> <span class='ocrx_word' id='word_1_517' title='bbox 2161 401 2331 442; x_wconf 92' lang='lat' dir='ltr'>interpola-</span> 
     </span>
     <span class='ocr_line' id='line_1_69' title="bbox 1265 441 2332 484; baseline 0.006 -13"><span class='ocrx_word' id='word_1_518' title='bbox 1265 448 1334 471; x_wconf 89' lang='lat' dir='ltr'>tum</span> <span class='ocrx_word' id='word_1_519' title='bbox 1358 441 1453 472; x_wconf 85' lang='lat' dir='ltr'>fuisse</span> <span class='ocrx_word' id='word_1_520' title='bbox 1477 452 1495 472; x_wconf 92' lang='lat' dir='ltr'>a</span> <span class='ocrx_word' id='word_1_521' title='bbox 1517 442 1677 473; x_wconf 87' lang='lat' dir='ltr'>Bernardo</span> <span class='ocrx_word' id='word_1_522' title='bbox 1708 443 1746 473; x_wconf 93' lang='lat' dir='ltr'>de</span> <span class='ocrx_word' id='word_1_523' title='bbox 1771 443 1938 483; x_wconf 89' lang='lat' dir='ltr'>Guidonis,</span> <span class='ocrx_word' id='word_1_524' title='bbox 1960 444 2016 484; x_wconf 94' lang='lat' dir='ltr'>qui</span> <span class='ocrx_word' id='word_1_525' title='bbox 2039 444 2102 475; x_wconf 91' lang='lat' dir='ltr'>vita</span> <span class='ocrx_word' id='word_1_526' title='bbox 2125 446 2250 476; x_wconf 88' lang='lat' dir='ltr'>mortali</span> <span class='ocrx_word' id='word_1_527' title='bbox 2273 447 2332 477; x_wconf 90' lang='lat' dir='ltr'>rni-</span> 
     </span>
     <span class='ocr_line' id='line_1_70' title="bbox 1264 485 1916 525; baseline 0.005 -10"><span class='ocrx_word' id='word_1_528' title='bbox 1264 485 1363 525; x_wconf 88' lang='lat' dir='ltr'>gravit</span> <span class='ocrx_word' id='word_1_529' title='bbox 1387 496 1471 517; x_wconf 85' lang='lat' dir='ltr'>anno</span> <span class='ocrx_word' id='word_1_530' title='bbox 1501 487 1577 518; x_wconf 84' lang='lat'>1331</span> <span class='ocrx_word' id='word_1_531' title='bbox 1607 487 1722 518; x_wconf 88' lang='lat' dir='ltr'>evincit</span> <span class='ocrx_word' id='word_1_532' title='bbox 1744 488 1916 518; x_wconf 90' lang='lat' dir='ltr'>Echardus.</span> 
     </span>
    </p>

    <p class='ocr_par' dir='ltr' id='par_1_8' title="bbox 1263 530 2374 874">
     <span class='ocr_line' id='line_1_71' title="bbox 1332 530 2334 574; baseline 0.005 -14"><span class='ocrx_word' id='word_1_533' title='bbox 1332 530 1561 561; x_wconf 91' lang='lat' dir='ltr'>Conditionem</span> <span class='ocrx_word' id='word_1_534' title='bbox 1575 532 1871 573; x_wconf 82' lang='lat' dir='ltr'>professionemque</span> <span class='ocrx_word' id='word_1_535' title='bbox 1887 532 2039 572; x_wconf 88' lang='lat' dir='ltr'>plagiarii,</span> <span class='ocrx_word' id='word_1_536' title='bbox 2051 543 2148 574; x_wconf 91' lang='lat' dir='ltr'>quem</span> <span class='ocrx_word' id='word_1_537' title='bbox 2164 533 2293 564; x_wconf 87' lang='lat' dir='ltr'>Thoma</span> <span class='ocrx_word' id='word_1_538' title='bbox 2303 542 2334 566; x_wconf 94' lang='lat' dir='ltr'>et</span> 
     </span>
     <span class='ocr_line' id='line_1_72' title="bbox 1263 574 2330 619; baseline 0.005 -15"><span class='ocrx_word' id='word_1_539' title='bbox 1263 574 1477 605; x_wconf 86' lang='lat' dir='ltr'>Bellovacensi</span> <span class='ocrx_word' id='word_1_540' title='bbox 1494 576 1700 607; x_wconf 88' lang='lat' dir='ltr'>recentiorem</span> <span class='ocrx_word' id='word_1_541' title='bbox 1716 577 1868 615; x_wconf 90' lang='lat' dir='ltr'>vidimus,</span> <span class='ocrx_word' id='word_1_542' title='bbox 1893 577 1987 607; x_wconf 91' lang='lat' dir='ltr'>altera</span> <span class='ocrx_word' id='word_1_543' title='bbox 2003 578 2155 618; x_wconf 87' lang='lat' dir='ltr'>perquirit</span> <span class='ocrx_word' id='word_1_544' title='bbox 2176 579 2330 619; x_wconf 92' lang='lat' dir='ltr'>quaestio.</span> 
     </span>
     <span class='ocr_line' id='line_1_73' title="bbox 1264 619 2330 661; baseline 0.005 -13"><span class='ocrx_word' id='word_1_545' title='bbox 1264 619 1408 649; x_wconf 85' lang='lat' dir='ltr'>Laudato</span> <span class='ocrx_word' id='word_1_546' title='bbox 1426 620 1570 650; x_wconf 85' lang='lat' dir='ltr'>Echardo</span> <span class='ocrx_word' id='word_1_547' title='bbox 1587 621 1652 651; x_wconf 94' lang='lat' dir='ltr'>duo</span> <span class='ocrx_word' id='word_1_548' title='bbox 1669 627 1743 652; x_wconf 92' lang='lat' dir='ltr'>sunt</span> <span class='ocrx_word' id='word_1_549' title='bbox 1757 621 1815 652; x_wconf 87' lang='lat' dir='ltr'>hac</span> <span class='ocrx_word' id='word_1_550' title='bbox 1830 621 1863 651; x_wconf 88' lang='lat' dir='ltr'>in</span> <span class='ocrx_word' id='word_1_551' title='bbox 1878 631 1910 651; x_wconf 92' lang='lat' dir='ltr'>re</span> <span class='ocrx_word' id='word_1_552' title='bbox 1925 631 2005 661; x_wconf 92' lang='lat' dir='ltr'>pene</span> <span class='ocrx_word' id='word_1_553' title='bbox 2022 622 2203 653; x_wconf 88' lang='lat' dir='ltr'>certissima:</span> <span class='ocrx_word' id='word_1_554' title='bbox 2221 633 2246 653; x_wconf 93' lang='lat'>1.</span> <span class='ocrx_word' id='word_1_555' title='bbox 2262 624 2330 654; x_wconf 90' lang='lat' dir='ltr'>Ho-</span> 
     </span>
     <span class='ocr_line' id='line_1_74' title="bbox 1264 663 2374 705; baseline 0.005 -13"><span class='ocrx_word' id='word_1_556' title='bbox 1264 663 1384 693; x_wconf 89' lang='lat' dir='ltr'>minem</span> <span class='ocrx_word' id='word_1_557' title='bbox 1408 663 1504 695; x_wconf 90' lang='lat' dir='ltr'>fuisse</span> <span class='ocrx_word' id='word_1_558' title='bbox 1527 665 1608 696; x_wconf 90' lang='lat' dir='ltr'>votis</span> <span class='ocrx_word' id='word_1_559' title='bbox 1641 665 1793 705; x_wconf 89' lang='lat' dir='ltr'>religiosis</span> <span class='ocrx_word' id='word_1_560' title='bbox 1824 666 2017 696; x_wconf 88' lang='lat' dir='ltr'>adstrictum:</span> <span class='ocrx_word' id='word_1_561' title='bbox 2046 676 2075 697; x_wconf 86' lang='lat'>2.</span> <span class='ocrx_word' id='word_1_562' title='bbox 2101 667 2153 697; x_wconf 94' lang='lat' dir='ltr'>Ad</span> <span class='ocrx_word' id='word_1_563' title='bbox 2176 667 2332 698; x_wconf 91' lang='lat' dir='ltr'>Ordinem</span> <span class='ocrx_word' id='word_1_564' title='bbox 2367 672 2374 677; x_wconf 66' lang='lat'><em>²</em></span> 
     </span>
     <span class='ocr_line' id='line_1_75' title="bbox 1263 708 2332 750; baseline 0.006 -13"><span class='ocrx_word' id='word_1_565' title='bbox 1263 708 1519 739; x_wconf 75' lang='lat' dir='ltr'>Praedicatorum</span> <span class='ocrx_word' id='word_1_566' title='bbox 1541 719 1608 740; x_wconf 90' lang='lat' dir='ltr'>non</span> <span class='ocrx_word' id='word_1_567' title='bbox 1624 710 1788 750; x_wconf 91' lang='lat' dir='ltr'>pertinere.</span> <span class='ocrx_word' id='word_1_568' title='bbox 1810 710 2004 741; x_wconf 88' lang='lat' dir='ltr'>Peculiarem</span> <span class='ocrx_word' id='word_1_569' title='bbox 2025 711 2179 743; x_wconf 87' lang='lat' dir='ltr'>Ordinem</span> <span class='ocrx_word' id='word_1_570' title='bbox 2202 711 2332 743; x_wconf 86' lang='lat' dir='ltr'>definire</span> 
     </span>
     <span class='ocr_line' id='line_1_76' title="bbox 1263 753 2331 797; baseline 0.005 -15"><span class='ocrx_word' id='word_1_571' title='bbox 1263 762 1330 782; x_wconf 93' lang='lat' dir='ltr'>non</span> <span class='ocrx_word' id='word_1_572' title='bbox 1354 753 1464 783; x_wconf 90' lang='lat' dir='ltr'>audet:</span> <span class='ocrx_word' id='word_1_573' title='bbox 1485 760 1533 784; x_wconf 90' lang='lat' dir='ltr'>tot</span> <span class='ocrx_word' id='word_1_574' title='bbox 1554 764 1629 784; x_wconf 92' lang='lat' dir='ltr'>vero</span> <span class='ocrx_word' id='word_1_575' title='bbox 1655 754 1848 785; x_wconf 90' lang='lat' dir='ltr'>coniecturas</span> <span class='ocrx_word' id='word_1_576' title='bbox 1872 755 2060 794; x_wconf 89' lang='lat' dir='ltr'>accumulat,</span> <span class='ocrx_word' id='word_1_577' title='bbox 2078 766 2157 797; x_wconf 89' lang='lat' dir='ltr'>quas</span> <span class='ocrx_word' id='word_1_578' title='bbox 2179 756 2272 787; x_wconf 92' lang='lat' dir='ltr'>Petro</span> <span class='ocrx_word' id='word_1_579' title='bbox 2293 757 2331 787; x_wconf 90' lang='lat' dir='ltr'>de</span> 
     </span>
     <span class='ocr_line' id='line_1_77' title="bbox 1263 796 2330 842; baseline 0.006 -16"><span class='ocrx_word' id='word_1_580' title='bbox 1263 796 1344 826; x_wconf 88' lang='lat' dir='ltr'>Alva</span> <span class='ocrx_word' id='word_1_581' title='bbox 1367 797 1613 828; x_wconf 89' lang='lat' dir='ltr'>animadvertere</span> <span class='ocrx_word' id='word_1_582' title='bbox 1630 798 1655 828; x_wconf 94' lang='lat' dir='ltr'>si</span> <span class='ocrx_word' id='word_1_583' title='bbox 1679 799 1826 837; x_wconf 90' lang='lat' dir='ltr'>licuisset,</span> <span class='ocrx_word' id='word_1_584' title='bbox 1843 799 1922 829; x_wconf 89' lang='lat' dir='ltr'>nihil</span> <span class='ocrx_word' id='word_1_585' title='bbox 1936 799 2092 831; x_wconf 85' lang='lat' dir='ltr'>haesitans</span> <span class='ocrx_word' id='word_1_586' title='bbox 2108 801 2238 831; x_wconf 87' lang='lat' dir='ltr'>Morale</span> <span class='ocrx_word' id='word_1_587' title='bbox 2252 801 2330 842; x_wconf 87' lang='lat' dir='ltr'>Spe-</span> 
     </span>
     <span class='ocr_line' id='line_1_78' title="bbox 1264 841 1973 874; baseline 0.004 -3"><span class='ocrx_word' id='word_1_588' title='bbox 1264 841 1371 872; x_wconf 88' lang='lat' dir='ltr'>culum</span> <span class='ocrx_word' id='word_1_589' title='bbox 1396 842 1444 872; x_wconf 93' lang='lat' dir='ltr'>sui</span> <span class='ocrx_word' id='word_1_590' title='bbox 1468 842 1596 873; x_wconf 91' lang='lat' dir='ltr'>Ordinis</span> <span class='ocrx_word' id='word_1_591' title='bbox 1620 842 1752 873; x_wconf 90' lang='lat' dir='ltr'>alumno</span> <span class='ocrx_word' id='word_1_592' title='bbox 1776 843 1973 874; x_wconf 88' lang='lat' dir='ltr'>vindicasset.</span> 
     </span>
    </p>

    <p class='ocr_par' dir='ltr' id='par_1_9' title="bbox 1262 885 2341 1592">
     <span class='ocr_line' id='line_1_79' title="bbox 1323 885 2331 930; baseline 0.005 -15"><span class='ocrx_word' id='word_1_593' title='bbox 1323 885 1382 921; x_wconf 74' lang='lat'>111.</span> <span class='ocrx_word' id='word_1_594' title='bbox 1403 886 1511 916; x_wconf 90' lang='lat' dir='ltr'>Notari</span> <span class='ocrx_word' id='word_1_595' title='bbox 1536 896 1610 926; x_wconf 86' lang='lat' dir='ltr'>ergo</span> <span class='ocrx_word' id='word_1_596' title='bbox 1634 896 1674 916; x_wconf 90' lang='lat' dir='ltr'>ne</span> <span class='ocrx_word' id='word_1_597' title='bbox 1692 887 1854 927; x_wconf 83' lang='lat' dir='ltr'>plagiarii</span> <span class='ocrx_word' id='word_1_598' title='bbox 1871 887 2001 918; x_wconf 89' lang='lat' dir='ltr'>nomine</span> <span class='ocrx_word' id='word_1_599' title='bbox 2025 888 2092 919; x_wconf 91' lang='lat' dir='ltr'>iure</span> <span class='ocrx_word' id='word_1_600' title='bbox 2115 895 2220 930; x_wconf 86' lang='lat' dir='ltr'>queat;</span> <span class='ocrx_word' id='word_1_601' title='bbox 2244 890 2331 930; x_wconf 92' lang='lat' dir='ltr'>quis-</span> 
     </span>
     <span class='ocr_line' id='line_1_80' title="bbox 1263 928 2330 975; baseline 0.006 -16"><span class='ocrx_word' id='word_1_602' title='bbox 1263 929 1334 969; x_wconf 88' lang='lat' dir='ltr'>quis</span> <span class='ocrx_word' id='word_1_603' title='bbox 1358 929 1410 960; x_wconf 90' lang='lat' dir='ltr'>ille</span> <span class='ocrx_word' id='word_1_604' title='bbox 1433 928 1544 961; x_wconf 90' lang='lat' dir='ltr'>fuerit?</span> <span class='ocrx_word' id='word_1_605' title='bbox 1563 931 1689 960; x_wconf 89' lang='lat' dir='ltr'>Nomen</span> <span class='ocrx_word' id='word_1_606' title='bbox 1714 941 1773 961; x_wconf 92' lang='lat' dir='ltr'>nos</span> <span class='ocrx_word' id='word_1_607' title='bbox 1802 931 1996 972; x_wconf 89' lang='lat' dir='ltr'>frequentius</span> <span class='ocrx_word' id='word_1_608' title='bbox 2024 932 2243 964; x_wconf 82' lang='lat' dir='ltr'>adhibuimus:</span> <span class='ocrx_word' id='word_1_609' title='bbox 2263 944 2330 975; x_wconf 91' lang='lat' dir='ltr'>quo</span> 
     </span>
     <span class='ocr_line' id='line_1_81' title="bbox 1263 974 2331 1017; baseline 0.006 -14"><span class='ocrx_word' id='word_1_610' title='bbox 1263 983 1337 1003; x_wconf 91' lang='lat' dir='ltr'>vero</span> <span class='ocrx_word' id='word_1_611' title='bbox 1354 983 1448 1004; x_wconf 89' lang='lat' dir='ltr'>sensu</span> <span class='ocrx_word' id='word_1_612' title='bbox 1471 981 1501 1005; x_wconf 92' lang='lat' dir='ltr'>et</span> <span class='ocrx_word' id='word_1_613' title='bbox 1515 974 1675 1005; x_wconf 90' lang='lat' dir='ltr'>intellectu</span> <span class='ocrx_word' id='word_1_614' title='bbox 1703 975 1936 1017; x_wconf 87' lang='lat' dir='ltr'>declarandum.</span> <span class='ocrx_word' id='word_1_615' title='bbox 1963 977 2245 1013; x_wconf 89' lang='lat' dir='ltr'>Quaestiunculam</span> <span class='ocrx_word' id='word_1_616' title='bbox 2261 989 2331 1009; x_wconf 92' lang='lat' dir='ltr'>mo-</span> 
     </span>
     <span class='ocr_line' id='line_1_82' title="bbox 1262 1017 2330 1059; baseline 0.006 -12"><span class='ocrx_word' id='word_1_617' title='bbox 1262 1017 1307 1047; x_wconf 90' lang='lat' dir='ltr'>vit</span> <span class='ocrx_word' id='word_1_618' title='bbox 1330 1017 1530 1058; x_wconf 88' lang='lat' dir='ltr'>Theophilus</span> <span class='ocrx_word' id='word_1_619' title='bbox 1554 1019 1748 1059; x_wconf 87' lang='lat' dir='ltr'>Raynaudus</span> <span class='ocrx_word' id='word_1_620' title='bbox 1772 1020 1952 1050; x_wconf 89' lang='lat' dir='ltr'>Erotemate</span> <span class='ocrx_word' id='word_1_621' title='bbox 1974 1031 1993 1050; x_wconf 88' lang='lat' dir='ltr'>x</span> <span class='ocrx_word' id='word_1_622' title='bbox 2009 1021 2057 1051; x_wconf 91' lang='lat' dir='ltr'>De</span> <span class='ocrx_word' id='word_1_623' title='bbox 2080 1022 2170 1052; x_wconf 91' lang='lat' dir='ltr'>malis</span> <span class='ocrx_word' id='word_1_624' title='bbox 2187 1033 2222 1053; x_wconf 90' lang='lat' dir='ltr'>ac</span> <span class='ocrx_word' id='word_1_625' title='bbox 2239 1023 2330 1053; x_wconf 89' lang='lat' dir='ltr'>bonis</span> 
     </span>
     <span class='ocr_line' id='line_1_83' title="bbox 1262 1061 2329 1105; baseline 0.006 -14"><span class='ocrx_word' id='word_1_626' title='bbox 1262 1061 1359 1098; x_wconf 88' lang='lat' dir='ltr'>libris,</span> <span class='ocrx_word' id='word_1_627' title='bbox 1380 1062 1546 1101; x_wconf 89' lang='lat' dir='ltr'>partitione</span> <span class='ocrx_word' id='word_1_628' title='bbox 1570 1073 1591 1100; x_wconf 91' lang='lat'>1,</span> <span class='ocrx_word' id='word_1_629' title='bbox 1608 1063 1635 1103; x_wconf 68' lang='lat'>§-</span> <span class='ocrx_word' id='word_1_630' title='bbox 1654 1064 1685 1101; x_wconf 90' lang='lat'>6,</span> <span class='ocrx_word' id='word_1_631' title='bbox 1701 1073 1835 1104; x_wconf 89' lang='lat' dir='ltr'>eamque</span> <span class='ocrx_word' id='word_1_632' title='bbox 1852 1064 1925 1095; x_wconf 92' lang='lat' dir='ltr'>scite</span> <span class='ocrx_word' id='word_1_633' title='bbox 1947 1075 1982 1095; x_wconf 94' lang='lat' dir='ltr'>ac</span> <span class='ocrx_word' id='word_1_634' title='bbox 2002 1066 2242 1105; x_wconf 89' lang='lat' dir='ltr'>prudentissime</span> <span class='ocrx_word' id='word_1_635' title='bbox 2259 1067 2329 1097; x_wconf 86' lang='lat' dir='ltr'>diri-</span> 
     </span>
     <span class='ocr_line' id='line_1_84' title="bbox 1264 1105 2330 1151; baseline 0.007 -16"><span class='ocrx_word' id='word_1_636' title='bbox 1264 1105 1322 1135; x_wconf 94' lang='lat' dir='ltr'>mit</span> <span class='ocrx_word' id='word_1_637' title='bbox 1345 1106 1516 1137; x_wconf 90' lang='lat' dir='ltr'>Echardus.</span> <span class='ocrx_word' id='word_1_638' title='bbox 1539 1107 1648 1148; x_wconf 86' lang='lat' dir='ltr'>Plagii</span> <span class='ocrx_word' id='word_1_639' title='bbox 1664 1107 1782 1137; x_wconf 91' lang='lat' dir='ltr'>crimen</span> <span class='ocrx_word' id='word_1_640' title='bbox 1806 1108 2011 1139; x_wconf 90' lang='lat' dir='ltr'>admittebant</span> <span class='ocrx_word' id='word_1_641' title='bbox 2032 1109 2127 1148; x_wconf 90' lang='lat' dir='ltr'>olim,</span> <span class='ocrx_word' id='word_1_642' title='bbox 2149 1111 2204 1151; x_wconf 94' lang='lat' dir='ltr'>qui</span> <span class='ocrx_word' id='word_1_643' title='bbox 2229 1111 2330 1142; x_wconf 92' lang='lat' dir='ltr'>civem</span> 
     </span>
     <span class='ocr_line' id='line_1_85' title="bbox 1263 1151 2329 1194; baseline 0.007 -15"><span class='ocrx_word' id='word_1_644' title='bbox 1263 1159 1435 1179; x_wconf 90' lang='lat' dir='ltr'>romanum</span> <span class='ocrx_word' id='word_1_645' title='bbox 1465 1151 1661 1190; x_wconf 85' lang='lat' dir='ltr'>ingenuum,</span> <span class='ocrx_word' id='word_1_646' title='bbox 1686 1151 1869 1182; x_wconf 90' lang='lat' dir='ltr'>libertinum</span> <span class='ocrx_word' id='word_1_647' title='bbox 1895 1163 2084 1194; x_wconf 90' lang='lat' dir='ltr'>servumque</span> <span class='ocrx_word' id='word_1_648' title='bbox 2112 1155 2252 1186; x_wconf 92' lang='lat' dir='ltr'>alienum</span> <span class='ocrx_word' id='word_1_649' title='bbox 2282 1166 2329 1186; x_wconf 92' lang='lat' dir='ltr'>ce-</span> 
     </span>
     <span class='ocr_line' id='line_1_86' title="bbox 1263 1193 2329 1240; baseline 0.007 -17"><span class='ocrx_word' id='word_1_650' title='bbox 1263 1193 1380 1231; x_wconf 89' lang='lat' dir='ltr'>labant,</span> <span class='ocrx_word' id='word_1_651' title='bbox 1396 1194 1611 1233; x_wconf 86' lang='lat' dir='ltr'>vendiderant,</span> <span class='ocrx_word' id='word_1_652' title='bbox 1628 1195 1800 1233; x_wconf 88' lang='lat' dir='ltr'>vinxerant,</span> <span class='ocrx_word' id='word_1_653' title='bbox 1817 1204 2091 1236; x_wconf 85' lang='lat' dir='ltr'>comparaverant:</span> <span class='ocrx_word' id='word_1_654' title='bbox 2117 1206 2225 1229; x_wconf 91' lang='lat' dir='ltr'>contra</span> <span class='ocrx_word' id='word_1_655' title='bbox 2248 1210 2329 1240; x_wconf 88' lang='lat' dir='ltr'>quos</span> 
     </span>
     <span class='ocr_line' id='line_1_87' title="bbox 1264 1237 2341 1284; baseline 0.006 -16"><span class='ocrx_word' id='word_1_656' title='bbox 1264 1237 1314 1268; x_wconf 89' lang='lat' dir='ltr'>lex</span> <span class='ocrx_word' id='word_1_657' title='bbox 1337 1238 1434 1268; x_wconf 89' lang='lat' dir='ltr'>Fabia</span> <span class='ocrx_word' id='word_1_658' title='bbox 1457 1246 1565 1278; x_wconf 88' lang='lat' dir='ltr'>rogata</span> <span class='ocrx_word' id='word_1_659' title='bbox 1581 1246 1636 1270; x_wconf 88' lang='lat' dir='ltr'>est.</span> <span class='ocrx_word' id='word_1_660' title='bbox 1663 1241 1715 1270; x_wconf 90' lang='lat' dir='ltr'>Ad</span> <span class='ocrx_word' id='word_1_661' title='bbox 1730 1240 1885 1271; x_wconf 91' lang='lat' dir='ltr'>librorum</span> <span class='ocrx_word' id='word_1_662' title='bbox 1902 1241 2022 1272; x_wconf 92' lang='lat' dir='ltr'>furtum</span> <span class='ocrx_word' id='word_1_663' title='bbox 2046 1242 2200 1284; x_wconf 91' lang='lat' dir='ltr'>alienique</span> <span class='ocrx_word' id='word_1_664' title='bbox 2226 1244 2341 1284; x_wconf 74' lang='lat' dir='ltr'>operis</span> 
     </span>
     <span class='ocr_line' id='line_1_88' title="bbox 1265 1282 2329 1327; baseline 0.006 -15"><span class='ocrx_word' id='word_1_665' title='bbox 1265 1282 1482 1323; x_wconf 90' lang='lat' dir='ltr'>acceptionem</span> <span class='ocrx_word' id='word_1_666' title='bbox 1505 1293 1567 1314; x_wconf 86' lang='lat' dir='ltr'>vox</span> <span class='ocrx_word' id='word_1_667' title='bbox 1590 1294 1626 1314; x_wconf 90' lang='lat' dir='ltr'>ea</span> <span class='ocrx_word' id='word_1_668' title='bbox 1642 1284 1826 1315; x_wconf 87' lang='lat' dir='ltr'>extenditur.</span> <span class='ocrx_word' id='word_1_669' title='bbox 1845 1285 2008 1326; x_wconf 91' lang='lat' dir='ltr'>Surreptas</span> <span class='ocrx_word' id='word_1_670' title='bbox 2025 1287 2224 1327; x_wconf 91' lang='lat' dir='ltr'>quaestiones</span> <span class='ocrx_word' id='word_1_671' title='bbox 2240 1288 2329 1318; x_wconf 95' lang='lat' dir='ltr'>Tho-</span> 
     </span>
     <span class='ocr_line' id='line_1_89' title="bbox 1265 1329 2329 1369; baseline 0.007 -13"><span class='ocrx_word' id='word_1_672' title='bbox 1265 1337 1335 1357; x_wconf 90' lang='lat' dir='ltr'>mae</span> <span class='ocrx_word' id='word_1_673' title='bbox 1355 1335 1579 1369; x_wconf 89' lang='lat' dir='ltr'>surreptosque</span> <span class='ocrx_word' id='word_1_674' title='bbox 1603 1329 1751 1359; x_wconf 90' lang='lat' dir='ltr'>articulos</span> <span class='ocrx_word' id='word_1_675' title='bbox 1775 1329 1862 1368; x_wconf 92' lang='lat' dir='ltr'>eius,</span> <span class='ocrx_word' id='word_1_676' title='bbox 1879 1337 1910 1360; x_wconf 91' lang='lat' dir='ltr'>et</span> <span class='ocrx_word' id='word_1_677' title='bbox 1932 1331 2008 1361; x_wconf 90' lang='lat' dir='ltr'>haec</span> <span class='ocrx_word' id='word_1_678' title='bbox 2028 1331 2135 1361; x_wconf 87' lang='lat' dir='ltr'>omnia</span> <span class='ocrx_word' id='word_1_679' title='bbox 2159 1332 2255 1363; x_wconf 86' lang='lat' dir='ltr'>celata</span> <span class='ocrx_word' id='word_1_680' title='bbox 2271 1333 2329 1363; x_wconf 91' lang='lat' dir='ltr'>sub</span> 
     </span>
     <span class='ocr_line' id='line_1_90' title="bbox 1264 1371 2330 1415; baseline 0.005 -13"><span class='ocrx_word' id='word_1_681' title='bbox 1264 1371 1395 1402; x_wconf 89' lang='lat' dir='ltr'>nomine</span> <span class='ocrx_word' id='word_1_682' title='bbox 1419 1372 1577 1403; x_wconf 91' lang='lat' dir='ltr'>Vincentii</span> <span class='ocrx_word' id='word_1_683' title='bbox 1593 1373 1837 1412; x_wconf 90' lang='lat' dir='ltr'>Bellovavensis,</span> <span class='ocrx_word' id='word_1_684' title='bbox 1852 1384 1900 1404; x_wconf 93' lang='lat' dir='ltr'>res</span> <span class='ocrx_word' id='word_1_685' title='bbox 1924 1382 1970 1405; x_wconf 88' lang='lat' dir='ltr'>est</span> <span class='ocrx_word' id='word_1_686' title='bbox 1986 1375 2189 1415; x_wconf 89' lang='lat' dir='ltr'>apertissima.</span> <span class='ocrx_word' id='word_1_687' title='bbox 2206 1377 2330 1407; x_wconf 92' lang='lat' dir='ltr'>Doloso</span> 
     </span>
     <span class='ocr_line' id='line_1_91' title="bbox 1265 1415 2328 1461; baseline 0.006 -15"><span class='ocrx_word' id='word_1_688' title='bbox 1265 1423 1295 1446; x_wconf 94' lang='lat' dir='ltr'>et</span> <span class='ocrx_word' id='word_1_689' title='bbox 1317 1415 1426 1447; x_wconf 91' lang='lat' dir='ltr'>invido</span> <span class='ocrx_word' id='word_1_690' title='bbox 1450 1417 1483 1447; x_wconf 93' lang='lat' dir='ltr'>id</span> <span class='ocrx_word' id='word_1_691' title='bbox 1506 1417 1626 1448; x_wconf 87' lang='lat' dir='ltr'>factum</span> <span class='ocrx_word' id='word_1_692' title='bbox 1649 1418 1781 1449; x_wconf 89' lang='lat' dir='ltr'>consilio</span> <span class='ocrx_word' id='word_1_693' title='bbox 1805 1418 1864 1449; x_wconf 89' lang='lat' dir='ltr'>sibi</span> <span class='ocrx_word' id='word_1_694' title='bbox 1888 1429 1984 1450; x_wconf 90' lang='lat' dir='ltr'>nemo</span> <span class='ocrx_word' id='word_1_695' title='bbox 2012 1419 2167 1450; x_wconf 89' lang='lat' dir='ltr'>iudicium</span> <span class='ocrx_word' id='word_1_696' title='bbox 2190 1428 2328 1461; x_wconf 85' lang='lat' dir='ltr'>arroget:</span> 
     </span>
     <span class='ocr_line' id='line_1_92' title="bbox 1264 1461 2331 1502; baseline 0.004 -11"><span class='ocrx_word' id='word_1_697' title='bbox 1264 1467 1300 1491; x_wconf 91' lang='lat' dir='ltr'>ut</span> <span class='ocrx_word' id='word_1_698' title='bbox 1323 1461 1439 1491; x_wconf 90' lang='lat' dir='ltr'>scilicet</span> <span class='ocrx_word' id='word_1_699' title='bbox 1461 1462 1604 1502; x_wconf 85' lang='lat' dir='ltr'>Aquinas</span> <span class='ocrx_word' id='word_1_700' title='bbox 1627 1462 1727 1502; x_wconf 86' lang='lat' dir='ltr'>gloria</span> <span class='ocrx_word' id='word_1_701' title='bbox 1749 1462 1807 1493; x_wconf 90' lang='lat' dir='ltr'>sibi</span> <span class='ocrx_word' id='word_1_702' title='bbox 1831 1463 1935 1494; x_wconf 83' lang='lat' dir='ltr'>debita</span> <span class='ocrx_word' id='word_1_703' title='bbox 1950 1463 2146 1494; x_wconf 79' lang='lat' dir='ltr'>fraudaretur</span> <span class='ocrx_word' id='word_1_704' title='bbox 2166 1465 2215 1495; x_wconf 88' lang='lat' dir='ltr'>vel</span> <span class='ocrx_word' id='word_1_705' title='bbox 2236 1465 2331 1496; x_wconf 84' lang='lat' dir='ltr'>etiam</span> 
     </span>
     <span class='ocr_line' id='line_1_93' title="bbox 1263 1505 2330 1549; baseline 0.005 -14"><span class='ocrx_word' id='word_1_706' title='bbox 1263 1505 1331 1545; x_wconf 89' lang='lat' dir='ltr'>ipse</span> <span class='ocrx_word' id='word_1_707' title='bbox 1347 1506 1560 1537; x_wconf 89' lang='lat' dir='ltr'>traduceretur</span> <span class='ocrx_word' id='word_1_708' title='bbox 1580 1505 1746 1548; x_wconf 81' lang='lat' dir='ltr'>tamq&#39;uam</span> <span class='ocrx_word' id='word_1_709' title='bbox 1766 1507 1945 1548; x_wconf 88' lang='lat' dir='ltr'>plagiarius,</span> <span class='ocrx_word' id='word_1_710' title='bbox 1965 1508 2021 1549; x_wconf 94' lang='lat' dir='ltr'>qui</span> <span class='ocrx_word' id='word_1_711' title='bbox 2038 1518 2113 1539; x_wconf 91' lang='lat' dir='ltr'>suos</span> <span class='ocrx_word' id='word_1_712' title='bbox 2129 1509 2236 1540; x_wconf 91' lang='lat' dir='ltr'>fecerit</span> <span class='ocrx_word' id='word_1_713' title='bbox 2259 1510 2330 1540; x_wconf 92' lang='lat' dir='ltr'>scri-</span> 
     </span>
     <span class='ocr_line' id='line_1_94' title="bbox 1263 1550 1727 1592; baseline 0.004 -12"><span class='ocrx_word' id='word_1_714' title='bbox 1263 1550 1362 1590; x_wconf 91' lang='lat' dir='ltr'>ptoris</span> <span class='ocrx_word' id='word_1_715' title='bbox 1385 1550 1571 1592; x_wconf 86' lang='lat' dir='ltr'>antiquioris</span> <span class='ocrx_word' id='word_1_716' title='bbox 1594 1552 1727 1582; x_wconf 83' lang='lat' dir='ltr'>labores.</span> 
     </span>
    </p>

    <p class='ocr_par' dir='ltr' id='par_1_10' title="bbox 1250 1595 2331 2697">
     <span class='ocr_line' id='line_1_95' title="bbox 1330 1595 2331 1638; baseline 0.004 -13"><span class='ocrx_word' id='word_1_717' title='bbox 1330 1595 1405 1626; x_wconf 89' lang='lat' dir='ltr'>Non</span> <span class='ocrx_word' id='word_1_718' title='bbox 1428 1595 1522 1636; x_wconf 87' lang='lat' dir='ltr'>longe</span> <span class='ocrx_word' id='word_1_719' title='bbox 1547 1595 1677 1627; x_wconf 88' lang='lat' dir='ltr'>fortasse</span> <span class='ocrx_word' id='word_1_720' title='bbox 1701 1607 1719 1626; x_wconf 85' lang='lat' dir='ltr'>a</span> <span class='ocrx_word' id='word_1_721' title='bbox 1741 1606 1816 1627; x_wconf 93' lang='lat' dir='ltr'>vero</span> <span class='ocrx_word' id='word_1_722' title='bbox 1840 1597 1930 1627; x_wconf 91' lang='lat' dir='ltr'>abeat</span> <span class='ocrx_word' id='word_1_723' title='bbox 1952 1596 2021 1636; x_wconf 92' lang='lat' dir='ltr'>ille,</span> <span class='ocrx_word' id='word_1_724' title='bbox 2043 1597 2098 1638; x_wconf 93' lang='lat' dir='ltr'>qui</span> <span class='ocrx_word' id='word_1_725' title='bbox 2122 1598 2277 1629; x_wconf 84' lang='lat' dir='ltr'>existimet</span> <span class='ocrx_word' id='word_1_726' title='bbox 2295 1609 2331 1629; x_wconf 88' lang='lat' dir='ltr'>ea</span> 
     </span>
     <span class='ocr_line' id='line_1_96' title="bbox 1263 1640 2330 1682; baseline 0.004 -12"><span class='ocrx_word' id='word_1_727' title='bbox 1263 1647 1370 1671; x_wconf 89' lang='lat' dir='ltr'>mente</span> <span class='ocrx_word' id='word_1_728' title='bbox 1401 1640 1589 1680; x_wconf 85' lang='lat' dir='ltr'>farraginem</span> <span class='ocrx_word' id='word_1_729' title='bbox 1618 1641 1706 1671; x_wconf 86' lang='lat' dir='ltr'>illam</span> <span class='ocrx_word' id='word_1_730' title='bbox 1730 1641 1858 1682; x_wconf 80' lang='lat' dir='ltr'>speculi</span> <span class='ocrx_word' id='word_1_731' title='bbox 1887 1642 2027 1673; x_wconf 90' lang='lat' dir='ltr'>Moralis</span> <span class='ocrx_word' id='word_1_732' title='bbox 2057 1641 2194 1673; x_wconf 82' lang='lat' dir='ltr'>aliorum</span> <span class='ocrx_word' id='word_1_733' title='bbox 2221 1650 2330 1674; x_wconf 88' lang='lat' dir='ltr'>tracta-</span> 
     </span>
     <span class='ocr_line' id='line_1_97' title="bbox 1261 1685 2330 1726; baseline 0.003 -11"><span class='ocrx_word' id='word_1_734' title='bbox 1261 1685 1357 1723; x_wconf 91' lang='lat' dir='ltr'>tibus,</span> <span class='ocrx_word' id='word_1_735' title='bbox 1374 1685 1624 1726; x_wconf 90' lang='lat' dir='ltr'>quaestionibus,</span> <span class='ocrx_word' id='word_1_736' title='bbox 1641 1685 1777 1716; x_wconf 88' lang='lat' dir='ltr'>articulis</span> <span class='ocrx_word' id='word_1_737' title='bbox 1794 1693 1994 1726; x_wconf 88' lang='lat' dir='ltr'>compactam</span> <span class='ocrx_word' id='word_1_738' title='bbox 2010 1686 2118 1724; x_wconf 82' lang='lat' dir='ltr'>fuisse,</span> <span class='ocrx_word' id='word_1_739' title='bbox 2135 1694 2171 1718; x_wconf 93' lang='lat' dir='ltr'>ut</span> <span class='ocrx_word' id='word_1_740' title='bbox 2185 1687 2219 1718; x_wconf 85' lang='lat' dir='ltr'>in</span> <span class='ocrx_word' id='word_1_741' title='bbox 2235 1687 2330 1718; x_wconf 93' lang='lat' dir='ltr'>libro-</span> 
     </span>
     <span class='ocr_line' id='line_1_98' title="bbox 1261 1730 2329 1772; baseline 0.003 -12"><span class='ocrx_word' id='word_1_742' title='bbox 1261 1739 1335 1760; x_wconf 90' lang='lat' dir='ltr'>rum</span> <span class='ocrx_word' id='word_1_743' title='bbox 1350 1730 1483 1770; x_wconf 87' lang='lat' dir='ltr'>penuria</span> <span class='ocrx_word' id='word_1_744' title='bbox 1499 1730 1677 1761; x_wconf 90' lang='lat' dir='ltr'>subsidium</span> <span class='ocrx_word' id='word_1_745' title='bbox 1691 1737 1816 1770; x_wconf 90' lang='lat' dir='ltr'>praesto</span> <span class='ocrx_word' id='word_1_746' title='bbox 1840 1730 1921 1761; x_wconf 89' lang='lat' dir='ltr'>foret</span> <span class='ocrx_word' id='word_1_747' title='bbox 1944 1730 2220 1763; x_wconf 86' lang='lat' dir='ltr'>concionatoribus</span> <span class='ocrx_word' id='word_1_748' title='bbox 2241 1742 2329 1772; x_wconf 88' lang='lat' dir='ltr'>prae-</span> 
     </span>
     <span class='ocr_line' id='line_1_99' title="bbox 1262 1774 2329 1817; baseline 0.003 -13"><span class='ocrx_word' id='word_1_749' title='bbox 1262 1774 1380 1812; x_wconf 90' lang='lat' dir='ltr'>sertim,</span> <span class='ocrx_word' id='word_1_750' title='bbox 1397 1784 1432 1805; x_wconf 87' lang='lat' dir='ltr'>ac</span> <span class='ocrx_word' id='word_1_751' title='bbox 1455 1774 1493 1805; x_wconf 89' lang='lat' dir='ltr'>iis</span> <span class='ocrx_word' id='word_1_752' title='bbox 1517 1774 1572 1815; x_wconf 92' lang='lat' dir='ltr'>qui</span> <span class='ocrx_word' id='word_1_753' title='bbox 1604 1775 1825 1815; x_wconf 83' lang='lat' dir='ltr'>proximorum</span> <span class='ocrx_word' id='word_1_754' title='bbox 1858 1775 2109 1806; x_wconf 86' lang='lat' dir='ltr'>confessionibus</span> <span class='ocrx_word' id='word_1_755' title='bbox 2140 1776 2329 1817; x_wconf 87' lang='lat' dir='ltr'>excipiendis</span> 
     </span>
     <span class='ocr_line' id='line_1_100' title="bbox 1261 1818 2329 1860; baseline 0.003 -12"><span class='ocrx_word' id='word_1_756' title='bbox 1261 1818 1376 1850; x_wconf 91' lang='lat' dir='ltr'>addicti</span> <span class='ocrx_word' id='word_1_757' title='bbox 1401 1826 1483 1850; x_wconf 88' lang='lat' dir='ltr'>sunt.</span> <span class='ocrx_word' id='word_1_758' title='bbox 1519 1822 1570 1849; x_wconf 88' lang='lat' dir='ltr'>An</span> <span class='ocrx_word' id='word_1_759' title='bbox 1593 1829 1669 1850; x_wconf 90' lang='lat' dir='ltr'>vero</span> <span class='ocrx_word' id='word_1_760' title='bbox 1693 1819 1812 1850; x_wconf 92' lang='lat' dir='ltr'>absolvi</span> <span class='ocrx_word' id='word_1_761' title='bbox 1842 1820 1931 1850; x_wconf 90' lang='lat' dir='ltr'>omni</span> <span class='ocrx_word' id='word_1_762' title='bbox 1961 1820 2066 1860; x_wconf 89' lang='lat' dir='ltr'>plagio</span> <span class='ocrx_word' id='word_1_763' title='bbox 2097 1820 2208 1852; x_wconf 89' lang='lat' dir='ltr'>debeat</span> <span class='ocrx_word' id='word_1_764' title='bbox 2236 1820 2329 1851; x_wconf 88' lang='lat' dir='ltr'>farra-</span> 
     </span>
     <span class='ocr_line' id='line_1_101' title="bbox 1260 1861 2328 1903; baseline 0.003 -10"><span class='ocrx_word' id='word_1_765' title='bbox 1260 1863 1341 1903; x_wconf 89' lang='lat' dir='ltr'>ginis</span> <span class='ocrx_word' id='word_1_766' title='bbox 1365 1861 1617 1894; x_wconf 84' lang='lat' dir='ltr'>consarcinator?</span> <span class='ocrx_word' id='word_1_767' title='bbox 1644 1864 1706 1894; x_wconf 92' lang='lat' dir='ltr'>Pro</span> <span class='ocrx_word' id='word_1_768' title='bbox 1731 1864 1860 1895; x_wconf 89' lang='lat' dir='ltr'>crimine</span> <span class='ocrx_word' id='word_1_769' title='bbox 1893 1864 2075 1895; x_wconf 88' lang='lat' dir='ltr'>amoliendo</span> <span class='ocrx_word' id='word_1_770' title='bbox 2099 1875 2135 1895; x_wconf 93' lang='lat' dir='ltr'>ea</span> <span class='ocrx_word' id='word_1_771' title='bbox 2166 1866 2260 1896; x_wconf 85' lang='lat' dir='ltr'>verba</span> <span class='ocrx_word' id='word_1_772' title='bbox 2283 1865 2328 1896; x_wconf 86' lang='lat' dir='ltr'>fa-</span> 
     </span>
     <span class='ocr_line' id='line_1_102' title="bbox 1261 1907 2329 1950; baseline 0.003 -12"><span class='ocrx_word' id='word_1_773' title='bbox 1261 1907 1360 1947; x_wconf 89' lang='lat' dir='ltr'>ciunt,</span> <span class='ocrx_word' id='word_1_774' title='bbox 1383 1918 1465 1949; x_wconf 87' lang='lat' dir='ltr'>quae</span> <span class='ocrx_word' id='word_1_775' title='bbox 1497 1908 1531 1939; x_wconf 92' lang='lat' dir='ltr'>in</span> <span class='ocrx_word' id='word_1_776' title='bbox 1561 1909 1700 1949; x_wconf 87' lang='lat' dir='ltr'>Prologo</span> <span class='ocrx_word' id='word_1_777' title='bbox 1733 1908 1923 1949; x_wconf 89' lang='lat' dir='ltr'>interpolato</span> <span class='ocrx_word' id='word_1_778' title='bbox 1949 1909 2142 1950; x_wconf 87' lang='lat' dir='ltr'>vulgatoque</span> <span class='ocrx_word' id='word_1_779' title='bbox 2174 1910 2329 1941; x_wconf 87' lang='lat' dir='ltr'>habentur</span> 
     </span>
     <span class='ocr_line' id='line_1_103' title="bbox 1261 1952 2328 1996; baseline 0.001 -13"><span class='ocrx_word' id='word_1_780' title='bbox 1261 1952 1362 1993; x_wconf 90' lang='lat' dir='ltr'>capite</span> <span class='ocrx_word' id='word_1_781' title='bbox 1385 1961 1451 1983; x_wconf 82' lang='lat' dir='ltr'>xix:</span> <span class='ocrx_word' id='word_1_782' title='bbox 1468 1953 1508 1983; x_wconf 90' lang='lat' dir='ltr'>In</span> <span class='ocrx_word' id='word_1_783' title='bbox 1533 1954 1627 1984; x_wconf 87' lang='lat' dir='ltr'>tertia</span> <span class='ocrx_word' id='word_1_784' title='bbox 1645 1963 1720 1984; x_wconf 81' lang='lat' dir='ltr'>vero</span> <span class='ocrx_word' id='word_1_785' title='bbox 1744 1952 1850 1995; x_wconf 89' lang='lat' dir='ltr'>(parte</span> <span class='ocrx_word' id='word_1_786' title='bbox 1874 1964 1930 1984; x_wconf 90' lang='lat' dir='ltr'>seu</span> <span class='ocrx_word' id='word_1_787' title='bbox 1949 1954 2086 1994; x_wconf 92' lang='lat' dir='ltr'>Speculo</span> <span class='ocrx_word' id='word_1_788' title='bbox 2109 1952 2241 1996; x_wconf 82' lang='lat' dir='ltr'>Morali)</span> <span class='ocrx_word' id='word_1_789' title='bbox 2265 1955 2328 1985; x_wconf 81' lang='lat' dir='ltr'>uir-</span> 
     </span>
     <span class='ocr_line' id='line_1_104' title="bbox 1260 1997 2326 2039; baseline 0.001 -11"><span class='ocrx_word' id='word_1_790' title='bbox 1260 2003 1344 2028; x_wconf 85' lang='lat' dir='ltr'>tutes</span> <span class='ocrx_word' id='word_1_791' title='bbox 1353 2007 1392 2028; x_wconf 89' lang='lat' dir='ltr'>ac</span> <span class='ocrx_word' id='word_1_792' title='bbox 1408 1999 1485 2029; x_wconf 82' lang='lat' dir='ltr'>vitia</span> <span class='ocrx_word' id='word_1_793' title='bbox 1501 1997 1718 2036; x_wconf 85' lang='lat' dir='ltr'>describendo,</span> <span class='ocrx_word' id='word_1_794' title='bbox 1731 2008 1793 2029; x_wconf 89' lang='grc' dir='ltr'>ηοη</span> <span class='ocrx_word' id='word_1_795' title='bbox 1802 1999 1907 2038; x_wconf 88' lang='lat' dir='ltr'>potui,</span> <span class='ocrx_word' id='word_1_796' title='bbox 1926 2003 1962 2029; x_wconf 88' lang='lat' dir='ltr'>ut</span> <span class='ocrx_word' id='word_1_797' title='bbox 1976 2008 2076 2039; x_wconf 84' lang='lat' dir='ltr'>supra</span> <span class='ocrx_word' id='word_1_798' title='bbox 2092 1998 2172 2036; x_wconf 83' lang='lat' dir='ltr'>dixi,</span> <span class='ocrx_word' id='word_1_799' title='bbox 2184 2000 2326 2029; x_wconf 87' lang='lat' dir='ltr'>omnium</span> 
     </span>
     <span class='ocr_line' id='line_1_105' title="bbox 1260 2042 2328 2083; baseline 0.002 -11"><span class='ocrx_word' id='word_1_800' title='bbox 1260 2042 1415 2073; x_wconf 86' lang='lat' dir='ltr'>librorum</span> <span class='ocrx_word' id='word_1_801' title='bbox 1427 2043 1610 2080; x_wconf 88' lang='lat' dir='ltr'>moralium,</span> <span class='ocrx_word' id='word_1_802' title='bbox 1622 2044 1717 2074; x_wconf 86' lang='lat' dir='ltr'>etiam</span> <span class='ocrx_word' id='word_1_803' title='bbox 1734 2053 1813 2083; x_wconf 87' lang='lat' dir='ltr'>quos</span> <span class='ocrx_word' id='word_1_804' title='bbox 1829 2044 1861 2073; x_wconf 86' lang='lat' dir='ltr'>in</span> <span class='ocrx_word' id='word_1_805' title='bbox 1872 2048 2025 2083; x_wconf 83' lang='lat' dir='ltr'>promptu</span> <span class='ocrx_word' id='word_1_806' title='bbox 2042 2043 2206 2081; x_wconf 83' lang='lat' dir='ltr'>habebam,</span> <span class='ocrx_word' id='word_1_807' title='bbox 2218 2053 2328 2074; x_wconf 86' lang='lat' dir='ltr'>omnes</span> 
     </span>
     <span class='ocr_line' id='line_1_106' title="bbox 1250 2087 2327 2129; baseline 0 -11"><span class='ocrx_word' id='word_1_808' title='bbox 1250 2087 1358 2127; x_wconf 89' lang='lat' dir='ltr'>flores</span> <span class='ocrx_word' id='word_1_809' title='bbox 1381 2088 1413 2118; x_wconf 87' lang='lat' dir='ltr'>in</span> <span class='ocrx_word' id='word_1_810' title='bbox 1431 2097 1530 2118; x_wconf 89' lang='lat' dir='ltr'>unum</span> <span class='ocrx_word' id='word_1_811' title='bbox 1547 2088 1702 2129; x_wconf 82' lang='lat' dir='ltr'>colligere</span> <span class='ocrx_word' id='word_1_812' title='bbox 1708 2095 1722 2125; x_wconf 90' lang='lat'>,·</span> <span class='ocrx_word' id='word_1_813' title='bbox 1739 2088 1795 2118; x_wconf 90' lang='lat' dir='ltr'>sed</span> <span class='ocrx_word' id='word_1_814' title='bbox 1810 2087 1850 2118; x_wconf 91' lang='lat' dir='ltr'>de</span> <span class='ocrx_word' id='word_1_815' title='bbox 1872 2088 1981 2118; x_wconf 86' lang='lat' dir='ltr'>multis</span> <span class='ocrx_word' id='word_1_816' title='bbox 1991 2097 2101 2128; x_wconf 82' lang='lat' dir='ltr'>pauca</span> <span class='ocrx_word' id='word_1_817' title='bbox 2110 2098 2175 2128; x_wconf 86' lang='lat' dir='ltr'>pro</span> <span class='ocrx_word' id='word_1_818' title='bbox 2198 2087 2327 2118; x_wconf 91' lang='lat' dir='ltr'>modulo</span> 
     </span>
     <span class='ocr_line' id='line_1_107' title="bbox 1259 2132 2327 2173; baseline 0 -11"><span class='ocrx_word' id='word_1_819' title='bbox 1259 2141 1329 2163; x_wconf 89' lang='lat' dir='ltr'>meo</span> <span class='ocrx_word' id='word_1_820' title='bbox 1353 2132 1484 2173; x_wconf 81' lang='lat' dir='ltr'>eligere.</span> <span class='ocrx_word' id='word_1_821' title='bbox 1503 2132 1632 2163; x_wconf 90' lang='lat' dir='ltr'>Candor</span> <span class='ocrx_word' id='word_1_822' title='bbox 1655 2132 1752 2163; x_wconf 91' lang='lat' dir='ltr'>animi</span> <span class='ocrx_word' id='word_1_823' title='bbox 1776 2132 1898 2163; x_wconf 91' lang='lat' dir='ltr'>videtur</span> <span class='ocrx_word' id='word_1_824' title='bbox 1916 2132 2106 2170; x_wconf 90' lang='lat' dir='ltr'>illucescere,</span> <span class='ocrx_word' id='word_1_825' title='bbox 2122 2142 2189 2172; x_wconf 92' lang='lat' dir='ltr'>quo</span> <span class='ocrx_word' id='word_1_826' title='bbox 2212 2132 2327 2163; x_wconf 90' lang='lat' dir='ltr'>fatetur</span> 
     </span>
     <span class='ocr_line' id='line_1_108' title="bbox 1259 2176 2328 2217; baseline 0 -10"><span class='ocrx_word' id='word_1_827' title='bbox 1259 2177 1494 2207; x_wconf 87' lang='lat' dir='ltr'>consarcinator</span> <span class='ocrx_word' id='word_1_828' title='bbox 1515 2177 1654 2207; x_wconf 90' lang='lat' dir='ltr'>aliorum</span> <span class='ocrx_word' id='word_1_829' title='bbox 1668 2178 1776 2217; x_wconf 86' lang='lat' dir='ltr'>flores</span> <span class='ocrx_word' id='word_1_830' title='bbox 1791 2176 1824 2206; x_wconf 93' lang='lat' dir='ltr'>in</span> <span class='ocrx_word' id='word_1_831' title='bbox 1841 2176 1956 2207; x_wconf 89' lang='lat' dir='ltr'>eodem</span> <span class='ocrx_word' id='word_1_832' title='bbox 1975 2176 2088 2207; x_wconf 91' lang='lat' dir='ltr'>Morali</span> <span class='ocrx_word' id='word_1_833' title='bbox 2112 2176 2248 2216; x_wconf 90' lang='lat' dir='ltr'>Speculo</span> <span class='ocrx_word' id='word_1_834' title='bbox 2265 2177 2328 2207; x_wconf 88' lang='lat' dir='ltr'>col-</span> 
     </span>
     <span class='ocr_line' id='line_1_109' title="bbox 1259 2220 2328 2262; baseline -0.001 -10"><span class='ocrx_word' id='word_1_835' title='bbox 1259 2221 1356 2252; x_wconf 83' lang='lat' dir='ltr'>lectos</span> <span class='ocrx_word' id='word_1_836' title='bbox 1379 2222 1411 2252; x_wconf 87' lang='lat' dir='ltr'>in</span> <span class='ocrx_word' id='word_1_837' title='bbox 1437 2232 1536 2252; x_wconf 88' lang='lat' dir='ltr'>unum</span> <span class='ocrx_word' id='word_1_838' title='bbox 1561 2222 1709 2262; x_wconf 90' lang='lat' dir='ltr'>proponi.</span> <span class='ocrx_word' id='word_1_839' title='bbox 1726 2221 1828 2252; x_wconf 92' lang='lat' dir='ltr'>Minui</span> <span class='ocrx_word' id='word_1_840' title='bbox 1851 2228 1962 2252; x_wconf 87' lang='lat' dir='ltr'>notam</span> <span class='ocrx_word' id='word_1_841' title='bbox 1990 2220 2085 2261; x_wconf 89' lang='lat' dir='ltr'>plagii</span> <span class='ocrx_word' id='word_1_842' title='bbox 2109 2227 2241 2251; x_wconf 89' lang='lat' dir='ltr'>constat.</span> <span class='ocrx_word' id='word_1_843' title='bbox 2267 2221 2328 2252; x_wconf 91' lang='lat' dir='ltr'>Ve—</span> 
     </span>
     <span class='ocr_line' id='line_1_110' title="bbox 1259 2265 2328 2306; baseline 0 -10"><span class='ocrx_word' id='word_1_844' title='bbox 1259 2275 1332 2296; x_wconf 91' lang='lat' dir='ltr'>rum</span> <span class='ocrx_word' id='word_1_845' title='bbox 1364 2266 1467 2296; x_wconf 87' lang='lat' dir='ltr'>adhuc</span> <span class='ocrx_word' id='word_1_846' title='bbox 1499 2266 1728 2306; x_wconf 88' lang='lat' dir='ltr'>vituperatione</span> <span class='ocrx_word' id='word_1_847' title='bbox 1762 2265 1895 2305; x_wconf 88' lang='lat' dir='ltr'>dignum</span> <span class='ocrx_word' id='word_1_848' title='bbox 1926 2272 1990 2295; x_wconf 91' lang='lat' dir='ltr'>est:</span> <span class='ocrx_word' id='word_1_849' title='bbox 2019 2271 2090 2295; x_wconf 90' lang='lat' dir='ltr'>tum</span> <span class='ocrx_word' id='word_1_850' title='bbox 2122 2265 2328 2305; x_wconf 86' lang='lat' dir='ltr'>depraedatos</span> 
     </span>
     <span class='ocr_line' id='line_1_111' title="bbox 1259 2308 2327 2351; baseline -0.002 -10"><span class='ocrx_word' id='word_1_851' title='bbox 1259 2310 1436 2350; x_wconf 87' lang='lat' dir='ltr'>scriptores,</span> <span class='ocrx_word' id='word_1_852' title='bbox 1454 2310 1583 2351; x_wconf 92' lang='lat' dir='ltr'>proprio</span> <span class='ocrx_word' id='word_1_853' title='bbox 1608 2310 1782 2350; x_wconf 84' lang='lat' dir='ltr'>appellatos</span> <span class='ocrx_word' id='word_1_854' title='bbox 1806 2309 1947 2348; x_wconf 92' lang='lat' dir='ltr'>nomine,</span> <span class='ocrx_word' id='word_1_855' title='bbox 1964 2319 2030 2339; x_wconf 92' lang='lat' dir='ltr'>non</span> <span class='ocrx_word' id='word_1_856' title='bbox 2053 2308 2131 2349; x_wconf 88' lang='lat' dir='ltr'>legi:</span> <span class='ocrx_word' id='word_1_857' title='bbox 2159 2316 2230 2340; x_wconf 92' lang='lat' dir='ltr'>tum</span> <span class='ocrx_word' id='word_1_858' title='bbox 2252 2319 2327 2349; x_wconf 91' lang='lat' dir='ltr'>sup-</span> 
     </span>
     <span class='ocr_line' id='line_1_112' title="bbox 1258 2353 2329 2395; baseline -0.001 -10"><span class='ocrx_word' id='word_1_859' title='bbox 1258 2355 1401 2395; x_wconf 91' lang='lat' dir='ltr'>positum</span> <span class='ocrx_word' id='word_1_860' title='bbox 1425 2365 1508 2395; x_wconf 92' lang='lat' dir='ltr'>opus</span> <span class='ocrx_word' id='word_1_861' title='bbox 1532 2354 1698 2385; x_wconf 91' lang='lat' dir='ltr'>Vincentio</span> <span class='ocrx_word' id='word_1_862' title='bbox 1730 2354 1945 2385; x_wconf 88' lang='lat' dir='ltr'>Bellovacensi</span> <span class='ocrx_word' id='word_1_863' title='bbox 1968 2353 2085 2392; x_wconf 84' lang='lat' dir='ltr'>fuisse,</span> <span class='ocrx_word' id='word_1_864' title='bbox 2111 2353 2168 2394; x_wconf 92' lang='lat' dir='ltr'>qui</span> <span class='ocrx_word' id='word_1_865' title='bbox 2199 2354 2329 2384; x_wconf 88' lang='lat' dir='ltr'>Thoma</span> 
     </span>
     <span class='ocr_line' id='line_1_113' title="bbox 1258 2397 2329 2440; baseline -0.001 -11"><span class='ocrx_word' id='word_1_866' title='bbox 1258 2399 1417 2440; x_wconf 87' lang='lat' dir='ltr'>Aquinate</span> <span class='ocrx_word' id='word_1_867' title='bbox 1441 2399 1564 2440; x_wconf 90' lang='lat' dir='ltr'>aliquot</span> <span class='ocrx_word' id='word_1_868' title='bbox 1595 2409 1696 2430; x_wconf 92' lang='lat' dir='ltr'>annos</span> <span class='ocrx_word' id='word_1_869' title='bbox 1728 2398 1888 2440; x_wconf 82' lang='lat' dir='ltr'>antiquior</span> <span class='ocrx_word' id='word_1_870' title='bbox 1911 2405 1967 2429; x_wconf 91' lang='lat' dir='ltr'>est.</span> <span class='ocrx_word' id='word_1_871' title='bbox 1993 2397 2077 2428; x_wconf 90' lang='lat' dir='ltr'>Hinc</span> <span class='ocrx_word' id='word_1_872' title='bbox 2109 2397 2195 2428; x_wconf 89' lang='lat' dir='ltr'>enim</span> <span class='ocrx_word' id='word_1_873' title='bbox 2225 2398 2329 2429; x_wconf 91' lang='lat' dir='ltr'>debita</span> 
     </span>
     <span class='ocr_line' id='line_1_114' title="bbox 1257 2441 2326 2484; baseline 0.001 -11"><span class='ocrx_word' id='word_1_874' title='bbox 1257 2443 1358 2483; x_wconf 88' lang='lat' dir='ltr'>gloria</span> <span class='ocrx_word' id='word_1_875' title='bbox 1380 2443 1425 2473; x_wconf 90' lang='lat' dir='ltr'>illi</span> <span class='ocrx_word' id='word_1_876' title='bbox 1449 2443 1636 2474; x_wconf 87' lang='lat' dir='ltr'>frustrantur</span> <span class='ocrx_word' id='word_1_877' title='bbox 1659 2449 1821 2482; x_wconf 91' lang='lat' dir='ltr'>auctores,</span> <span class='ocrx_word' id='word_1_878' title='bbox 1847 2443 1903 2484; x_wconf 89' lang='lat' dir='ltr'>qui</span> <span class='ocrx_word' id='word_1_879' title='bbox 1927 2442 2075 2474; x_wconf 88' lang='lat' dir='ltr'>nondum</span> <span class='ocrx_word' id='word_1_880' title='bbox 2102 2441 2326 2481; x_wconf 88' lang='lat' dir='ltr'>innotescunt,</span> 
     </span>
     <span class='ocr_line' id='line_1_115' title="bbox 1257 2487 2329 2529; baseline 0 -11"><span class='ocrx_word' id='word_1_881' title='bbox 1257 2487 1496 2529; x_wconf 90' lang='lat' dir='ltr'>transcriptique</span> <span class='ocrx_word' id='word_1_882' title='bbox 1521 2495 1595 2519; x_wconf 90' lang='lat' dir='ltr'>sunt</span> <span class='ocrx_word' id='word_1_883' title='bbox 1617 2488 1650 2518; x_wconf 92' lang='lat' dir='ltr'>in</span> <span class='ocrx_word' id='word_1_884' title='bbox 1674 2488 1831 2528; x_wconf 83' lang='lat' dir='ltr'>Speculo:</span> <span class='ocrx_word' id='word_1_885' title='bbox 1856 2498 1892 2518; x_wconf 89' lang='lat' dir='ltr'>ac</span> <span class='ocrx_word' id='word_1_886' title='bbox 1915 2497 1991 2518; x_wconf 90' lang='lat' dir='ltr'>ansa</span> <span class='ocrx_word' id='word_1_887' title='bbox 2013 2493 2172 2527; x_wconf 90' lang='lat' dir='ltr'>praeterea</span> <span class='ocrx_word' id='word_1_888' title='bbox 2199 2487 2271 2518; x_wconf 89' lang='lat' dir='ltr'>data</span> <span class='ocrx_word' id='word_1_889' title='bbox 2292 2493 2329 2518; x_wconf 95' lang='lat' dir='ltr'>ut</span> 
     </span>
     <span class='ocr_line' id='line_1_116' title="bbox 1256 2531 2328 2572; baseline -0.001 -10"><span class='ocrx_word' id='word_1_890' title='bbox 1256 2532 1290 2562; x_wconf 94' lang='lat' dir='ltr'>in</span> <span class='ocrx_word' id='word_1_891' title='bbox 1314 2532 1448 2563; x_wconf 90' lang='lat' dir='ltr'>dubium</span> <span class='ocrx_word' id='word_1_892' title='bbox 1471 2539 1645 2570; x_wconf 89' lang='lat' dir='ltr'>vocaretur,</span> <span class='ocrx_word' id='word_1_893' title='bbox 1662 2543 1743 2563; x_wconf 88' lang='lat' dir='ltr'>num</span> <span class='ocrx_word' id='word_1_894' title='bbox 1766 2543 1791 2563; x_wconf 91' lang='lat' dir='ltr'>s.</span> <span class='ocrx_word' id='word_1_895' title='bbox 1808 2532 1952 2563; x_wconf 89' lang='lat' dir='ltr'>Thomas</span> <span class='ocrx_word' id='word_1_896' title='bbox 1975 2531 2106 2572; x_wconf 89' lang='lat' dir='ltr'>proprio</span> <span class='ocrx_word' id='word_1_897' title='bbox 2129 2538 2228 2562; x_wconf 88' lang='lat' dir='ltr'>marte</span> <span class='ocrx_word' id='word_1_898' title='bbox 2255 2532 2328 2562; x_wconf 87' lang='lat' dir='ltr'>Pri-</span> 
     </span>
     <span class='ocr_line' id='line_1_117' title="bbox 1257 2575 2327 2614; baseline 0 -8"><span class='ocrx_word' id='word_1_899' title='bbox 1257 2587 1342 2607; x_wconf 89' lang='lat' dir='ltr'>mam</span> <span class='ocrx_word' id='word_1_900' title='bbox 1367 2577 1535 2608; x_wconf 87' lang='lat' dir='ltr'>Secundae</span> <span class='ocrx_word' id='word_1_901' title='bbox 1558 2584 1588 2608; x_wconf 86' lang='lat' dir='ltr'>et</span> <span class='ocrx_word' id='word_1_902' title='bbox 1611 2577 1791 2608; x_wconf 86' lang='lat' dir='ltr'>Secundam</span> <span class='ocrx_word' id='word_1_903' title='bbox 1815 2577 1982 2608; x_wconf 83' lang='lat' dir='ltr'>Secundae</span> <span class='ocrx_word' id='word_1_904' title='bbox 2015 2575 2261 2614; x_wconf 89' lang='lat' dir='ltr'>elucubraverit;</span> <span class='ocrx_word' id='word_1_905' title='bbox 2287 2586 2327 2606; x_wconf 92' lang='lat' dir='ltr'>an</span> 
     </span>
     <span class='ocr_line' id='line_1_118' title="bbox 1256 2620 2325 2663; baseline -0.002 -11"><span class='ocrx_word' id='word_1_906' title='bbox 1256 2621 1364 2661; x_wconf 90' lang='lat' dir='ltr'>potius</span> <span class='ocrx_word' id='word_1_907' title='bbox 1388 2629 1555 2663; x_wconf 86' lang='lat' dir='ltr'>utramque</span> <span class='ocrx_word' id='word_1_908' title='bbox 1579 2622 1769 2662; x_wconf 83' lang='lat' dir='ltr'>expilaverit,</span> <span class='ocrx_word' id='word_1_909' title='bbox 1785 2621 1940 2652; x_wconf 87' lang='lat' dir='ltr'>maiorem</span> <span class='ocrx_word' id='word_1_910' title='bbox 1963 2627 2096 2662; x_wconf 87' lang='lat' dir='ltr'>partem,</span> <span class='ocrx_word' id='word_1_911' title='bbox 2122 2630 2159 2651; x_wconf 83' lang='lat' dir='ltr'>ex</span> <span class='ocrx_word' id='word_1_912' title='bbox 2181 2620 2325 2651; x_wconf 91' lang='lat' dir='ltr'>Bellova-</span> 
     </span>
     <span class='ocr_line' id='line_1_119' title="bbox 1257 2664 1379 2697; baseline 0.008 -1"><span class='ocrx_word' id='word_1_913' title='bbox 1257 2664 1379 2697; x_wconf 87' lang='lat' dir='ltr'>censis?</span> 
     </span>
    </p>

    <p class='ocr_par' dir='ltr' id='par_1_11' title="bbox 1251 2709 2325 3188">
     <span class='ocr_line' id='line_1_120' title="bbox 1323 2709 2325 2752; baseline -0.003 -10"><span class='ocrx_word' id='word_1_914' title='bbox 1323 2713 1366 2742; x_wconf 90' lang='lat' dir='ltr'>At</span> <span class='ocrx_word' id='word_1_915' title='bbox 1389 2711 1497 2752; x_wconf 89' lang='lat' dir='ltr'>ipsum</span> <span class='ocrx_word' id='word_1_916' title='bbox 1520 2711 1656 2752; x_wconf 91' lang='lat' dir='ltr'>denique</span> <span class='ocrx_word' id='word_1_917' title='bbox 1680 2710 1839 2751; x_wconf 89' lang='lat' dir='ltr'>plagium,</span> <span class='ocrx_word' id='word_1_918' title='bbox 1860 2709 2070 2741; x_wconf 87' lang='lat' dir='ltr'>imminutum</span> <span class='ocrx_word' id='word_1_919' title='bbox 2093 2709 2189 2740; x_wconf 85' lang='lat' dir='ltr'>etiam</span> <span class='ocrx_word' id='word_1_920' title='bbox 2211 2719 2325 2749; x_wconf 89' lang='lat' dir='ltr'>purga-</span> 
     </span>
     <span class='ocr_line' id='line_1_121' title="bbox 1256 2753 2324 2797; baseline -0.004 -10"><span class='ocrx_word' id='word_1_921' title='bbox 1256 2762 1391 2797; x_wconf 89' lang='lat' dir='ltr'>tumque</span> <span class='ocrx_word' id='word_1_922' title='bbox 1414 2756 1669 2797; x_wconf 89' lang='lat' dir='ltr'>quodammodo,</span> <span class='ocrx_word' id='word_1_923' title='bbox 1686 2755 1781 2795; x_wconf 85' lang='lat' dir='ltr'>longe</span> <span class='ocrx_word' id='word_1_924' title='bbox 1804 2755 1884 2786; x_wconf 87' lang='lat' dir='ltr'>absit</span> <span class='ocrx_word' id='word_1_925' title='bbox 1907 2755 1945 2785; x_wconf 90' lang='lat' dir='ltr'>ab</span> <span class='ocrx_word' id='word_1_926' title='bbox 1961 2754 2136 2795; x_wconf 87' lang='lat' dir='ltr'>Aquinate:</span> <span class='ocrx_word' id='word_1_927' title='bbox 2154 2753 2242 2794; x_wconf 91' lang='lat' dir='ltr'>quod</span> <span class='ocrx_word' id='word_1_928' title='bbox 2257 2753 2324 2783; x_wconf 88' lang='lat' dir='ltr'>imo</span> 
     </span>
     <span class='ocr_line' id='line_1_122' title="bbox 1256 2797 2324 2841; baseline -0.004 -10"><span class='ocrx_word' id='word_1_929' title='bbox 1256 2810 1296 2831; x_wconf 94' lang='lat' dir='ltr'>eo</span> <span class='ocrx_word' id='word_1_930' title='bbox 1320 2800 1421 2841; x_wconf 86' lang='lat' dir='ltr'>magis</span> <span class='ocrx_word' id='word_1_931' title='bbox 1443 2810 1537 2840; x_wconf 87' lang='lat' dir='ltr'>grave</span> <span class='ocrx_word' id='word_1_932' title='bbox 1556 2800 1588 2830; x_wconf 94' lang='lat' dir='ltr'>in</span> <span class='ocrx_word' id='word_1_933' title='bbox 1612 2800 1683 2840; x_wconf 84' lang='lat' dir='ltr'>i-pso</span> <span class='ocrx_word' id='word_1_934' title='bbox 1707 2806 1880 2840; x_wconf 85' lang='lat' dir='ltr'>appareret,</span> <span class='ocrx_word' id='word_1_935' title='bbox 1904 2799 1929 2829; x_wconf 93' lang='lat' dir='ltr'>si</span> <span class='ocrx_word' id='word_1_936' title='bbox 1945 2798 2145 2840; x_wconf 89' lang='lat' dir='ltr'>quaestiones</span> <span class='ocrx_word' id='word_1_937' title='bbox 2161 2797 2324 2828; x_wconf 86' lang='lat' dir='ltr'>articulos-</span> 
     </span>
     <span class='ocr_line' id='line_1_123' title="bbox 1255 2843 2324 2886; baseline -0.005 -10"><span class='ocrx_word' id='word_1_938' title='bbox 1255 2855 1318 2886; x_wconf 92' lang='lat' dir='ltr'>que</span> <span class='ocrx_word' id='word_1_939' title='bbox 1348 2855 1385 2876; x_wconf 83' lang='lat' dir='ltr'>ex</span> <span class='ocrx_word' id='word_1_940' title='bbox 1414 2845 1583 2876; x_wconf 91' lang='lat' dir='ltr'>Vincentio</span> <span class='ocrx_word' id='word_1_941' title='bbox 1611 2844 1827 2875; x_wconf 91' lang='lat' dir='ltr'>Bellovacensi</span> <span class='ocrx_word' id='word_1_942' title='bbox 1853 2843 2034 2874; x_wconf 87' lang='lat' dir='ltr'>deflorasset</span> <span class='ocrx_word' id='word_1_943' title='bbox 2047 2866 2056 2881; x_wconf 90' lang='lat'>,</span> <span class='ocrx_word' id='word_1_944' title='bbox 2091 2852 2188 2883; x_wconf 90' lang='lat' dir='ltr'>quem</span> <span class='ocrx_word' id='word_1_945' title='bbox 2220 2851 2324 2882; x_wconf 92' lang='lat' dir='ltr'>neque</span> 
     </span>
     <span class='ocr_line' id='line_1_124' title="bbox 1254 2885 2325 2931; baseline -0.005 -11"><span class='ocrx_word' id='word_1_946' title='bbox 1254 2890 1385 2930; x_wconf 87' lang='lat' dir='ltr'>proprio</span> <span class='ocrx_word' id='word_1_947' title='bbox 1410 2900 1554 2931; x_wconf 87' lang='lat' dir='ltr'>unquam</span> <span class='ocrx_word' id='word_1_948' title='bbox 1586 2889 1717 2920; x_wconf 89' lang='lat' dir='ltr'>nomine</span> <span class='ocrx_word' id='word_1_949' title='bbox 1740 2888 1928 2929; x_wconf 88' lang='lat' dir='ltr'>appellavit,</span> <span class='ocrx_word' id='word_1_950' title='bbox 1953 2897 2057 2929; x_wconf 93' lang='lat' dir='ltr'>neque</span> <span class='ocrx_word' id='word_1_951' title='bbox 2081 2887 2145 2917; x_wconf 91' lang='lat' dir='ltr'>ulla</span> <span class='ocrx_word' id='word_1_952' title='bbox 2176 2885 2325 2916; x_wconf 89' lang='lat' dir='ltr'>indicavit</span> 
     </span>
     <span class='ocr_line' id='line_1_125' title="bbox 1254 2930 2322 2975; baseline -0.006 -10"><span class='ocrx_word' id='word_1_953' title='bbox 1254 2934 1390 2974; x_wconf 84' lang='lat' dir='ltr'>generali</span> <span class='ocrx_word' id='word_1_954' title='bbox 1414 2941 1506 2965; x_wconf 88' lang='lat' dir='ltr'>nota:</span> <span class='ocrx_word' id='word_1_955' title='bbox 1527 2934 1616 2975; x_wconf 92' lang='lat' dir='ltr'>quod</span> <span class='ocrx_word' id='word_1_956' title='bbox 1632 2944 1650 2964; x_wconf 88' lang='lat' dir='ltr'>a</span> <span class='ocrx_word' id='word_1_957' title='bbox 1674 2933 1924 2964; x_wconf 89' lang='lat' dir='ltr'>consarcinatore</span> <span class='ocrx_word' id='word_1_958' title='bbox 1947 2932 2067 2963; x_wconf 91' lang='lat' dir='ltr'>factum</span> <span class='ocrx_word' id='word_1_959' title='bbox 2090 2930 2322 2961; x_wconf 88' lang='lat' dir='ltr'>adnotavimus.</span> 
     </span>
     <span class='ocr_line' id='line_1_126' title="bbox 1254 2974 2319 3019; baseline -0.006 -9"><span class='ocrx_word' id='word_1_960' title='bbox 1254 2979 1390 3010; x_wconf 89' lang='lat' dir='ltr'>Facinus</span> <span class='ocrx_word' id='word_1_961' title='bbox 1412 2979 1498 3010; x_wconf 92' lang='lat' dir='ltr'>istud</span> <span class='ocrx_word' id='word_1_962' title='bbox 1521 2978 1643 3009; x_wconf 91' lang='lat' dir='ltr'>admitti</span> <span class='ocrx_word' id='word_1_963' title='bbox 1675 2988 1740 3019; x_wconf 91' lang='lat' dir='ltr'>qua</span> <span class='ocrx_word' id='word_1_964' title='bbox 1761 2977 1882 3008; x_wconf 91' lang='lat' dir='ltr'>ratione</span> <span class='ocrx_word' id='word_1_965' title='bbox 1914 2977 1953 3007; x_wconf 92' lang='lat' dir='ltr'>ab</span> <span class='ocrx_word' id='word_1_966' title='bbox 1976 2976 2133 3017; x_wconf 84' lang='lat' dir='ltr'>Aquinate</span> <span class='ocrx_word' id='word_1_967' title='bbox 2162 2974 2319 3015; x_wconf 90' lang='lat' dir='ltr'>potuerit,</span> 
     </span>
     <span class='ocr_line' id='line_1_127' title="bbox 1254 3020 2321 3064; baseline -0.007 -9"><span class='ocrx_word' id='word_1_968' title='bbox 1254 3023 1310 3064; x_wconf 85' lang='lat' dir='ltr'>qui</span> <span class='ocrx_word' id='word_1_969' title='bbox 1325 3034 1409 3054; x_wconf 86' lang='lat' dir='ltr'>cum</span> <span class='ocrx_word' id='word_1_970' title='bbox 1432 3023 1584 3054; x_wconf 86' lang='lat' dir='ltr'>acerrimo</span> <span class='ocrx_word' id='word_1_971' title='bbox 1608 3022 1766 3063; x_wconf 90' lang='lat' dir='ltr'>praeditus</span> <span class='ocrx_word' id='word_1_972' title='bbox 1797 3028 1877 3052; x_wconf 91' lang='lat' dir='ltr'>esset</span> <span class='ocrx_word' id='word_1_973' title='bbox 1907 3021 2035 3061; x_wconf 87' lang='lat' dir='ltr'>ingenio</span> <span class='ocrx_word' id='word_1_974' title='bbox 2063 3020 2103 3050; x_wconf 89' lang='lat' dir='ltr'>ad</span> <span class='ocrx_word' id='word_1_975' title='bbox 2126 3029 2223 3059; x_wconf 90' lang='lat' dir='ltr'>opera</span> <span class='ocrx_word' id='word_1_976' title='bbox 2245 3029 2321 3059; x_wconf 83' lang='lat' dir='ltr'>pro-</span> 
     </span>
     <span class='ocr_line' id='line_1_128' title="bbox 1253 3063 2322 3108; baseline -0.006 -9"><span class='ocrx_word' id='word_1_977' title='bbox 1253 3068 1323 3108; x_wconf 86' lang='lat' dir='ltr'>prio</span> <span class='ocrx_word' id='word_1_978' title='bbox 1348 3074 1447 3099; x_wconf 89' lang='lat' dir='ltr'>marte</span> <span class='ocrx_word' id='word_1_979' title='bbox 1471 3067 1614 3098; x_wconf 90' lang='lat' dir='ltr'>cudenda</span> <span class='ocrx_word' id='word_1_980' title='bbox 1637 3066 1812 3107; x_wconf 87' lang='lat' dir='ltr'>aptissimo,</span> <span class='ocrx_word' id='word_1_981' title='bbox 1828 3073 1858 3096; x_wconf 93' lang='lat' dir='ltr'>et</span> <span class='ocrx_word' id='word_1_982' title='bbox 1881 3065 2050 3096; x_wconf 88' lang='lat' dir='ltr'>sanctitatis</span> <span class='ocrx_word' id='word_1_983' title='bbox 2073 3063 2205 3095; x_wconf 85' lang='lat' dir='ltr'>eximiae</span> <span class='ocrx_word' id='word_1_984' title='bbox 2233 3073 2322 3104; x_wconf 89' lang='lat' dir='ltr'>prae-</span> 
     </span>
     <span class='ocr_line' id='line_1_129' title="bbox 1253 3107 2324 3152; baseline -0.004 -10"><span class='ocrx_word' id='word_1_985' title='bbox 1253 3113 1394 3152; x_wconf 89' lang='lat' dir='ltr'>rogativa</span> <span class='ocrx_word' id='word_1_986' title='bbox 1417 3112 1588 3150; x_wconf 87' lang='lat' dir='ltr'>excelleret,</span> <span class='ocrx_word' id='word_1_987' title='bbox 1605 3112 1643 3142; x_wconf 93' lang='lat' dir='ltr'>ab</span> <span class='ocrx_word' id='word_1_988' title='bbox 1667 3110 1775 3141; x_wconf 90' lang='lat' dir='ltr'>alienis</span> <span class='ocrx_word' id='word_1_989' title='bbox 1799 3110 1935 3141; x_wconf 86' lang='lat' dir='ltr'>foetibus</span> <span class='ocrx_word' id='word_1_990' title='bbox 1951 3109 2018 3140; x_wconf 87' lang='lat' dir='ltr'>ullo</span> <span class='ocrx_word' id='word_1_991' title='bbox 2043 3108 2101 3140; x_wconf 90' lang='lat' dir='ltr'>sibi</span> <span class='ocrx_word' id='word_1_992' title='bbox 2129 3108 2230 3139; x_wconf 87' lang='lat' dir='ltr'>modo</span> <span class='ocrx_word' id='word_1_993' title='bbox 2252 3107 2324 3138; x_wconf 85' lang='lat' dir='ltr'>vin-</span> 
     </span>
     <span class='ocr_line' id='line_1_130' title="bbox 1251 3152 1865 3188; baseline -0.003 -2"><span class='ocrx_word' id='word_1_994' title='bbox 1251 3157 1392 3188; x_wconf 88' lang='lat' dir='ltr'>dicandis</span> <span class='ocrx_word' id='word_1_995' title='bbox 1415 3156 1626 3187; x_wconf 89' lang='lat' dir='ltr'>alienissimus</span> <span class='ocrx_word' id='word_1_996' title='bbox 1650 3165 1716 3186; x_wconf 90' lang='lat' dir='ltr'>esse</span> <span class='ocrx_word' id='word_1_997' title='bbox 1740 3152 1865 3185; x_wconf 87' lang='lat' dir='ltr'>debuit?</span> 
     </span>
    </p>
   </div>
  </div>
 </body>
</html>
