2548 4192
203 266 357 293 CCXXXVI

852 488 1500 554 DISSERTATIO
1562 490 1752 553 XIX.

205 656 271 695 De
301 653 530 704 Opusculo
556 651 785 691 adversus
804 650 1103 690 Averroistas
1126 649 1192 690 De
1211 650 1386 690 unitate
1415 650 1674 691 intellectus
1694 663 1748 691 ac
1769 651 1913 692 latina
1932 650 2171 693 Themistii
2188 653 2406 693 versione

285 726 342 764 ab
370 723 595 774 Aquinate
623 721 841 762 adhibita:
871 721 1066 771 itemque
1086 720 1152 761 De
1182 721 1325 760 verbo
1345 721 1624 770 intellectus,
1643 722 1709 762 De
1738 722 1956 772 sortibus,
1975 723 2047 764 De
2066 723 2239 764 iudiciis
2263 728 2406 765 astro·

286 807 402 842 rum,
421 795 487 834 De
507 793 779 834 aeternitate
807 792 976 833 mundi:
1006 793 1149 843 deque
1170 803 1366 832 censura
1394 791 1457 832 Io.
1476 792 1705 833 Ambrosii
1724 793 1991 835 Barbavara
2009 794 2058 835 in
2083 795 2237 836 omnia
2255 796 2407 837 sancti

285 855 489 896 Th0mae
515 855 757 906 Aquinatis
787 854 1030 905 opuscula.

615 1264 814 1301 CAPUT
850 1265 876 1300 1.

206 1362 371 1396 Opusculum
389 1366 538 1386 recensetur
555 1361 594 1386 De
612 1361 709 1386 unitate
727 1361 871 1386 intellectus
891 1365 980 1385 contra
997 1360 1169 1385 Averroistas.
1189 1360 1284 1394 Operis

277 1398 387 1423 utilitas:
407 1404 493 1430 quove
511 1396 574 1421 illud
597 1397 722 1429 scriptum
740 1396 816 1421 fuerit
834 1401 962 1429 tempore.
986 1396 1022 1421 lo.
1037 1396 1169 1420 Ambrosii
1187 1396 1283 1422 Barba-

277 1441 338 1458 vara
357 1432 462 1458 Ordinis
481 1432 689 1457 praedicatorum
708 1439 817 1457 censura
836 1431 862 1456 in
880 1431 1018 1464 Aquinatis
1037 1431 1180 1465 Opuscula.

480 1540 507 1556 a*
524 1540 658 1562 ,rrorem
689 1530 938 1560 Averroisticum
965 1530 1016 1560 De
1039 1530 1163 1561 unitate
1188 1529 1284 1560 'intel-

379 1795 434 1807 ΞΝ..
467 1796 491 1801 ··
515 1801 519 1808 .

536 1803 587 1827 tur
600 1803 719 1827 veteres
735 1806 848 1827 omnes
865 1796 1011 1836 Operum
1026 1796 1094 1827 eius
1104 1797 1286 1827 nomencla-

208 1847 301 1871 tores.
322 1840 430 1871 Priora
446 1841 542 1872 etiam
558 1841 715 1881 Opusculi
730 1841 825 1871 verba
843 1847 1002 1881 praestant
1020 1841 1227 1872 Ptolomaeus
1244 1841 1282 1872 de

207 1886 305 1922 Luca,
329 1885 506 1916 Bernardus
531 1885 707 1924 Guidonis,
732 1896 756 1916 s.
782 1885 982 1916 Antoninus:
1008 1885 1172 1923 nimirum,
1196 1886 1287 1917 Sicut

208 1938 317 1960 omnes
340 1931 483 1961 homines
507 1931 703 1961 naturaliter
725 1931 809 1961 scire
831 1930 1026 1961 desiderant.
1053 1930 1122 1970 lpse
1138 1930 1285 1961 Thomas

209 1974 271 2004 hoc
286 1973 345 2004 sibi
355 1974 560 2015 Opusculum
570 1974 719 2005 attribuit:
739 1987 754 2002 «κ
769 1974 914 2013 inolevit,
926 1975 1083 2015 inquiens,
1095 1974 1286 2006 iamdudum

212 2031 226 2045 2·
250 2018 330 2049 circa
344 2018 541 2050 intellectum
557 2029 643 2050 error
658 2019 745 2060 apud
761 2019 893 2057 multos,
911 2029 947 2049 ex
964 2018 1053 2050 dictis
1070 2019 1218 2049 Averrois
1234 2030 1285 2050 su-

213 2075 227 2090 »
250 2073 340 2093 mens
351 2063 527 2094 exordium:
544 2063 599 2104 qui
610 2073 744 2094 asserere
755 2063 865 2094 nititur
881 2063 1087 2101 intellectum,
1103 2073 1201 2104 quem
1215 2064 1285 2094 Ari—

212 2119 226 2133 »
250 2108 376 2138 stoteles
386 2108 570 2149 possibilem
581 2114 684 2146 vocat,
701 2108 768 2148 ipse
783 2114 891 2139 autem
906 2107 1140 2138 inconvenienti
1152 2108 1283 2139 nomine

212 2163 227 2178 »
251 2153 494 2183 immaterialem
519 2151 598 2195 (leg.
621 2151 852 2195 materialem),
869 2162 936 2183 esse
956 2153 1118 2193 quandam
1141 2153 1285 2184 substan-

210 2208 225 2223 »
249 2196 326 2226 tiam
341 2197 519 2227 secundum
535 2207 601 2227 esse
618 2207 636 2227 a
652 2206 785 2237 corpore
802 2203 993 2237 separatam:
1013 2204 1043 2228 et
1058 2197 1167 2238 aliquo
1184 2198 1284 2228 modo

210 2253 225 2267 ›
248 2240 331 2271 uniri
346 2241 385 2280 ei,
401 2248 436 2272 ut
451 2241 605 2272 sormam:
622 2248 653 2272 et
668 2241 798 2272 ulterius
815 2241 904 2282 quod
920 2241 977 2272 iste
993 2241 1170 2272 intellectus
1184 2242 1285 2282 possi-

210 2297 224 2311 »
248 2285 318 2315 bilis
343 2285 382 2316 sit
405 2296 489 2316 unus
513 2286 671 2316 omnium.
700 2285 822 2316 Contra
845 2296 943 2326 quem
968 2286 1157 2326 iampridem
1183 2287 1285 2318 multa

210 2342 225 2356 »
248 2331 504 2371 conscripsimus.
519 2342 534 2357 »
555 2329 686 2361 Indicari
703 2337 783 2370 puto
804 2329 1063 2361 Commentarios
1087 2330 1121 2361 in
1141 2331 1167 2361 11
1183 2331 1282 2370 Sent.,

209 2374 279 2404 dist.
297 2385 374 2413 xvn,
399 2385 454 2415 qu.
472 2385 512 2413 11,
537 2382 592 2406 art.
610 2384 622 2404 1
646 2382 676 2406 et
692 2375 914 2416 quaestionem
937 2375 988 2405 De
1007 2376 1117 2406 anima
1141 2375 1222 2406 inter
1238 2375 1285 2407 di-

209 2425 349 2459 sputatas
378 2429 413 2450 ac
441 2419 536 2450 etiam
569 2419 698 2450 fortasse
723 2419 859 2460 primam
890 2419 1040 2450 Summae
1069 2419 1285 2460 Theologicae

209 2469 342 2503 partem,
367 2473 397 2504 q.
415 2473 516 2494 Lxx1x.

277 2507 456 2538 Petulantes
473 2507 666 2546 Academici,
690 2507 746 2548 qui
769 2517 907 2538 errorem
930 2508 1157 2547 instaurabant,
1174 2519 1285 2540 ansam

212 2551 325 2582 dedere
341 2552 504 2593 Aquinati,
529 2558 564 2582 ut
584 2562 707 2582 novum
723 2551 816 2592 Opus
840 2552 1014 2584 moliretur.
1043 2567 1057 2581 «
1071 2553 1133 2584 Sed
1149 2553 1224 2595 quia
1239 2564 1286 2585 er-

215 2608 229 2623 »
253 2596 391 2626 rantium
410 2596 619 2636 impudentia,
644 2597 746 2637 inquit
762 2597 827 2634 ille,
853 2606 918 2627 non
935 2603 1033 2628 cessat
1046 2597 1167 2628 veritati
1183 2598 1286 2637 reniti,

215 2652 230 2666 »
254 2641 457 2681 propositum
473 2647 598 2671 nostrae
613 2640 797 2671 intentionis
814 2647 870 2679 est,
886 2641 996 2672 iterato
1012 2648 1120 2672 contra
1137 2642 1287 2673 eumdem

215 2697 230 2712 »
254 2695 391 2715 errorem
407 2685 602 2716 conscribere
617 2684 687 2723 alia,
699 2685 815 2726 quibus
830 2685 996 2716 manifeste
1010 2685 1187 2726 praedictus
1202 2697 1288 2718 error

215 2741 230 2756 ι
254 2729 478 2760 confutaretur.
491 2742 504 2757 »
528 2729 623 2760 Hunc
638 2729 748 2760 locum
762 2729 895 2760 illustrat
910 2729 1102 2760 Guillelmus
1117 2731 1156 2761 de
1175 2731 1286 2762 ‘rocco

213 2773 246 2804 in
269 2774 342 2804 Vita
366 2774 466 2814 capite
482 2784 531 2812 tv,
556 2783 636 2804 num
665 2781 712 2814 19:
741 2773 924 2815 ‹Antiquas
948 2774 1102 2813 haereses,
1127 2775 1286 2815 inquiens,

215 2829 230 2844 »
254 2818 442 2849 confutavit:
468 2829 528 2849 suo
548 2818 643 2848 etiam
662 2825 784 2849 exortas
804 2825 959 2859 ternpore,
984 2818 1091 2849 divino
1112 2818 1222 2859 spiritu
1242 2829 1287 2850 re-

215 2874 229 2889 »
252 2863 386 2901 velante,
403 2863 563 2894 destruxit.
582 2863 729 2901 Quarum
748 2863 915 2893 haeresum
930 2862 1032 2903 prima
1048 2862 1108 2894 fuit
1122 2864 1287 2902 Averrois,

216 2919 230 2934 >v
253 2907 308 2948 qui
333 2907 409 2938 dixit
433 2918 535 2938 unum
559 2917 626 2938 esse
645 2907 677 2937 in
697 2907 849 2938 omnibus
872 2907 1058 2938 hominibus
1081 2907 1286 2939 intellectum.

215 2963 229 2978 ι·
253 2951 318 2989 Qui
342 2962 428 2982 error
451 2952 612 2983 malorum
635 2951 759 2982 favebat
782 2951 939 2982 erroribus
964 2958 995 2982 et
1018 2952 1210 2983 Sanctorum
1228 2953 1287 2983 vir-

216 3008 230 3022 »
254 2996 374 3027 tutibus
394 2996 590 3028 detrahebat:
617 2996 695 3027 dum
715 3006 781 3026 uno
802 2996 951 3027 existente
972 2996 1005 3026 in
1025 2997 1176 3028 omnibus
1199 2997 1288 3028 intel-

217 3052 231 3067 »
255 3040 349 3079 lectu,
370 3041 456 3071 nulla
473 3048 553 3072 esset
572 3040 745 3071 differentia
758 3040 942 3078 hominum,
957 3050 1014 3071 nec
1031 3041 1178 3072 distantia
1196 3041 1288 3072 meri-

218 3096 231 3110 »
255 3091 372 3116 torum.
391 3085 455 3123 Qui
470 3092 595 3116 tantum
609 3085 742 3116 invaluit
756 3085 851 3116 etiam
864 3085 897 3115 in
908 3085 1103 3126 simplicium
1118 3085 1288 3125 mentibus,

218 3140 232 3155 »
256 3129 363 3170 sicque
387 3140 419 3159 se
443 3130 618 3170 periculose
642 3129 775 3167 infudit,
800 3136 835 3160 ut
858 3129 1027 3171 requisitus
1047 3130 1179 3172 quidam
1198 3130 1289 3162 miles

218 3184 233 3199 ι
255 3173 380 3203 Parisiis
392 3196 400 3211 ,
438 3181 547 3205 utrum
575 3175 614 3205 de
644 3174 708 3204 suis
733 3173 916 3205 criminibus
947 3184 980 3205 se
1012 3185 1145 3215 purgare
1175 3175 1288 3214 vellet,

219 3228 233 3243 »
257 3218 469 3258 responderit:
495 3219 531 3249 Si
558 3220 667 3249 anima
692 3219 776 3249 beati
798 3219 886 3249 Petri
909 3224 956 3250 est
978 3220 1069 3251 salva
1094 3225 1124 3250 et
1146 3229 1207 3261 ego
1226 3220 1289 3251 sal-

219 3272 233 3286 »
257 3262 372 3293 vabor:
388 3263 463 3303 quia
478 3263 507 3293 si
521 3273 586 3293 uno
603 3263 763 3294 intellectu
780 3264 1015 3304 cognoscimus,
1032 3263 1096 3295 uno
1109 3265 1184 3306 fine
1198 3265 1289 3295 exitii

219 3316 233 3331 ‘
246 3306 417 3348 finiemur.
443 3307 550 3344 Quem
566 3317 704 3338 errorem
721 3317 794 3338 cum
819 3314 922 3338 essent
939 3308 1097 3339 scholares
1115 3308 1291 3340 Golardiae

219 3362 233 3377 »
257 3351 425 3388 imitantes,
447 3351 502 3392 qui
519 3351 666 3383 Averrois
684 3359 770 3383 erant
785 3351 998 3383 communiter
1015 3360 1183 3392 sectantes;
1200 3360 1289 3394 pote-

219 3407 233 3421 »
257 3402 302 3426 rat
326 3395 502 3436 praedictus
533 3406 618 3428 error
650 3396 756 3437 plures
786 3396 911 3427 inficere
923 3419 932 3435 ,
966 3397 1082 3438 quibus
1112 3397 1290 3438 potuissent

220 3450 233 3465 ³·
257 3440 453 3479 praedictum
470 3451 609 3472 errorem
625 3441 802 3481 sophisticis
819 3441 994 3472 rationibus
1010 3442 1289 3483 persuaderi-..Un-

220 3495 234 3509 ι»
257 3484 296 3514 de
313 3491 421 3515 contra
438 3485 522 3516 hunc
538 3495 677 3516 errorem
701 3485 878 3526 praedictus
895 3486 1018 3517 Doctor
1039 3486 1111 3518 fecit
1136 3486 1290 3528 scriptum

220 3527 398 3559 mirabile.»
425 3530 499 3560 Non
526 3530 716 3568 Golardiae,
738 3530 792 3560 sed
814 3530 1015 3562 Garlandiae
1033 3531 1206 3571 legendum
1223 3541 1291 3562 esse

221 3571 371 3603 admonet
396 3573 527 3604 lacobus
551 3574 729 3605 Echardus:
759 3574 815 3615 qui
835 3573 974 3615 feodum
1006 3580 1039 3607 et
1059 3575 1147 3607 vicus
1171 3582 1236 3607 erat
1258 3575 1291 3607 in

222 3615 298 3645 urbe
321 3616 532 3656 Parisiorum,
557 3618 610 3648 ubi
635 3618 857 3658 philosophiae
883 3618 1077 3659 professores
1102 3620 1268 3651 docebant.

1407 1263 1444 1294 11.
1469 1263 1643 1294 Maximam
1665 1264 1780 1305 Operis
1803 1264 1972 1295 utilitatem
1994 1275 2092 1296 nemo
2115 1275 2182 1296 non
2202 1265 2297 1297 videt.
2322 1266 2414 1297 Prae-

1339 1307 1473 1348 cipuum
1489 1308 1548 1338 sibi
1564 1308 1709 1339 Thomas
1727 1309 1897 1340 consilium
1916 1310 2097 1350 proposuit,
2114 1316 2151 1341 ut
2165 1310 2416 1342 Averroisticum

1339 1361 1478 1383 errorem
1510 1360 1742 1393 repugnantem
1770 1354 1949 1385 ostenderet
1978 1354 2142 1395 principiis
2170 1355 2414 1396 philosophiae:

1338 1396 1548 1428 nihilominus
1572 1398 1758 1429 christianae
1782 1398 1878 1429 etiam
1900 1398 1973 1429 fidei
2003 1399 2172 1430 adversum
2202 1409 2271 1430 esse
2306 1400 2416 1441 paucis

1339 1441 1507 1472 admonet:
1540 1442 1634 1473 «Nec
1656 1442 1690 1473 id
1712 1453 1798 1474 nunc
1822 1443 1982 1483 agendum
2005 1450 2062 1482 est,
2087 1445 2245 1485 inquiens,
2271 1450 2307 1475 ut
2329 1444 2416 1485 posi-

1342 1497 1356 1511 »
1380 1485 1503 1515 tionem
1519 1486 1711 1526 praedictam
1727 1488 1934 1518 ostendamus
1953 1498 2136 1526 erroneam,
2157 1488 2233 1529 quia
2253 1494 2416 1531 repugnat

1342 1540 1356 1555 ›
1381 1530 1511 1560 veritati
1538 1530 1624 1571 fidei
1660 1531 1866 1563 christianae.
1899 1533 1972 1563 Hoc
2004 1532 2090 1563 enirn
2130 1533 2246 1574 cuique
2277 1533 2351 1564 satis
2383 1533 2417 1564 in

1342 1585 1356 1599 »
1381 1580 1535 1614 promptu
1564 1585 1714 1615 apparere
1742 1582 1867 1616 potest:
1892 1576 2064 1607 Subtracta
2089 1578 2173 1607 enim
2204 1577 2245 1608 ab
2270 1578 2417 1609 omnibus

1342 1629 1356 1644 ι·
1379 1618 1565 1649 diversitate
1583 1619 1774 1657 intellectus,
1799 1621 1855 1660 qui
1876 1621 1966 1651 solus
1989 1622 2074 1652 inter
2090 1627 2205 1661 partes
2223 1623 2353 1653 animae
2369 1623 2417 1653 in·

1343 1673 1357 1688 »
1380 1663 1597 1703 corruptibilis
1619 1669 1649 1694 et
1670 1665 1862 1695 immortalis
1883 1670 2036 1705 apparet;
2058 1666 2204 1706 sequitur
2228 1671 2303 1706 post
2332 1676 2417 1698 mor-

1343 1718 1357 1732 »
1381 1712 1441 1738 tem
1460 1708 1541 1738 nihil
1555 1707 1596 1738 de
1610 1709 1781 1739 animabus
1796 1709 1959 1740 hominum
1977 1719 2161 1747 remanere,
2183 1710 2246 1740 nisi
2261 1711 2416 1744 unitatem

1343 1763 1357 1777 »
1381 1752 1581 1783 intellectus.-
1604 1758 1634 1783 et
1652 1754 1699 1783 sic
1718 1753 1843 1784 tollitur
1859 1754 2028 1784 retributio
2046 1755 2270 1794 praemiorum
2292 1760 2323 1786 et
2340 1765 2417 1796 poe-

1343 1807 1357 1821 »
1381 1806 1499 1827 narum
1519 1801 1550 1827 et
1568 1797 1739 1828 diversitas
1755 1798 1950 1829 eorumdem.
1971 1798 2169 1829 Intendimus
2188 1806 2295 1830 autem
2312 1806 2418 1831 osten—

1342 1851 1356 1866 »
1380 1840 1452 1871 dere
1482 1840 1677 1881 positionem
1696 1842 1888 1882 praedictam
1914 1853 1981 1873 non
2001 1843 2107 1874 minus
2132 1850 2241 1874 contra
2263 1844 2418 1885 principia

1343 1897 1358 1911 »
1381 1885 1603 1926 philosophiae
1623 1896 1700 1924 esse,
1720 1896 1819 1927 quam
1838 1894 1948 1918 contra
1966 1886 2039 1917 fidei
2059 1887 2261 1919 documenta.
2276 1900 2291 1915 ιι

1409 1929 1529 1960 Contra
1548 1930 1752 1961 audaciorem
1775 1932 1949 1972 quemdam
1969 1931 2187 1962 academicum
2206 1932 2305 1972 egisse
2329 1933 2418 1964 Tho-

1341 1984 1429 2004 mam
1448 1975 1543 2005 verba
1568 1974 1772 2015 patefaciunt,
1789 1985 1872 2016 quae
1887 1975 2043 2006 habentur
2057 1976 2090 2006 in
2106 1975 2169 2006 fine
2184 1976 2309 2017 Operis.
2333 1990 2348 2006 α
2361 1977 2419 2009 Est

1343 2030 1358 2045 ν
1381 2018 1477 2049 etiam
1491 2019 1604 2050 maiori
1627 2019 1836 2051 admiratione
1855 2020 1905 2051 vel
1921 2020 2017 2051 etiam
2033 2020 2251 2060 indignatione
2266 2021 2416 2062 dignum:

1343 2075 1358 2090 »
1381 2063 1472 2104 quod
1494 2064 1614 2105 aliquis
1636 2064 1846 2095 christianum
1870 2074 1905 2095 se
1922 2065 2098 2106 prqfitens,
2126 2072 2193 2096 tam
2215 2065 2419 2098 irreverenter

1344 2119 1357 2134 »
1383 2107 1421 2138 de
1447 2107 1614 2139 christiana
1637 2107 1698 2139 fide
1721 2108 1813 2149 loqui
1836 2109 2092 2150 praesumpserit.
2117 2109 2206 2140 Sicut
2230 2120 2305 2141 cum
2323 2110 2415 2142 dicit:

1343 2164 1357 2179 ι»
1385 2152 1480 2189 Quod
1502 2152 1612 2184 Latini
1635 2163 1700 2193 pro
1718 2154 1891 2194 principiis
1913 2163 2024 2184 eorum
2059 2154 2119 2184 hoc
2142 2164 2206 2184 non
2237 2155 2417 2195 recipiunt,

1343 2209 1357 2223 »
1381 2196 1500 2228 scilicet
1518 2198 1606 2238 quod
1632 2197 1671 2228 sit
1694 2207 1778 2228 unus
1797 2197 1974 2229 intellectus
1993 2205 2130 2237 tantum,
2154 2199 2231 2239 quia
2245 2198 2342 2239 sorte
2363 2200 2419 2231 lex

1342 2253 1357 2268 ν
1381 2251 1492 2272 eorum
1517 2247 1564 2273 est
1587 2243 1620 2273 in
1645 2243 1856 2273 contrarium.
1887 2243 1949 2273 Ubi
1974 2243 2040 2273 duo
2064 2249 2139 2274 sunt
2162 2243 2263 2274 mala:
2292 2243 2419 2284 primo,

1343 2298 1357 2313 »
1380 2286 1456 2327 quia
1479 2286 1602 2318 dubitat
1641 2297 1681 2317 an
1709 2286 1772 2318 hoc
1802 2287 1842 2317 sit
1873 2294 1982 2318 contra
2004 2286 2117 2318 fidem:
2150 2288 2312 2326 secundo,
2342 2288 2420 2330 quia

1343 2342 1358 2356 »
1381 2330 1523 2361 alienum
1538 2341 1570 2362 se
1585 2331 1690 2362 innuit
1704 2331 1742 2362 ab
1757 2331 1815 2362 hac
1830 2331 1908 2372 lege.
1934 2332 1975 2363 Et
1993 2332 2083 2373 quod
2098 2332 2309 2372 postmodum
2325 2332 2417 2364 dicit:

1343 2386 1357 2401 »
1380 2374 1476 2406 Haec
1494 2381 1542 2406 est
1557 2377 1652 2414 ratio,
1665 2386 1729 2416 per
1744 2386 1841 2416 quam
1862 2376 2011 2407 catholici
2030 2376 2182 2408 videntur
2199 2377 2317 2408 habere
2334 2377 2420 2408 hanc

1342 2431 1356 2446 »
1376 2420 1566 2461 positionem
1591 2418 1891 2463 (reprehensionem
1910 2419 2086 2464 meretur);
2106 2421 2159 2452 ubi
2173 2422 2363 2452 sententiam
2372 2422 2419 2463 fi-

1342 2475 1357 2490 »
1379 2463 1432 2495 dei
1447 2464 1642 2504 positionem
1657 2465 1811 2496 nominat.
1829 2466 1895 2496 Nec
1916 2465 2048 2496 minoris
2068 2465 2337 2506 praesumptionis
2361 2472 2418 2506 est,

1342 2520 1357 2535 ι
1379 2508 1470 2550 quod
1484 2510 1696 2550 postmodum
1711 2519 1846 2540 asserere
1861 2510 1971 2541 audet:
1987 2510 2093 2541 Deum
2100 2509 2220 2551 facere
2242 2520 2306 2541 non
2321 2520 2420 2551 posse

1343 2565 1357 2579 2
1380 2553 1465 2594 quod
1478 2554 1543 2585 sint
1558 2554 1652 2585 multi
1667 2554 1857 2592 intellectus,
1869 2556 1945 2596 quia
1962 2555 2105 2595 implicat
2119 2554 2414 2586 contradictionem.

1343 2609 1358 2624 »
1381 2598 1497 2629 Adhuc
1521 2605 1629 2629 autem
1652 2598 1778 2638 gravius
1802 2605 1868 2638 est,
1892 2599 1982 2640 quod
2006 2600 2217 2639 postmodum
2240 2599 2331 2630 dicit:
2355 2599 2420 2630 Per

1344 2654 1358 2668 »
1383 2643 1541 2672 rationem
1566 2643 1721 2674 concludo
1752 2643 1792 2674 de
1821 2645 2027 2681 necessitate,
2059 2643 2145 2684 quod
2169 2644 2349 2674 intellectus
2371 2649 2419 2675 est

1344 2698 1359 2713 ι
1383 2695 1468 2716 unus
1485 2695 1637 2718 numero:
1644 2687 1792 2728 firmiter
1807 2692 1914 2717 tamen
1931 2692 2022 2718 teneo
2041 2688 2218 2727 oppositum
2230 2697 2294 2727 per
2305 2687 2417 2728 fidem.

1345 2741 1359 2756 »
1382 2730 1468 2770 Ergo
1492 2730 1586 2761 sentit
1618 2730 1708 2772 quod
1738 2730 1815 2761 fides
1844 2730 1884 2761 sit
1906 2731 1946 2761 de
1969 2730 2149 2772 aliquibus,
2177 2741 2319 2772 quorum
2342 2741 2418 2762 con-

1345 2786 1359 2800 »
1383 2774 1476 2804 traria
1503 2774 1542 2805 de
1566 2774 1748 2806 necessitate
1780 2774 1928 2806 concludi
1952 2781 2097 2815 possunt.
2129 2775 2216 2806 Cum
2246 2782 2355 2806 autem
2378 2776 2418 2806 de

1345 2830 1359 2845 2·
1382 2818 1565 2850 necessitate
1585 2818 1732 2850 concludi
1756 2829 1822 2849 non
1847 2818 1948 2859 possit
1977 2819 2037 2849 nisi
2060 2829 2172 2850 verum
2192 2820 2416 2859 necessarium,

1345 2875 1359 2890 >
1382 2862 1473 2894 cuius
1493 2863 1681 2904 oppositum
1705 2869 1751 2894 est
1775 2863 1891 2894 falsum
1914 2870 1944 2894 et
1967 2863 2180 2904 impossibile;
2205 2864 2349 2905 sequitur
2371 2874 2418 2896 se-

1345 2907 1526 2938 »-cundum
1550 2907 1617 2939 eius
1642 2907 1782 2946 dictum,
1806 2908 1895 2949 quod
1918 2907 1996 2939 fides
2020 2908 2059 2939 sit
2083 2909 2121 2939 de
2146 2908 2225 2939 falso
2250 2916 2280 2940 et
2298 2908 2419 2949 impos-

1345 2963 1359 2978 »
1383 2951 1476 2991 sibili,
1492 2952 1580 2993 quod
1596 2952 1691 2983 etiam
1705 2953 1793 2983 Deus
1817 2952 1918 2983 facere
1941 2963 2007 2983 non
2024 2959 2146 2993 potest:
2171 2953 2261 2994 quod
2275 2952 2420 2984 fidelium

1345 3008 1359 3023 »
1382 3006 1473 3027 aures
1496 2996 1575 3027 ferre
1599 3007 1666 3027 non
1689 3003 1834 3037 possunt.
1859 2997 1934 3027 Non
1958 3004 2040 3028 caret
2064 2997 2159 3028 etiam
2182 3007 2299 3038 magna
2320 3004 2418 3029 teme-

1345 3052 1359 3066 »
1383 3040 1483 3079 ritate,
1508 3041 1597 3082 quod
1616 3041 1655 3072 de
1671 3041 1719 3072 his
1736 3051 1818 3082 quae
1842 3042 1881 3072 ad
1905 3041 2144 3082 philosophiam
2164 3052 2230 3072 non
2249 3042 2417 3083 pertinent,

1346 3097 1359 3112 »
1383 3085 1438 3116 sed
1469 3092 1543 3116 sunt
1573 3095 1670 3126 purae
1694 3085 1787 3125 fidei,
1820 3085 1980 3126 disputare
2004 3086 2196 3127 praesumit:
2228 3086 2309 3117 sicut
2333 3086 2420 3128 quod

1346 3141 1360 3156 ν
1383 3130 1494 3160 anima
1519 3131 1670 3171 patiatur
1692 3131 1733 3162 ab
1757 3131 1834 3172 igne
1862 3130 2004 3172 inferni:
2035 3137 2066 3162 et
2089 3131 2211 3169 dicere,
2242 3131 2418 3162 sententias

1346 3186 1360 3200 »
1382 3174 1560 3205 Doctorum
1591 3175 1631 3206 de
1653 3175 1712 3206 hoc
1735 3185 1803 3206 esse
1833 3175 2063 3215 reprobandas.
2096 3175 2166 3206 Pari
2197 3185 2272 3216 ergo
2296 3174 2417 3206 ratione

1346 3231 1360 3246 »
1383 3226 1493 3259 posset
1516 3219 1676 3260 disputare
1699 3219 1739 3251 de
1767 3220 1944 3257 Trinitate,
1971 3220 2012 3251 de
2034 3219 2268 3251 Incarnatione
2290 3224 2322 3250 et
2343 3219 2418 3250 aliis

1346 3276 1360 3290 »
1383 3264 1576 3302 huiusmodi,
1597 3264 1636 3294 de
1655 3263 1772 3305 quibus
1791 3264 1919 3294 nonnisi
1938 3264 2115 3295 balbutiens
2134 3264 2327 3305 loqueretur.
2341 3275 2356 3290 »

1410 3308 1547 3339 Hostem
1566 3318 1673 3347 suum,
1693 3308 1719 3339 si
1738 3309 1897 3349 deponere
1916 3309 2048 3350 quidem
2063 3319 2151 3339 arma
2170 3308 2260 3346 nolit,
2279 3308 2313 3338 in
2329 3317 2417 3348 aper,-

1342 3359 1409 3383 tam
1428 3362 1570 3393 pugnam
1589 3359 1742 3394 provocat
1760 3353 1882 3384 Doctor
1900 3353 2086 3394 Angelicus:
2104 3353 2141 3384 Si
2157 3354 2240 3394 quis,
2257 3351 2415 3393 inquiens,

1342 3397 1579 3438 gloriabundus
1602 3397 1642 3429 de
1654 3397 1743 3439 salsi
1766 3399 1904 3429 nominis
1930 3398 2076 3436 scientia,
2106 3397 2181 3429 velit
2203 3401 2315 3428 contra
2338 3396 2418 3426 haec

1343 3451 1426 3482 quae
1448 3443 1646 3482 scripsimus,
1669 3442 1794 3483 aliquid
1815 3442 1940 3480 dicere,·
1963 3452 2027 3473 non
2052 3442 2205 3483 loquatur
2227 3441 2259 3471 in
2283 3439 2417 3481 angulis

1345 3496 1403 3517 nec
1425 3496 1534 3517 coram
1552 3487 1678 3527 pueris,
1698 3488 1755 3527 qui
1777 3488 1922 3518 nesciunt
1943 3486 1984 3518 de
2002 3487 2110 3518 causis
2127 3485 2242 3517 arduis
2259 3483 2417 3515 iudicare:

1343 3530 1400 3562 sed
1423 3536 1536 3561 contra
1559 3531 1619 3562 hoc
1640 3532 1795 3571 scriptum
1818 3531 1938 3562 scribat
1959 3531 1989 3562 si
2010 3530 2118 3567 audet,
2139 3534 2170 3560 et
2194 3529 2333 3560 inveniet
2352 3538 2415 3559 non

1343 3575 1447 3606 solum
1467 3585 1517 3606 me
1535 3576 1590 3616 qui
1612 3576 1751 3606 aliorum
1771 3585 1842 3606 sum
1866 3575 2028 3611 minimus,
2052 3574 2109 3606 sed
2127 3573 2243 3604 multos
2261 3572 2343 3603 alios
2361 3574 2417 3613 qui

1345 3620 1490 3651 veritatis
1506 3625 1583 3650 sunt
1601 3620 1757 3651 cultores:
1773 3629 1837 3660 per
1859 3629 1938 3660 quos
1957 3619 2026 3650 eius
2044 3618 2151 3649 errori
2176 3618 2343 3648 resistetur
2367 3617 2418 3648 vel
