2788 4204
333 240 382 286 98
1084 237 1202 272 PERI
1234 235 1581 271 HERMENEIAS
1612 236 1705 272 LIB.
1737 237 1767 272 11

330 317 399 359 gari
419 315 472 360 (ut
488 327 564 348 cum
581 316 756 360 quaeritur,
777 316 859 348 canis
882 321 922 347 est
945 313 1082 347 animal?
1107 313 1183 356 quia
1202 323 1270 344 non
1287 319 1397 355 potest

330 376 405 398 vere
430 364 469 398 de
493 365 645 398 omnibus
666 364 867 407 responderi,
892 371 948 404 est,
975 371 1108 407 propter
1132 361 1269 394 caeleste
1293 360 1395 400 sidus,

331 425 391 446 nec
407 425 482 446 vere
506 413 545 446 de
562 412 715 446 omnibus
732 411 932 456 responderi,
957 423 1017 444 non
1041 417 1099 450 est,
1122 418 1257 454 propter
1281 421 1395 442 canem

330 462 520 500 latrabilem,
533 461 622 494 nulla
638 462 742 505 possit
755 461 822 494 dari
838 461 1010 503 responsio
1027 458 1120 503 una),
1137 467 1279 491 attamen
1297 470 1397 503 quan-

331 509 374 543 do
387 510 419 543 id
433 510 522 554 quod
535 510 595 542 sub
608 510 859 552 interrogatione
874 507 958 540 cadit
972 516 1081 550 potest
1095 518 1170 540 vere
1186 507 1225 540 de
1241 507 1394 540 omnibus

331 559 482 592 affirmari
506 568 561 591 aut
580 559 702 601 negari,
726 566 804 590 tunc
828 565 937 600 potest
961 556 1028 589 dari
1052 557 1226 599 responsio
1251 566 1334 596 una;
1359 566 1395 589 ut

330 610 357 641 si
385 617 574 652 quaeratur,
605 608 687 640 canis
717 613 758 639 est
787 605 978 638 substantia?
1006 605 1083 648 quia
1114 613 1222 648 potest
1250 617 1326 638 vere
1355 605 1394 638 de

331 656 483 690 omnibus
507 654 715 699 responderi,
744 661 802 694 est,
832 654 908 698 quia
940 665 1010 686 esse
1044 653 1258 686 substantiam
1289 655 1394 687 omni-

330 705 389 738 bus
414 704 546 737 canibus
566 704 737 743 convenit,
762 703 857 735 unica
870 703 1043 746 responsio
1068 702 1135 735 dari
1160 703 1274 746 possit.
1300 703 1394 735 Hanc

330 764 498 787 erroneam
522 753 795 785 existimationem
811 760 958 784 removet
975 750 1100 784 dicens:
1123 751 1187 784 Nec
1209 752 1235 784 si
1252 752 1291 784 sit
1309 762 1392 791 vera,

328 802 421 842 idest,
438 810 470 834 et
486 801 561 834 dato
586 800 675 845 quod
691 801 863 844 responsio
887 799 961 833 data
977 801 1200 833 enunciationi
1221 800 1394 844 multiplici

329 850 368 883 de
393 849 544 882 omnibus
568 848 769 889 verificetur,
799 848 1013 881 nihilominus
1042 860 1110 881 non
1135 857 1183 881 est
1206 861 1289 889 una,
1318 850 1394 893 quia

329 909 432 930 unum
442 909 510 930 non
521 897 692 940 significat,
705 909 766 930 nec
779 898 876 930 unius
894 897 1159 930 contradictionis
1177 906 1225 931 est
1238 909 1323 942 pars,
1337 898 1394 931 sed

328 946 436 990 plures
460 947 632 990 responsio
649 945 702 979 illa
719 945 815 979 habet
835 945 1115 986 contradictorias,
1133 955 1169 980 ut
1186 946 1225 980 de
1242 959 1276 979 se
1294 955 1392 991 patet.

394 995 424 1027 8.
449 994 576 1028 Deinde
601 1006 677 1027 cum
702 994 795 1028 dicit:
820 995 945 1028 Dictum
968 1001 1009 1027 est
1032 1001 1131 1028 autem
1154 995 1188 1028 de
1211 995 1255 1028 his
1278 996 1310 1028 in
1334 995 1392 1028 To-

323 1045 398 1089 picis
414 1053 487 1084 etc.,
505 1043 620 1087 probat
643 1044 837 1077 antecedens
855 1043 1046 1087 dupliciter:
1064 1044 1183 1087 primo,
1201 1045 1393 1077 auctoritate

327 1104 442 1126 eorum
459 1104 542 1136 quae
566 1092 651 1125 dicta
674 1101 750 1125 sunt
773 1094 807 1125 in
839 1092 953 1137 Topicis
961 1104 975 1132 ;
999 1091 1156 1133 secundo,
1180 1104 1198 1125 a
1221 1094 1328 1136 signo.
1353 1093 1394 1125 Et

328 1143 411 1175 circa
434 1141 498 1174 hoc
522 1140 589 1174 duo
613 1140 697 1174 facit.
715 1142 837 1181 Primo,
858 1142 953 1185 ponit
977 1142 1086 1184 ipsum
1105 1142 1248 1184 signum,
1265 1141 1391 1175 dicens:

331 1190 422 1232 Quod
440 1190 576 1224 similiter
595 1198 667 1230 etc.,
685 1201 761 1222 cum
778 1190 968 1222 auctoritate
994 1188 1182 1234 Tofficorum,
1201 1191 1393 1234 manifestum

326 1245 378 1278 est,
392 1237 525 1277 scilicet,
534 1237 727 1271 antecedens
745 1246 963 1282 assumptum,
980 1237 1103 1271 scilicet
1120 1238 1209 1282 quod
1227 1238 1392 1272 dialectica

327 1287 537 1329 interrogatio
561 1296 610 1320 est
628 1288 743 1331 petitio
771 1287 995 1331 responsionis
1020 1286 1230 1320 affirmativae
1258 1287 1310 1320 vel
1337 1299 1392 1321 ne-

326 1336 463 1379 gativae.
499 1335 654 1378 Quoniam
677 1346 728 1369 nec
750 1336 848 1380 ipsum
870 1335 944 1379 quid
966 1341 1026 1375 est,
1057 1334 1139 1368 idest
1166 1347 1206 1368 ex
1229 1347 1270 1368 eo
1302 1336 1392 1380 quod

1452 323 1512 345 nec
1537 313 1607 356 ipsa
1640 314 1788 357 quaestio
1818 313 1892 357 quid
1915 320 1974 354 est,
2014 322 2062 347 est
2093 315 2305 358 interrogatio
2333 315 2520 349 dialectica:

1451 361 1541 394 verbi
1565 362 1686 405 gratia;
1710 363 1737 394 si
1762 363 1834 406 quis
1859 371 2007 406 quaerat,
2031 363 2104 407 quid
2127 370 2167 396 est
2190 364 2332 397 animal?
2354 364 2427 397 talis
2451 375 2519 397 non

1452 410 1578 453 quaerit
1600 409 1776 443 dialectice.
1801 410 1930 444 Deinde
1951 411 2119 455 subiungit
2142 411 2371 455 probationem
2395 423 2520 445 assum-

1452 459 1511 502 pti,
1529 458 1652 491 scilicet
1676 458 1766 503 quod
1794 460 1903 503 ipsum
1928 459 2007 504 quid
2031 469 2094 501 est,
2115 472 2183 494 non
2208 470 2256 493 est
2281 462 2429 505 quaestio
2454 460 2520 494 dia-

1450 508 1576 548 lectica;
1594 516 1626 541 et
1642 508 1780 541 intendit
1796 508 1887 552 quod
1903 509 1979 553 quia
1997 509 2209 552 interrogat-io
2227 509 2393 542 dialectica
2410 510 2520 553 optio-

1451 567 1527 589 nem
1544 556 1756 600 respondenti
1780 555 1896 589 offerre
1914 556 2020 595 debet,
2034 558 2140 590 utram
2156 557 2235 590 velit
2251 557 2518 591 contradictionis

1452 615 1593 651 partem,
1622 615 1653 640 et
1677 608 1746 651 ipsa
1775 608 1924 651 quaestio
1954 607 2028 651 quid
2050 614 2091 640 est
2119 607 2217 641 talem
2241 608 2422 641 libertatem
2449 619 2518 641 non

1450 656 1607 699 proponit
1628 655 1721 700 (quia
1746 667 1822 688 curn
1842 654 1992 695 dicimus,
2008 656 2082 700 quid
2097 663 2138 689 est
2153 657 2294 690 animal?
2317 656 2518 700 responden-

1450 713 1517 737 tem
1542 703 1582 737 ad
1606 703 1805 737 definitionis
1830 705 2085 747 assignationem
2106 714 2320 746 coarctamus,
2343 717 2426 750 quae
2450 717 2518 738 non

1450 751 1559 785 solum
1584 751 1624 785 ad
1648 763 1753 784 unum
1777 751 1989 785 determinata
2012 762 2079 793 est,
2104 753 2161 786 sed
2185 755 2283 786 etiam
2311 755 2403 787 omni
2428 762 2518 798 parte

1450 800 1717 834 contradictionis
1741 809 1845 840 caret,
1866 811 1943 832 cum
1963 812 2023 834 nec
2040 813 2125 842 esse,
2142 813 2202 834 nec
2225 813 2295 835 non
2318 813 2388 835 esse
2406 801 2518 847 dicat);

1450 848 1525 882 ideo
1558 850 1628 893 ipsa
1657 849 1806 892 quaestio
1829 848 1903 892 quid
1925 855 1980 889 est,
2009 860 2077 882 non
2106 858 2154 882 est
2185 849 2352 883 dialectica
2382 851 2518 883 interro-

1450 898 1549 941 gatio.
1575 897 1673 930 Unde
1698 896 1790 930 dicit:
1819 895 1944 941 Oportet
1959 897 2037 930 enim
2060 909 2096 930 ex
2118 897 2209 938 data,
2235 897 2318 931 idest
2341 909 2381 930 ex
2397 909 2518 941 propo-

1449 947 1509 979 sita
1534 947 1788 989 interrogatione
1813 944 1990 985 dialectica,
2008 944 2095 978 hunc
2119 945 2374 989 respondentem
2398 945 2517 989 eligere

1449 1007 1547 1039 posse
1571 1003 1678 1027 utram
1697 994 1775 1027 velit
1800 993 2066 1027 contradictionis
2094 1003 2238 1038 partem,
2267 1006 2366 1039 quam
2390 1003 2518 1027 contra-

1450 1044 1602 1077 dictionis
1626 1052 1798 1087 utramque
1822 1051 1948 1086 partem
1978 1043 2210 1087 interrogantem
2236 1049 2348 1088 oportet
2381 1043 2518 1077 determi-

1448 1104 1534 1133 nare,
1552 1093 1635 1126 idest
1652 1092 1864 1125 determinate
1884 1103 2083 1136 proponere,
2105 1092 2169 1125 hoc
2192 1092 2319 1126 modo:¹
2336 1093 2447 1126 Utrum
2466 1092 2519 1126 hoc

1449 1141 1566 1175 animal
1589 1142 1627 1174 sit
1649 1141 1733 1174 homo
1757 1152 1799 1174 an
1822 1152 1896 1174 non:
1921 1140 1977 1174 ubi
2001 1141 2167 1174 evidenter
2187 1150 2321 1186 apparet
2345 1141 2516 1185 optionem

1448 1189 1660 1234 respondenti
1677 1189 1797 1222 offerri.
1822 1189 1932 1222 Habes
1956 1201 2035 1233 ergo
2061 1201 2121 1234 pro
2146 1191 2241 1234 signo
2268 1201 2343 1223 cum
2367 1190 2517 1234 quaestio

1449 1238 1615 1272 dialectica
1639 1247 1728 1282 petat
1755 1239 2005 1282 responsionem
2029 1239 2285 1283 propositionis,
2308 1238 2360 1271 vel
2384 1237 2516 1271 alterius

1449 1287 1714 1320 contradictionis
1734 1296 1870 1331 partem,
1889 1286 2133 1331 elongationem
2157 1288 2358 1332 quaestionis
2381 1287 2455 1331 quid
2477 1292 2518 1320 est

1448 1348 1465 1369 a
1490 1335 1736 1380 quaestionibus
1760 1335 1946 1369 dialecticis.
