2788 4204
122 468 184 489 'Ed-
202 475 214 490 c
233 473 254 491 et
270 471 328 498 1526.

117 496 242 523 promitur.

370 238 440 273 106

360 316 491 358 proprie
515 327 583 348 non
606 315 758 349 videntur
774 317 1049 360 compos‘tionem
1066 318 1179 359 ipsam.
1202 317 1291 355 Quia
1315 315 1421 348 modi-

359 362 446 396 ficari
464 365 595 408 proprie
612 364 729 397 dicitur
744 364 876 408 al'quid,
889 364 1020 408 quando
1037 364 1181 397 redditur
1197 365 1341 408 aliquale,
1353 376 1420 398 non

360 412 492 455 quando
516 412 552 445 fit
582 412 762 445 secundum
787 424 879 445 suam
897 412 1118 444 substantiam.
1139 413 1349 456 Compositio
1366 425 1421 445 au-

360 468 425 492 tem
443 460 574 505 quando
591 460 708 493 dicitur
730 472 822 500 vera,
840 472 907 492 non
929 460 1074 504 aliqualis
1099 462 1296 504 propon‘tur
1315 461 1340 502 *,
1363 462 1420 495 sed

359 509 449 553 quod
466 518 530 542 est:
556 509 636 541 nihil
656 510 742 541 enim
757 508 844 541 aliud
861 518 909 541 est
926 509 1050 549 dicere,
1073 509 1221 542 Socratzm
1241 521 1358 544 currere
1382 517 1423 543 est

357 570 473 597 verum,
492 569 589 601 quam
606 557 695 601 quod
712 558 909 600 composino
924 569 1036 590 cursus
1054 569 1130 590 curn
1148 559 1281 591 Socrate
1305 568 1362 592 est.
1381 560 1422 592 Et

358 606 505 639 similiter
542 605 673 650 quando
712 614 760 638 est
798 605 895 643 falsa,
928 605 1009 638 nihil
1036 606 1123 639 aliud
1155 607 1290 647 dicitur,
1322 620 1420 652 quam

358 655 447 698 quod
471 666 537 687 non
562 663 626 687 est:
659 666 734 687 nam
762 654 842 686 nihil
867 654 953 687 aliud
970 664 1019 687 est
1035 654 1154 695 dicere,
1184 656 1331 689 Socratem
1355 668 1421 690 cur-

357 715 420 737 rere
435 710 475 736 est
482 704 612 751 falsum,
625 714 723 746 quam
737 703 827 747 quod
841 704 1041 747 compositio
1058 716 1172 737 cursus
1197 717 1273 737 curn
1288 706 1420 739 Socrate

356 764 423 784 nou
448 760 504 784 est.
524 751 670 791 Quando
693 763 772 785 vero
797 753 996 796 compositi0
1028 752 1145 786 dicitur
1176 753 1340 797 possibilis
1365 764 1420 787 aut

357 801 567 842 contingens,
592 801 655 833 iam
680 812 748 833 non
780 801 883 844 ipsam
909 813 997 840 esse,
1022 801 1078 834 sed
1110 803 1214 846 ipsam
1246 802 1420 847 al'qualem

356 860 425 881 esse
450 848 605 881 dicimus:
629 860 704 881 cum
721 849 883 892 s³quidem
905 849 1039 890 dicitur,
1069 850 1216 883 Socratsm
1240 863 1357 884 currere
1380 858 1421 884 est

350 897 498 942 possibile,
517 908 583 929 non
601 896 896 930 substantificamus
914 899 1190 942 compositionem
1208 911 1322 932 cursus
1344 911 1418 932 cum

356 947 498 985 Socrate,
509 945 565 979 sed
579 945 814 989 qualificamuffi
827 956 1005 980 asserentes
1020 947 1107 980 illam
1124 959 1195 980 esse
1217 948 1417 992 possibilem.

355 994 451 1027 Unde
482 994 673 1027 Aristoteles
712 994 764 1028 hic
803 995 921 1028 modos
953 1007 1153 1039 proponens,
1178 998 1245 1030 veri
1281 1006 1313 1030 et
1347 998 1417 1030 falsi

354 1042 445 1075 nullo
470 1043 571 1076 modo
588 1044 746 1083 meminit,
763 1043 838 1076 licet
861 1044 942 1077 infra
958 1056 1073 1078 verum
1098 1054 1130 1078 et
1149 1058 1217 1079 non
1240 1058 1355 1080 verum
1373 1048 1418 1080 in-

353 1091 441 1131 ferat,
459 1101 593 1135 propter
617 1103 747 1125 causam
771 1092 815 1125 ibi
839 1091 1077 1136 assigna‘ndam.

408 1151 438 1182 4.
458 1141 496 1173 Et
509 1142 585 1184 quia
601 1142 787 1174 enunciatio
804 1141 943 1174 modalis
963 1142 1045 1175 duas
1064 1144 1097 1175 in
1114 1155 1148 1176 se
1165 1145 1311 1177 continet
1327 1156 1416 1177 corn—

352 1190 551 1233 positione5‚
575 1189 708 1222 alteram
733 1190 816 1222 inter
843 1199 951 1233 partes
977 1191 1068 1231 dicti,
1101 1191 1235 1225 alteram
1264 1194 1346 1226 inter
1370 1193 1415 1226 di-

353 1248 442 1271 ctum
466 1247 498 1271 et
522 1238 670 1277 modum,
695 1238 944 1282 intelligendum
969 1248 1018 1273 est
1041 1252 1113 1273 eam
1138 1243 1414 1285 compositionem

352 1287 542 1326 modificari,
560 1286 651 1326 idest,
668 1299 751 1331 quae
768 1297 816 1320 est
833 1289 916 1320 inter
932 1298 1037 1332 partes
1055 1289 1143 1329 dicti,
1161 1301 1228 1322 non
1245 1302 1317 1322 eam
1331 1303 1414 1334 quae

351 1344 400 1369 est
424 1337 506 1368 inter
529 1335 666 1368 modum
691 1344 723 1368 et
750 1335 883 1375 dictum.
910 1337 1013 1376 Quod
1038 1338 1084 1370 sic
1113 1338 1269 1381 perpendi
1294 1348 1412 1382 potest.

352 1386 459 1418 Huius
477 1385 713 1418 enunciationis
730 1384 879 1424 modalis,
893 1385 1040 1418 Socratem
1057 1397 1114 1419 esse
1133 1386 1237 1419 album
1260 1394 1301 1420 est
1321 1389 1415 1432 possi-

351 1434 418 1474 bile,
430 1433 511 1467 duae
532 1442 608 1466 sunt
624 1442 748 1476 partes;
766 1433 863 1466 altera
880 1442 938 1473 est,
951 1434 1098 1467 Socratem
1111 1446 1168 1468 esse
1180 1435 1296 1476 album,
1315 1437 1412 1469 altera

350 1492 409 1523 est,
421 1482 568 1528 possibile.
586 1483 694 1515 Prima
717 1482 828 1516 dictum
851 1491 998 1521 vocatur,
1015 1484 1169 1528 eo.quod
1191 1494 1238 1517 est
1263 1485 1294 1518 id
1322 1486 1411 1530 quod

350 1532 467 1565 dicitur
484 1543 541 1576 per
557 1532 626 1564 eius
644 1530 861 1571 indicativam,
878 1531 1013 1572 scilicet,
1032 1532 1163 1566 Socrates
1179 1540 1219 1566 est
1235 1534 1337 1567 affbus:
1355 1536 1411 1579 qui

349 1582 435 1614 enim
451 1580 572 1625 profert
589 1580 682 1620 hanc,
700 1580 830 1613 Socratas
847 1587 887 1613 est
910 1580 1011 1621 albus,
1030 1580 1111 1614 nthil
1137 1581 1224 1615 aliud
1249 1582 1325 1616 dicit
1349 1585 1411 1616 nisi

350 1630 517 1663 Socratem
538 1640 608 1661 esse
632 1628 756 1661 album:
782 1628 924 1662 secunda
941 1639 1077 1662 vocatur
1100 1631 1223 1671 modus,
1249 1643 1289 1664 eo
1321 1631 1411 1676 quod

348 1678 438 1712 modi
456 1678 592 1711 adiectio
617 1686 674 1710 est.
701 1678 808 1710 Prima
826 1680 1104 1722 compositionem
1133 1679 1298 1724 quandam
1319 1682 1410 1713 inse

348 1728 493 1760 continet
505 1739 543 1759 ex
557 1727 688 1759 Socrate
706 1734 738 1759 et
753 1725 846 1766 albo;
862 1726 1005 1760 secunda
1018 1739 1092 1771 pars
1107 1730 1230 1772 primae
1247 1731 1410 1773 opposita,

347 1777 622 1820 compos‘tionem
656 1775 798 1820 aIIquam
829 1784 924 1808 sonat
952 1788 991 1808 ex
1014 1775 1090 1809 dicti
1115 1779 1355 1821 compositione
1379 1787 1411 1811 et

346 1825 458 1859 modo.
477 1826 583 1858 Prima
601 1836 711 1858 rursus
729 1836 813 1868 parS,
830 1823 903 1856 licet
920 1826 1030 1857 omnia
1047 1825 1162 1858 habeat
1175 1827 1316 1870 propria,
1333 1827 1410 1860 sub-

346 1875 467 1907 iectum
491 1873 630 1913 scilicet,
654 1882 686 1906 et
710 1872 942 1916 praedicatum,
964 1873 1117 1917 copulam
1142 1883 1174 1907 et
1198 1876 1410 1919 compositio-

346 1935 437 1963 nem,
454 1932 521 1955 tota
541 1931 650 1955 tamen
671 1921 854 1954 subiectum
870 1930 919 1954 est
935 1921 1073 1955 modalis
1090 1924 1345 1963 enunciationis;
1362 1937 1410 1958 se-

346 1972 451 2005 cunda
473 1981 580 2005 autem
605 1980 654 2004 est
677 1970 907 2014 praedicatum.
926 1971 1013 2003 Dicti
1039 1983 1116 2015 ergo
1139 1973 1336 2016 compositio
1361 1985 1412 2006 su-

345 2021 473 2054 biicitur
493 2029 524 2053 et
548 2019 754 2053 modificatur
778 2019 810 2051 in
828 2020 1059 2052 enuncIatione
1077 2020 1208 2054 modali.
1228 2021 1297 2061 Qui
1322 2023 1410 2055 enim

345 2070 432 2110 dicit,
450 2070 598 2103 Socratem
614 2080 670 2102 esse
693 2068 797 2101 album
813 2074 854 2101 est
863 2068 1013 2112 possibile,
1031 2080 1099 2102 non
1123 2069 1283 2113 significat
1306 2071 1410 2115 qualis

344 2127 393 2152 est
417 2119 606 2151 coniunctio
630 2116 853 2161 possibilitatis
880 2128 955 2150 cum
979 2117 1043 2150 hoc
1069 2117 1167 2158 dicto,
1185 2119 1333 2152 Socratem
1354 2131 1411 2153 esse

344 2168 461 2208 album,
486 2167 543 2200 sed
566 2167 710 2200 insinuat
740 2165 844 2210 qualis
876 2166 916 2198 sit
940 2167 1138 2209 compositio
1166 2168 1308 2210 partium
1333 2168 1408 2201 dicti

344 2218 427 2259 inter
461 2228 512 2256 se,
549 2216 671 2248 scilicet
706 2214 768 2247 albi
801 2226 876 2246 cum
902 2215 1053 2254 Socrate,
1083 2215 1206 2248 scilicet
1235 2216 1324 2260 quod
1361 2226 1410 2250 est

345 2266 541 2309 compositio
559 2263 731 2308 possibiliS.
749 2263 828 2296 Non
846 2262 923 2295 dicit
941 2264 1039 2306 igitur
1058 2265 1245 2298 enunciatio
1269 2265 1408 2299 modalis

345 2314 466 2358 aliquid
490 2315 605 2353 inesse,
629 2311 681 2344 vel
705 2323 772 2343 non
798 2312 917 2351 inesse,
942 2310 998 2344 sed
1023 2311 1098 2344 dicti
1131 2314 1241 2356 potius
1270 2313 1408 2347 modum

345 2364 505 2397 enunciat.
526 2362 597 2395 Nec
622 2361 752 2404 proprie
777 2361 948 2403 componit
973 2360 1153 2394 secundum
1178 2361 1407 2405 significatum,

345 2414 420 2456 quia
445 2411 693 2454 compositionis
717 2421 783 2441 non
801 2418 849 2442 est
873 2410 1088 2452 compositio,
1112 2410 1168 2443 sed
1189 2422 1297 2443 rerum
1322 2423 1409 2444 corn-

345 2461 501 2505 positioni
526 2458 662 2492 modum
679 2459 825 2502 apponit.
852 2458 948 2491 Unde
965 2458 1046 2490 n³hil
1071 2459 1158 2492 aliud
1182 2469 1231 2492 est
1255 2462 1408 2494 enuncia-

345 2510 392 2542 tio
416 2507 565 2545 modalis,
583 2518 681 2551 quam
706 2507 892 2538 enunciatio
921 2505 998 2539 dicti
1030 2506 1258 2540 modificativa.

413 2568 440 2599 5.
457 2557 529 2590 Nec
553 2565 724 2600 propterea
749 2554 909 2587 censenda
927 2563 975 2587 est
999 2556 1186 2588 enunciatio
1211 2556 1320 2599 plures
1337 2568 1407 2589 mo-

345 2607 436 2646 dalis,
461 2605 536 2649 quia
562 2604 673 2636 omnia
698 2602 859 2645 duplicata
880 2601 1012 2635 habeat:
1030 2604 1187 2646 quoniam
1211 2615 1315 2636 unum
1337 2615 1408 2637 mo-

345 2655 424 2689 dum
456 2654 495 2687 de
522 2654 617 2685 unica
634 2651 874 2694 compositione
898 2651 1061 2691 enunciat,
1078 2651 1152 2684 licet
1169 2651 1254 2684 illius
1272 2664 1407 2696 compo·

344 2704 471 2737 sitionis
492 2701 600 2745 plures
617 2701 682 2732 sint
702 2708 818 2743 partes.
841 2698 937 2731 Plura
961 2699 1048 2731 enim
1074 2699 1126 2731 illa
1150 2700 1189 2733 ad
1218 2700 1294 2734 dicti
1318 2712 1407 2733 com-

344 2753 543 2796 positionem
568 2748 804 2786 concurrentia,
826 2746 926 2779 veluti
944 2746 1036 2790 plura
1053 2759 1092 2779 ex
1116 2747 1234 2791 quibus
1250 2747 1287 2781 fit
1303 2759 1406 2781 unum

343 2801 527 2835 subiectum
551 2805 760 2836 concurrunt,
778 2796 817 2829 de
834 2795 952 2840 quibus
977 2795 1100 2829 dictum
1117 2806 1165 2830 est
1189 2808 1285 2841 supra
1317 2797 1407 2842 quod

343 2848 581 2882 enunciationis
613 2847 771 2878 unitatem
801 2855 869 2877 non
900 2843 1092 2887 impediunt.
1119 2845 1210 2878 Sicut
1240 2856 1301 2878 nec
1330 2857 1406 2878 cum

343 2898 477 2938 dicitur,
509 2897 613 2930 domus
643 2901 684 2928 est
711 2893 804 2933 alba,
833 2901 881 2925 est
913 2893 1099 2925 enunciatio
1127 2892 1309 2937 multipleX‚
1333 2893 1407 2927 licet

343 2946 461 2979 domus
478 2957 517 2978 ex
533 2943 644 2976 multis
661 2950 836 2985 consurgat
852 2939 1006 2984 partibus.

410 2996 439 3026 6.
458 2994 577 3026 Merito
602 3000 711 3024 autem
736 2999 795 3029 est,
812 2998 887 3033 post
908 2990 1154 3022 enunciationes
1179 2989 1218 3023 de
1241 2991 1342 3030 inesse,
1367 2990 1406 3024 de

343 3042 510 3076 modalibus
541 3039 760 3079 tractandum,
784 3039 859 3083 quia
891 3047 998 3081 partes
1029 3038 1216 3071 naturaliter
1239 3048 1316 3071 sunt
1336 3048 1407 3072 toto

343 3092 478 3135 prioreS,
491 3099 522 3122 et
539 3089 684 3132 cognitio
698 3088 798 3120 totius
815 3098 854 3119 ex
871 3087 1012 3130 partium
1030 3087 1218 3129 cognitione
1235 3087 1407 3131 dependet;

343 3150 375 3173 et
391 3140 538 3184 specialis
556 3149 663 3171 sermo
678 3137 716 3170 de
734 3137 783 3169 his
801 3145 849 3169 est
862 3135 1041 3174 habendus,
1055 3137 1131 3179 quia
1148 3137 1295 3180 proprias
1313 3136 1408 3170 habet

344 3189 557 3222 difficultates.
581 3187 718 3221 Notavit
748 3197 880 3230 quoque
910 3184 1099 3218 Aristoteles
1125 3186 1157 3217 in
1181 3193 1269 3218 textu
1294 3185 1406 3218 multa.

345 3239 473 3271 Horum
485 3236 634 3279 ordinem
645 3235 777 3273 scilicet,
788 3245 862 3267 cum
873 3233 964 3267 dixit:
978 3234 1040 3267 His
1047 3245 1116 3267 vero
1125 3234 1325 3267 detarminatis
1334 3242 1407 3273 etc.;

344 3287 461 3319 modos
486 3287 541 3330 qui
566 3294 598 3318 et
614 3293 695 3328 quot
718 3292 812 3323 sunt,
837 3294 911 3316 cum
936 3294 993 3315 eos
1018 3283 1175 3325 expressit
1198 3291 1230 3315 et
1254 3283 1407 3321 inseruit3

343 3336 555 3368 variationem
572 3333 718 3366 eiusdem
736 3332 837 3372 modi,
854 3343 910 3376 per
934 3331 1183 3364 affirmationem
1206 3339 1238 3364 et
1260 3332 1407 3374 negatio-

344 3395 442 3423 nem,
471 3395 545 3416 cum
581 3382 677 3415 dixit:
706 3381 845 3414 Possibile
873 3387 899 3414 et
921 3392 981 3414 non
1001 3380 1158 3425 possibile,
1191 3381 1359 3423 contingens
1382 3386 1408 3413 et

344 3443 403 3464 non
434 3433 599 3473 contingens
609 3443 621 3470 ;
649 3431 874 3463 necessitatem
898 3441 972 3462 cum
997 3428 1141 3462 addidit:
1177 3428 1301 3461 Habsnt
1330 3429 1407 3461 enim

345 3480 456 3512 multas
479 3480 673 3512 dubitationes
692 3479 832 3523 proprias
857 3487 916 3510 etc.

412 3538 441 3570 7.
459 3528 585 3560 Deinde
617 3539 691 3560 cum
724 3527 816 3560 dicit:
842 3527 926 3559 Nam
949 3527 975 3559 si
1002 3537 1103 3559 eorum
1134 3534 1213 3565 etc„
1237 3525 1407 3570 exequitur

346 3585 516 3608 tractatum
540 3576 578 3608 de
610 3577 818 3619 oppositione
851 3574 1040 3607 modalium.
1067 3575 1107 3607 Et
1139 3575 1221 3610 circa
1252 3574 1316 3606 hoc
1340 3573 1407 3606 duo

1117 241 1236 276 PERI
1267 240 1613 277 HERMENEIAS
1643 243 1737 279 LIB.
1769 245 1800 279 ΙΙ

1478 316 1568 350 facit:
1586 319 1705 362 primo,
1721 320 1887 354 movendo
1909 322 2134 365 quaestionem
2159 323 2265 366 arguit
2285 323 2324 357 ad
2345 333 2471 367 partes;
2497 336 2545 358 se-

1478 366 1596 407 cundo,
1614 367 1806 401 determinat
1822 371 2008 409 veritatem;
2026 370 2087 403 ibi:
2107 372 2260 415 Contingit
2271 379 2370 405 autam
2382 373 2398 390 '⁸‘
2411 382 2470 407 etc.
2486 375 2544 407 Est

1477 424 1586 447 autem
1604 415 1773 450 dubitatio:
1788 429 1828 450 an
1846 419 1879 450 in
1896 420 2179 453 enunciationibus
2196 421 2380 454 modalibus
2397 422 2452 455 fiat
2469 434 2544 456 con-

1477 462 1625 497 tradictio
1654 467 1828 508 negatione
1853 468 2001 510 apposita
2025 467 2065 501 ad
2088 468 2224 501 verbum
2248 469 2328 510 dicti,
2352 470 2442 514 quod
2466 471 2543 504 dicit

1477 521 1557 549 rem:
1575 524 1616 545 an
1632 524 1710 553 non,
1723 514 1781 547 sed
1797 516 1907 558 potius
1925 517 2098 559 negatione
2112 519 2261 561 apposita
2274 518 2313 551 ad
2331 519 2468 552 modurn
2486 521 2542 564 qui

1477 560 1648 604 qualificat.
1668 562 1708 594 Et
1722 563 1841 605 primo,
1859 565 1964 606 arguit
1988 564 2027 597 ad
2051 575 2176 609 partem
2194 566 2430 608 affirmativam,
2451 569 2542 612 quod

1476 607 1599 641 scilicet
1611 609 1756 643 addenda
1769 611 1810 643 sit
1822 613 1953 655 negatio
1966 612 2006 646 ad
2022 613 2177 654 verbum;
2190 615 2346 656 secundo,
2363 616 2403 649 ad
2416 626 2540 660 partem

1476 658 1672 699 negativam,
1690 659 1780 702 quod
1803 671 1871 693 non
1895 662 2090 705 apponenda
2114 664 2155 696 sit
2178 665 2309 707 negatio
2334 666 2396 709 ipsi
2420 665 2540 706 verbo;

1476 704 1537 737 ibi:
1559 706 1589 737 V
1588 706 1684 740 idztur
1701 714 1802 740 autem
1818 708 1833 724 *
1850 718 1910 741 etc.

1543 754 1572 786 8.
1592 755 1735 788 Intendit
1759 767 1837 799 ergo
1859 758 1966 800 primo
1988 757 2051 791 tale
2071 769 2320 802 argumentum;
2344 763 2371 794 si
2396 762 2539 806 comple-

1474 813 1592 835 xorum
1610 804 1883 837 contradictiones
1900 806 2110 839 attenduntur
2127 819 2227 851 penes
2245 820 2315 842 esse
2332 818 2364 842 et
2379 821 2447 843 non
2468 822 2538 844 esse

1474 850 1528 895 (ut
1552 860 1640 895 patet
1664 852 1829 886 inductive
1850 854 1883 886 in
1907 855 2192 889 enunciationibus
2217 857 2426 890 substantivis
2439 858 2479 892 de
2493 870 2539 891 se-

1475 898 1583 931 cundo
1601 899 1766 933 adiacente
1779 909 1810 933 et
1823 900 1863 933 de
1885 902 1992 942 tertio,
2012 911 2044 935 et
2061 904 2093 935 in
2108 903 2301 949 adiectivis)‚
2314 906 2539 939 contradictio-

1473 959 1596 991 nesque
1614 949 1764 982 omnium
1788 949 1852 982 hoc
1876 949 1978 983 modo
1991 951 2169 985 sumendae
2185 961 2272 993 sunt,
2289 953 2538 987 contradictoria

1472 995 1581 1035 huius,
1594 997 1733 1040 possibile
1755 1009 1823 1038 esse,
1849 999 1918 1038 erit,
1930 999 2069 1043 possibile
2091 1012 2152 1033 non
2175 1012 2244 1041 esse,
2264 1010 2296 1034 et
2311 1013 2379 1034 non
2397 1002 2461 1043 illa,
2477 1014 2538 1036 non

1467 1045 1605 1089 possibile
1628 1057 1694 1079 esse.
1713 1047 1753 1079 Et
1769 1057 2008 1092 consequenter
2031 1049 2227 1093 apponenda
2244 1059 2293 1083 est
2316 1052 2447 1092 negatio
2465 1063 2535 1084 ver-

1472 1093 1525 1134 bo,
1542 1093 1582 1127 ad
1606 1094 1800 1127 sumendam
1817 1096 2064 1139 oppositIOnem
2080 1098 2113 1130 in
2130 1097 2324 1131 modalibus.
2343 1099 2436 1132 Patet
2459 1111 2536 1132 con-

1471 1144 1650 1186 sequentia,
1674 1144 1751 1187 quia
1775 1155 1850 1176 cum
1875 1144 2002 1185 dicitur,
2022 1146 2177 1189 possibile
2202 1158 2283 1187 esse,
2312 1156 2358 1187 et,
2380 1147 2535 1191 possibile

1470 1202 1538 1222 non
1563 1202 1643 1231 esse,
1668 1192 1798 1234 negatio
1823 1192 1907 1226 cadit
1930 1205 2028 1237 supra
2052 1205 2133 1227 esse.
2159 1195 2256 1228 Unde
2285 1195 2377 1230 dicit:
2402 1196 2488 1229 Nam
2510 1197 2536 1229 si

1470 1251 1584 1279 eorum,
1600 1251 1677 1283 quae
1692 1241 1935 1285 complectuntur,
1953 1242 2036 1275 idest
2052 1242 2312 1286 complexorum,
2328 1244 2399 1277 iilae
2410 1244 2467 1277 sibi
2489 1246 2535 1277 in-

1468 1289 1560 1321 viczm
1583 1295 1654 1321 sunt
1675 1290 1822 1334 oppositae
1845 1291 2101 1332 contradictiones,
2126 1303 2202 1335 qua:
2224 1292 2385 1326 secundum
2408 1304 2466 1326 esse
2487 1293 2535 1326 vel

1469 1347 1529 1369 non
1552 1348 1609 1369 esse
1631 1337 1841 1381 disponuntur,
1859 1338 1942 1372 idest
1958 1340 1991 1371 in
2013 1351 2152 1383 quarum
2170 1351 2235 1373 una
2259 1339 2437 1373 affirmatur
2453 1352 2534 1381 esse,

1469 1394 1501 1418 et
1517 1387 1550 1418 in
1567 1386 1664 1419 altera
1677 1396 1823 1430 negatur.

1535 1446 1564 1477 9.
1593 1436 1634 1468 Et
1649 1435 1758 1468 subdit
1780 1435 2023 1477 inductionem,
2051 1437 2208 1470 inchoans
2236 1450 2254 1471 a
2278 1438 2424 1472 secundo
2449 1439 2534 1472 adia-

1469 1492 1576 1516 cente:
1594 1493 1640 1524 ut‚
1654 1485 1723 1530 eius
1740 1486 1979 1518 enunciationis
1993 1498 2076 1530 quae
2090 1495 2148 1526 est,
2162 1498 2232 1520 esse
2246 1487 2426 1528 hominem,
2440 1487 2533 1529 idest,

1468 1531 1552 1565 homo
1576 1538 1627 1572 est,
1646 1533 1777 1576 negatio
1801 1542 1860 1573 est,
1877 1544 1944 1566 non
1961 1545 2032 1567 esse
2049 1534 2230 1575 hominem,
2246 1535 2303 1568 ubi
2325 1536 2463 1569 verbum
2480 1548 2534 1570 ne—

1468 1589 1573 1624 gatur,
1590 1580 1684 1621 idest,
1701 1581 1785 1615 homo
1801 1593 1861 1615 non
1877 1589 1940 1622 est;
1956 1591 1988 1615 et
2004 1594 2072 1615 non
2092 1592 2141 1616 est
2157 1585 2226 1617 eius
2247 1585 2379 1628 negatio
2396 1597 2433 1618 ea
2449 1597 2532 1629 quae

1468 1637 1526 1668 est,
1551 1640 1622 1661 esse
1645 1640 1714 1662 non
1738 1629 1919 1670 hominem,
1940 1629 2040 1669 idest,
2064 1642 2125 1664 non
2148 1631 2233 1664 homo
2257 1639 2314 1666 est:
2340 1632 2420 1665 haec
2443 1633 2533 1666 enim

1467 1688 1535 1710 non
1563 1686 1612 1710 est
1635 1679 1800 1721 negativa,
1824 1678 1881 1711 sed
1911 1678 2104 1712 affirmativa
2135 1679 2174 1713 de
2205 1680 2352 1713 subiecto
2384 1680 2532 1722 infinito,

1467 1738 1550 1770 quae
1581 1726 1679 1759 simul
1704 1735 1752 1759 est
1775 1739 1851 1760 vera
1875 1739 1951 1760 cum
1967 1727 2021 1761 illa
2045 1729 2170 1771 prima,
2196 1729 2337 1770 scilicet,
2353 1729 2458 1763 horno
2473 1739 2531 1763 est.

1538 1784 1585 1807 10.
1604 1774 1732 1807 Deinde
1748 1776 1957 1819 prosequitur
1974 1775 2198 1809 inductionem
2215 1778 2248 1809 in
2266 1777 2476 1810 substantivis
2492 1777 2532 1811 de

1467 1823 1563 1855 tertio
1587 1822 1769 1855 adiacente:
1790 1831 1837 1861 ut,
1854 1824 1924 1856 eius
1945 1835 2028 1867 quae
2052 1832 2111 1863 est,
2127 1835 2198 1857 esse
2219 1824 2329 1857 album
2350 1825 2532 1867 hominem,

1467 1872 1565 1912 idest,
1590 1881 1636 1912 ut,
1669 1871 1755 1904 illius
1787 1872 2044 1912 enunciationis,
2068 1872 2171 1905 homo
2195 1881 2244 1906 est
2267 1872 2374 1913 albus,
2398 1875 2532 1917 negatio

1466 1929 1525 1961 est,
1541 1931 1610 1952 non
1634 1931 1704 1953 esse
1720 1919 1831 1953 album
1847 1919 2028 1960 hominem,
2044 1920 2100 1953 ubi
2115 1921 2251 1954 verbum
2269 1930 2417 1965 negatur,
2438 1922 2531 1963 idest,

1466 1969 1569 2003 homo
1593 1980 1662 2002 non
1686 1978 1735 2002 est
1758 1968 1866 2007 albus;
1890 1978 1922 2002 et
1945 1979 2013 2002 non
2036 1978 2085 2002 est
2108 1971 2240 2014 negatio
2264 1969 2350 2003 illius
2375 1982 2422 2011 ea,
2447 1983 2530 2016 quae

1466 2021 1525 2058 est,
1544 2029 1614 2051 esse
1628 2029 1706 2051 ‘non
1730 2017 1840 2051 album
1865 2017 2050 2058 hominem,
2072 2017 2166 2057 idest,
2191 2018 2294 2052 homo
2319 2028 2368 2052 est
2391 2031 2461 2052 non
2484 2019 2530 2053 al-

1466 2066 1535 2099 bus.
1554 2067 1643 2100 Haec
1660 2067 1749 2099 enim
1765 2078 1833 2100 non
1851 2075 1899 2099 est
1922 2067 2084 2110 negativa,
2101 2066 2158 2100 sed
2176 2066 2367 2101 affirmativa
2384 2067 2423 2101 de
2440 2079 2531 2112 prae-

1465 2115 1573 2149 dicato
1598 2115 1736 2148 infinito.
1751 2135 1768 2140 -
1783 2116 1824 2148 Et
1847 2116 1923 2159 quia
1940 2116 2019 2148 istae
2036 2115 2119 2149 duae
2143 2115 2353 2150 affirmativae
2373 2116 2412 2150 de
2437 2128 2530 2161 prae-

1465 2165 1572 2197 dicato
1596 2164 1689 2197 finito
1714 2173 1746 2197 et
1769 2163 1898 2197 infinito
1921 2175 1989 2197 non
2014 2174 2154 2208 possunt
2170 2164 2209 2198 de
2227 2164 2345 2198 eodem
2360 2164 2531 2207 verificari,

1465 2223 1637 2258 propterea
1661 2214 1737 2257 quia
1761 2222 1838 2246 sunt
1861 2212 1900 2246 de
1925 2212 2115 2256 praedicatis
2140 2215 2318 2257 oppositis,
2342 2223 2455 2258 posset
2476 2214 2532 2249 ali·

1465 2264 1537 2307 quis
1562 2262 1692 2296 credere
1716 2262 1806 2306 quod
1830 2263 1895 2294 sint
1919 2262 2206 2302 contradictoriae;
2223 2271 2255 2296 et
2278 2263 2354 2296 ideo
2378 2263 2418 2296 ad
2441 2263 2531 2298 hunc

1464 2323 1609 2345 errorem
1633 2311 1816 2345 tollendum
1841 2312 2019 2355 interponit
2042 2313 2204 2345 rationem
2221 2312 2415 2356 probantem
2439 2312 2529 2356 quod

1464 2361 1524 2394 hae
1548 2360 1631 2393 duae
1655 2371 1723 2393 non
1747 2369 1824 2393 sunt
1855 2360 2133 2394 contradictoriae.
2158 2361 2216 2394 Est
2247 2370 2356 2394 autem
2378 2362 2461 2394 ratio
2484 2370 2530 2395 ta-

1463 2410 1512 2442 lis.
1539 2409 1881 2443 Contradictoriorum
1908 2409 1980 2442 talis
2003 2417 2052 2442 est
2072 2418 2186 2442 natura
2211 2409 2301 2453 quod
2318 2409 2357 2443 de
2375 2408 2529 2443 omnibus

1463 2467 1520 2491 aut
1543 2458 1653 2498 dictio,
1682 2457 1765 2491 idest
1787 2458 1961 2491 affirmatio
1989 2466 2044 2491 aut
2066 2458 2198 2501 negatio
2222 2457 2415 2492 verificatur.
2441 2459 2530 2494 Inter

1464 2507 1714 2540 contradictorIa
1738 2507 1900 2551 siquidem
1916 2506 2044 2540 nullum
2069 2515 2179 2550 potest
2201 2507 2339 2540 inveniri
2363 2507 2529 2547 medium;

1463 2555 1520 2589 sed
1544 2555 1604 2588 hae
1625 2555 1708 2588 duae
1732 2556 1991 2594 enunciationes,
2014 2554 2154 2594 scilicet,
2177 2561 2219 2587 est
2241 2554 2326 2588 homo
2349 2553 2454 2596 albus,
2477 2563 2528 2594 et,

1463 2611 1504 2638 est
1526 2605 1611 2637 homo
1634 2615 1694 2637 non
1710 2603 1810 2643 albus,
1829 2613 1905 2636 sunt
1922 2602 2192 2636 contradictoriae
2209 2614 2267 2646 per
2282 2612 2333 2643 se;
2349 2614 2428 2647 ergo
2451 2611 2529 2636 sunt

1463 2653 1535 2686 talis
1559 2661 1692 2685 naturae
1717 2651 1807 2695 quod
1831 2651 1870 2684 de
1895 2651 2048 2690 omnibus
2072 2650 2172 2683 altera
2195 2649 2388 2684 verificatur.
2406 2651 2448 2685 Et
2470 2652 2527 2692 sic,

1464 2713 1539 2734 cum
1563 2701 1603 2734 de
1634 2701 1725 2743 ligno
1756 2701 1798 2732 sit
1828 2699 1945 2732 falsum
1977 2698 2102 2738 dicere,
2126 2708 2176 2732 est
2206 2699 2309 2732 homo
2333 2699 2444 2741 albus,
2467 2701 2528 2734 erit

1462 2761 1578 2783 verum
1601 2748 1708 2782 dicere
1732 2748 1771 2781 de
1796 2759 1847 2787 eo,
1872 2747 1995 2780 scilicet
2018 2747 2127 2791 ligno,
2148 2759 2219 2780 esse
2243 2759 2311 2781 non
2335 2748 2445 2782 album
2469 2749 2529 2790 ho-

1462 2800 1598 2836 minem,
1615 2797 1707 2837 idest,
1723 2797 1849 2840 lignum
1871 2805 1919 2829 est
1936 2796 2038 2829 horno
2054 2807 2123 2829 non
2147 2795 2248 2829 albus.
2272 2796 2376 2835 Quod
2400 2806 2449 2830 est
2464 2808 2530 2831 rm-

1462 2847 1577 2880 nifeste
1593 2846 1728 2879 falsum:
1745 2846 1873 2889 lignum
1890 2846 1977 2881 enim
1994 2856 2101 2889 neque
2117 2854 2167 2878 est
2182 2844 2285 2878 homo
2302 2845 2404 2886 albus,
2420 2857 2529 2890 neque

1463 2905 1512 2929 est
1535 2896 1637 2929 homo
1668 2906 1736 2928 non
1770 2894 1871 2928 albus.
1900 2895 2012 2928 Restat
2041 2905 2121 2937 ergo
2152 2906 2192 2926 ex
2222 2905 2290 2938 quo
2317 2902 2456 2938 utraque
2479 2902 2528 2928 est

1463 2945 1560 2980 simul
1577 2944 1655 2977 falsa
1676 2943 1715 2977 de
1732 2943 1860 2983 eodem,
1877 2942 1967 2988 quod
1983 2954 2052 2976 non
2073 2943 2115 2975 sit
2133 2943 2215 2975 inter
2231 2954 2285 2975 eas
2303 2942 2531 2976 contradictio.'

1464 2993 1528 3026 Sed
1552 2991 1766 3026 contradictio
1787 2991 1823 3024 fit
1846 2991 1979 3036 quando
1999 2991 2130 3034 negatio
2148 2992 2326 3034 apponitur
2341 2989 2453 3024 verbo.

1533 3052 1581 3074 11.
1606 3040 1734 3074 Deinde
1766 3041 1976 3084 prosequitur
2005 3039 2231 3073 inductionem
2262 3040 2296 3072 in
2327 3040 2528 3073 enunciatio-

1462 3090 1558 3124 nibus
1583 3089 1731 3123 adiectivi
1755 3088 1856 3129 verbi,
1880 3089 2008 3122 dicens:
2039 3088 2130 3131 Quod
2151 3089 2178 3121 si
2203 3089 2254 3122 hoc
2276 3088 2378 3128 modo,
2406 3087 2528 3122 scilicet

1462 3138 1668 3183 supradicto,
1700 3139 1856 3181 accipitur
1887 3137 2124 3177 contradictio,
2155 3143 2182 3170 et
2219 3137 2253 3170 in
2291 3137 2528 3181 quantiscunque

1462 3186 1718 3222 enunciationibus
1741 3197 1798 3219 esse
1821 3197 1880 3219 non
1899 3186 2025 3230 ponitur
2047 3185 2215 3229 explicite,
2238 3185 2315 3218 idem
2330 3185 2528 3229 faciesque-

1462 3237 1502 3270 ad
1526 3236 1772 3280 oppositionem
1790 3234 1995 3274 sumendam,
2020 3234 2052 3268 id
2074 3234 2154 3278 quod
2171 3240 2228 3278 pro
2252 3244 2310 3267 esse
2328 3234 2445 3267 -dicitur
2465 3230 2528 3277 (id-

1462 3294 1510 3318 est
1533 3285 1670 3319 verbum
1694 3283 1901 3323 adiectivum‚
1926 3282 2017 3327 quod
2048 3282 2159 3316 locum
2190 3283 2294 3326 ipsius
2325 3293 2396 3316 esse
2419 3289 2526 3321 tenet,

1463 3346 1523 3378 pro
1547 3342 1682 3378 quanto,
1700 3341 1833 3377 propter
1849 3333 1919 3365 eius
1943 3333 2111 3365 veritatem
2128 3332 2161 3364 in
2185 3343 2220 3365 se
2241 3331 2411 3371 inclusam,
2427 3341 2528 3374 copu-

1462 3382 1511 3415 lae
1536 3381 1684 3415 officium
1708 3381 1810 3426 facit),
1834 3387 1868 3414 ut
1889 3381 1951 3414 eius
1973 3380 2212 3414 enunciationis
2241 3391 2324 3424 quae
2353 3387 2420 3418 est,
2440 3378 2526 3411 homo

1462 3430 1611 3471 ambulat,
1629 3431 1760 3473 negatio
1783 3438 1842 3470 est,
1859 3440 1926 3462 non
1950 3440 1987 3462 ea
2004 3440 2087 3473 quae
2111 3427 2206 3468 dicit,
2229 3438 2290 3461 non
2312 3427 2396 3460 homo
2420 3426 2525 3459 ambu-

1463 3479 1507 3512 lat
1530 3479 1625 3523 (haec
1650 3479 1737 3511 enim
1762 3486 1810 3510 est
1833 3477 2023 3510 affirmativa
2048 3477 2088 3510 de
2111 3476 2258 3509 subiecto
2290 3474 2444 3518 infinito),
2468 3474 2525 3508 sed

1461 3527 1592 3569 negatio
1617 3525 1702 3559 illius
1726 3535 1784 3567 est,
1801 3526 1885 3559 homo
1909 3537 1969 3559 non
1991 3525 2154 3564 ambulat;
2177 3525 2262 3557 sicut
2284 3532 2316 3556 et
2339 3523 2372 3555 in
2396 3521 2459 3555 illis
2485 3522 2525 3556 de

1462 3574 1561 3608 verbo
1577 3574 1791 3614 substantivo,
1807 3575 1939 3617 negatio
1954 3573 2055 3606 verbo
2067 3571 2214 3606 addenda
2230 3579 2306 3604 erat.
2326 3569 2419 3604 Nihil
2435 3571 2524 3604 enim

2572 388 2582 398 ·
2592 388 2663 411 Num.
2674 395 2707 416 14,

2570 713 2577 721 “
2588 714 2658 737 Num.
2669 721 2699 744 13.
