2788 4204
54 453 63 461 '
71 460 98 475 A:
114 455 137 475 et
150 458 208 474 cum.

55 504 64 513 ¹
74 505 161 527 Codd.-
168 511 190 527 P.
200 505 265 527 omit-

52 533 79 554 tit
93 534 155 553 sunt.

54 771 63 780 '
71 776 142 792 acne:
156 769 265 791 determi-

52 799 95 818 nat
100 804 109 823 ,·
123 803 150 818 a:
166 796 230 818 dicit.

52 1151 61 1160 ·
71 1155 99 1171 Ac
114 1149 189 1171 omitt.
203 1148 243 1170 ad.

295 209 316 244 8
1046 206 1165 241 PERI
1196 204 1544 240 HERMENEIAS
1581 205 1675 240 LIB.
1708 206 1733 240 l.

292 286 429 323 ctiones
463 293 499 322 et
526 285 823 334 praepositiones
851 293 888 322 et
923 284 995 320 alia
1028 283 1249 320 huiusmodi
1284 294 1363 318 non

294 339 468 376 dicuntur
496 338 837 387 interpretationes,
859 338 948 387 quia
973 349 1051 373 non
1070 349 1140 385 per
1160 348 1200 372 se
1221 335 1364 384 aliquid

293 392 514 440 significant.
547 391 725 428 Similiter
745 391 857 427 etiarn
878 403 995 427 voces
1020 389 1273 436 significantes
1298 402 1362 425 na-

292 446 469 493 turaliter,
491 457 569 481 non
589 457 634 481 ex
653 444 849 492 proposito
871 444 964 480 aut*
985 455 1072 478 curn
1093 442 1363 489 imaginatione

293 499 433 548 aliquid
462 497 708 546 significandi,
738 497 833 533 sicut
858 496 980 533 sunt*
1011 508 1129 532 voces
1163 496 1362 532 brutorum

293 552 526 598 animalium,
547 550 872 598 interpretationes
890 548 962 585 dici
982 561 1061 585 non
1080 557 1253 596 possunt.
1286 549 1363 595 Qui

294 606 395 642 enim
423 605 685 653 interpretatur
713 602 854 651 aliquid
887 615 1080 650 exponere
1109 601 1278 638 intendit.
1315 603 1364 639 Et

293 659 379 695 ideo
409 659 489 694 sola
518 656 671 693 nomina
701 663 737 692 et
764 657 880 692 verba
910 663 947 692 et
975 656 1163 692 orationes
1188 655 1364 692 dicuntur

293 710 627 759 interpretationes,
659 709 705 746 de
735 709 873 758 quibus
898 709 936 745 in
956 710 1030 745 hoc
1059 709 1154 745 libro
1185 709 1362 745 determi-

293 771 402 801 natur
419 764 447 799 *.
468 784 493 790 -
515 763 592 799 Sed
611 769 740 799 tamen
760 775 903 799 nomen
924 770 960 799 et
984 763 1148 799 verbum
1169 762 1289 810 magis
1308 763 1362 799 in-

292 816 566 864 terpretationis
600 816 784 864 principia
818 828 900 852 esse
933 815 1126 862 videntur,
1162 828 1278 864 quam
1307 816 1362 852 in-

292 869 586 917 terpretationes.
614 869 678 905 Ille
708 869 809 905 enim
838 869 1072 918 interpretari
1100 869 1267 916 videtur,
1297 869 1362 918 qui

293 922 446 970 exponit
473 921 615 970 aliquid
643 934 726 958 esse
759 935 896 958 verum
924 923 986 959 vel
1016 922 1164 959 falsum.
1196 923 1245 959 Et
1272 922 1360 959 ideo

292 976 372 1012 sola
401 974 520 1011 oratio
547 975 801 1022 enunciativa,
828 975 866 1011 in
890 988 966 1024 qua
983 988 1121 1012 verum
1140 976 1202 1012 vel
1223 976 1360 1013 falsum

291 1028 492 1075 invenitur,
509 1028 763 1077 interpretatio
779 1036 949 1065 vocatur.
968 1029 1151 1066 Caeterae
1165 1042 1260 1066 vero
1277 1042 1359 1066 ora-

290 1082 427 1127 tiones,
444 1089 485 1118 ut
500 1082 663 1129 optativa
684 1089 720 1118 et
739 1082 978 1130 imperativa,
999 1083 1119 1130 magis
1139 1083 1361 1120 ordinantur

292 1136 341 1172 ad
361 1135 654 1183 exprimendum
669 1135 864 1181 affectum,
877 1148 993 1184 quam
1014 1136 1063 1173 ad
1075 1137 1095 1157 ’¹‘
1113 1136 1359 1185 interpretan-

293 1189 386 1226 dum
406 1188 444 1225 id
464 1189 569 1237 quod
589 1189 627 1225 in
647 1188 835 1225 intellectu
851 1190 1023 1226 habetur.
1046 1189 1255 1227 Intitulatur
1270 1202 1359 1237 ergo

292 1243 387 1279 liber
420 1242 488 1279 iste
516 1244 576 1279 De
605 1243 927 1290 interpretatione,
963 1255 1008 1278 ac
1036 1243 1066 1278 si
1096 1243 1283 1280 diceretur
1301 1245 1362 1281 De

293 1295 529 1333 enunciativa
550 1296 737 1333 oratione.-
758 1295 796 1332 in
816 1308 892 1344 qua
910 1308 1048 1332 verum
1067 1297 1129 1333 vel
1150 1297 1286 1334 falsum
1306 1297 1360 1333 in-

292 1349 454 1387 venitur.
472 1350 563 1386 Non
578 1357 707 1386 autern
723 1349 784 1386 hic
799 1349 919 1396 agitur
939 1349 987 1386 de
1007 1350 1164 1386 nomine
1181 1358 1218 1386 et
1226 1351 1360 1397 verbo,

293 1403 363 1440 nisi
378 1403 416 1440 in
431 1410 615 1452 quantum
631 1410 718 1439 sunt
731 1410 857 1451 partes
873 1402 1158 1439 enunciationis.
1177 1404 1245 1439 Est
1260 1403 1362 1439 enirn

293 1557 422 1589 colligitur
440 1557 511 1589 quod
530 1556 621 1581 titulus
642 1552 697 1589 περὶ
714 1553 857 1589 ἑρμηνείας,
879 1556 925 1588 qui
945 1556 977 1580 de
995 1556 1076 1581 verbo
1089 1557 1122 1581 ad
1135 1557 1367 1583 vei-bumvei-titur

294 1593 336 1618 De
359 1592 592 1624 interpretatione,
612 1591 792 1624 philosophice
815 1591 886 1616 reddi
907 1592 962 1616 iure
986 1592 1080 1617 merito
1099 1598 1186 1625 potest
1198 1612 1205 1623 ,
1224 1593 1266 1618 De
1284 1601 1365 1618 enun-

292 1628 391 1653 ciativa
409 1628 538 1653 oratione.
558 1627 624 1652 Hinc
642 1627 798 1651 Ammonius
811 1626 836 1651 in
850 1628 960 1660 prologo
974 1627 1013 1652 sui
1027 1628 1211 1653 Commentarii
1231 1629 1256 1654 in
1270 1629 1365 1654 librum

293 1664 355 1688 Peri
373 1663 536 1688 hermeneias
551 1663 621 1687 dicit:
643 1672 655 1684 «
669 1663 710 1687 De
730 1662 950 1694 interpretatione
974 1663 1069 1688 librum
1095 1664 1238 1697 inscripsit,
1258 1664 1365 1697 perinde

295 1709 307 1721 »
322 1699 396 1731 quasi
416 1699 465 1723 hoc
485 1699 572 1728 modo,
592 1706 623 1722 an
640 1698 680 1722 De
694 1698 863 1723 enunciativa
883 1698 1009 1723 inscribas
1029 1700 1159 1729 oratione,
1176 1700 1237 1725 nihil
1253 1700 1364 1725 intersit:

294 1743 308 1757 ³>
323 1732 447 1768 ἐπέγραψε
457 1730 487 1758 τὸ
499 1731 597 1766 βιβλίον
608 1730 663 1766 περὶ
675 1731 815 1777 ἑρμηνείας,
826 1732 860 1763 ὡς
871 1730 943 1759 οὗδεν
957 1733 1029 1768 διαφέ
1048 1742 1076 1759 ον
1086 1732 1101 1767 ἢ
1113 1734 1194 1765 οὕτως
1208 1731 1364 1770 ἐπιγράφειν,

294 1779 308 1793 x·
322 1767 336 1802 ἢ
350 1767 405 1803 περὶ
419 1770 466 1793 τοῦ
481 1763 659 1803 ἀποφαντικοῦ·
677 1767 760 1803 λογου
773 1778 787 1792 »
802 1767 933 1802 (Venetiis
943 1788 949 1799 ,
973 1743 1052 1802 1545,
1072 1770 1210 1803 interprete
1231 1771 1367 1796 Bartholo-

293 1813 368 1830 maeo
387 1804 517 1837 Sylvanio,
537 1805 582 1829 fol.
600 1813 620 1835 i,
640 1805 689 1829 col.
705 1804 728 1829 3.
741 1818 753 1823 ·
766 1805 800 1829 ib.
815 1812 899 1836 graec.
919 1805 959 1830 ed.
979 1805 1019 1830 cit.
1033 1806 1092 1830 Aldi
1111 1806 1148 1831 Pii
1168 1806 1297 1842 Manutii).

346 1842 466 1865 Attamen
486 1840 606 1873 quamvis
626 1840 708 1865 oratio
727 1840 889 1865 enunciativa
905 1841 1046 1866 constituat
1060 1842 1207 1867 subiectum
1222 1843 1301 1868 huius
1316 1847 1366 1868 tra-

294 1880 384 1907 ctatus,
396 1884 448 1900 non
459 1876 491 1900 de
505 1876 548 1900 illa
563 1876 733 1900 solummodo
747 1875 788 1900 hic
803 1876 894 1908 agitur,
915 1877 961 1901 sed
977 1877 1053 1902 etiam
1069 1878 1101 1902 de
1116 1878 1223 1903 nomine
1237 1883 1262 1903 et
1275 1878 1365 1909 verbo,

293 1912 403 1944 aliisque
417 1912 449 1936 ad
468 1912 551 1944 ipsam
571 1912 760 1936 enunciativam
779 1912 925 1936 orationem
941 1913 1139 1945 pertinentibus.
1160 1914 1235 1939 Ratio
1250 1919 1290 1939 est
1304 1915 1366 1947 quia

292 1948 426 1980 proprium
442 1947 562 1972 scientiae
581 1952 621 1972 est
640 1947 753 1979 cognitio
773 1948 813 1972 sui
829 1948 938 1973 subiecti
957 1949 988 1973 ad
1004 1949 1076 1981 quod
1091 1954 1216 1982 tanquam
1235 1951 1267 1975 ad
1287 1958 1365 1975 suum

293 1982 371 2008 finem
391 1983 531 2008 ordinatur.
552 1983 610 2007 Non
626 1988 712 2008 autem
728 1983 854 2015 possibile
869 1988 909 2008 est
923 1991 1083 2016 cognoscere
1098 1990 1216 2010 naturam
1237 1986 1367 2019 cuiusque

293 2019 401 2043 subiecti
416 2019 465 2043 nisi
480 2024 672 2050 cognoscantur
686 2024 772 2051 partes
787 2027 818 2044 ex
832 2019 929 2052 quibus
945 2020 1111 2045 constituitur
1126 2019 1209 2054 (sicut
1223 2022 1255 2046 ad
1269 2029 1366 2054 cogno-

294 2055 416 2079 scendam
436 2054 549 2079 hominis
569 2060 687 2079 naturam
701 2062 810 2079 necesse
825 2060 865 2080 est
879 2063 1038 2087 cognoscere
1051 2056 1108 2081 eius
1123 2062 1218 2089 partes,
1232 2063 1286 2082 tum
1300 2057 1365 2091 phy-

293 2089 367 2120 sicas,
388 2098 482 2122 nempe
501 2090 613 2115 animam
633 2095 658 2115 et
671 2098 765 2123 corpus
784 2090 949 2122 organicum,
969 2096 1023 2116 tum
1044 2093 1248 2125 metaphysicas‚
1269 2093 1366 2118 scilicet

293 2126 487 2150 animalitatem
502 2131 527 2150 et
540 2125 777 2160 rationalitatem);
793 2133 879 2159 neque
894 2127 971 2159 plene
986 2127 1079 2152 iterum
1098 2129 1266 2160 cognoscitur
1278 2129 1365 2162 ipsum

294 2161 457 2192 subiectum,
482 2162 585 2193 cognita
609 2162 692 2194 ipsius
712 2166 815 2192 natura,
841 2162 890 2186 nisi
914 2162 991 2187 etiam
1015 2169 1207 2195 cognoscantur
1230 2165 1286 2190 eius
1305 2173 1365 2197 pro-

293 2197 426 2230 prietates,
447 2204 493 2221 seu
509 2197 628 2230 propriae
641 2197 791 2230 passiones,
813 2205 880 2230 quae
904 2202 1022 2223 naturam
1042 2199 1125 2231 ipsam
1146 2200 1254 2225 subiecti
1274 2209 1365 2226 conse-

293 2237 410 2265 quuntur
429 2231 476 2265 (eo
495 2233 576 2258 modo
595 2241 648 2266 quo
668 2233 794 2265 capacitas
814 2233 911 2258 sciendi
933 2233 959 2258 in
978 2234 1084 2260 homine
1103 2235 1222 2268 sequitur
1245 2237 1301 2261 eius
1321 2244 1366 2261 na-

293 2273 378 2292 turam
397 2268 568 2303 rationalem).
597 2269 676 2301 Atqui
696 2274 782 2301 partes
809 2277 855 2294 seu
882 2269 1007 2302 principia
1030 2278 1060 2295 ex
1080 2271 1176 2303 quibus
1201 2272 1366 2297 constituitur

294 2304 375 2328 oratio
399 2304 559 2328 enunciativa
578 2309 639 2328 sunt
659 2304 766 2329 nomina
790 2310 816 2330 et
835 2305 922 2330 verba.
950 2305 1019 2337 Ergo
1039 2311 1064 2331 et
1085 2307 1115 2331 de
1134 2307 1190 2332 istis
1210 2312 1235 2332 et
1255 2308 1287 2332 de
1306 2316 1366 2341 pro-

294 2339 444 2372 prietatibus
458 2340 653 2370 enunciationis,
668 2344 745 2372 prout
757 2341 909 2365 ordinantur
922 2341 953 2365 ad
967 2342 1108 2374 principale
1127 2342 1274 2368 subiectum
1294 2344 1366 2376 quod

295 2379 335 2400 est
353 2375 409 2407 ipsa
428 2375 587 2400 enunciativa
606 2376 696 2405 oratio,
717 2376 868 2401 determinat
881 2377 945 2401 liber
958 2377 1006 2402 iste
1021 2378 1077 2402 Peri
1092 2378 1263 2404 hermeneias.

349 2410 451 2440 Quibus
471 2411 625 2441 constitutis,
641 2419 692 2435 non
709 2416 749 2435 est
762 2410 870 2436 difficilis
891 2413 987 2438 solutio
1007 2414 1176 2446 quaestionis,
1192 2422 1260 2448 quae
1279 2415 1366 2448 quoad

295 2446 400 2470 titulum
419 2442 475 2479 περὶ
491 2444 635 2479 ἑρμηνείας,
651 2445 793 2478 praefixum
812 2447 872 2472 huic
891 2448 958 2473 libi-o
977 2449 1008 2473 ab
1029 2449 1086 2482 ipso
1102 2450 1255 2481 Aristotele,
1274 2451 1309 2476 uti
1328 2450 1367 2475 vi-

296 2482 382 2512 detur,
402 2489 483 2512 penes
504 2487 605 2506 veteres
625 2482 781 2513 agitabatur,
807 2491 938 2516 quamque
958 2485 1051 2509 iterum
1074 2486 1230 2512 recentiores
1253 2492 1366 2512 versant.

295 2517 423 2550 Aspasius
443 2517 512 2541 enim
532 2522 557 2542 et
576 2518 721 2542 Alexander
735 2518 955 2550 Aphrodisiensis,
970 2520 1007 2544 uti
1022 2520 1099 2545 refert
1118 2521 1243 2546 Boethius
1263 2522 1288 2547 in
1304 2523 1367 2547 Pro-

296 2553 357 2584 iogo
373 2553 501 2577 secundae
516 2553 562 2577 Ed.
578 2552 794 2578 Commentarior.
809 2554 834 2579 in
853 2554 922 2579 hunc
942 2555 1036 2580 librum
1052 2555 1121 2588 (pag.
1134 2557 1240 2591 291—2),
1256 2558 1289 2583 de
1306 2566 1367 2583 ora-

296 2589 367 2614 tione
382 2588 422 2612 hic
437 2588 536 2613 tractari
550 2589 581 2613 ab
596 2589 736 2613 Aristotele
751 2589 819 2614 iuxta
834 2591 938 2615 titulum
953 2590 1128 2616 affirmabant:
1140 2600 1200 2617 nam
1215 2593 1237 2618 si
1251 2593 1368 2626 proferre

296 2623 393 2656 aliquid
413 2623 536 2654 oratione,
556 2629 586 2649 ut
604 2624 675 2649 aiunt
694 2624 751 2656 ipsi,
772 2625 932 2658 interpretari
948 2631 996 2657 est,
1013 2627 1054 2651 De
1069 2627 1288 2659 interpretatione
1303 2629 1368 2654 liber

296 2659 376 2684 veluti
392 2660 424 2684 de
437 2659 553 2684 oratione
569 2660 728 2693 perscriptus
743 2665 791 2685 est.
811 2661 886 2686 Unde
905 2662 1052 2686 Alexander
1066 2662 1246 2695 imperfectum
1257 2665 1368 2690 addebat

297 2703 356 2720 esse
366 2695 469 2719 titulum
480 2695 635 2728 praefixum:
647 2696 708 2728 quia
718 2703 777 2721 cum
788 2694 906 2732 ἑρμηνεία
917 2702 993 2722 sonet
1002 2698 1147 2723 orationem
1163 2707 1367 2733 quamcumque,

297 2730 400 2755 nonnisi
420 2731 453 2755 de
473 2731 589 2756 oratione
606 2731 779 2761 enunciativa,
798 2732 864 2757 idest
879 2733 910 2757 de
926 2733 1043 2758 oratione
1058 2734 1083 2759 in
1098 2742 1149 2766 qua
1165 2735 1311 2760 continetur
1324 2743 1368 2760 ve-

297 2774 355 2791 rum
369 2766 409 2791 vel
425 2766 521 2791 falsum
536 2767 561 2791 in
576 2767 642 2792 libro
653 2771 693 2792 est
707 2775 803 2792 sermo.
818 2777 832 2792 α
847 2768 906 2798 Sed,
926 2769 1069 2800 respondet
1088 2770 1223 2799 Boethius,
1238 2771 1282 2803 qui
1297 2769 1368 2802 (Ale-

298 2811 312 2825 »
326 2800 432 2835 xander)
447 2802 528 2827 semel
548 2803 632 2827 solam
652 2802 795 2827 orationem
815 2803 1032 2836 interpretationis
1048 2806 1154 2830 nomine
1167 2806 1252 2831 vocari
1267 2806 1367 2839 recipit,

299 2847 312 2861 »
329 2837 354 2861 in
370 2838 500 2862 intellectu
515 2846 622 2871 quoque
635 2838 717 2870 ipsius
731 2838 903 2871 inscriptionis
916 2837 1025 2872 (nempe
1036 2838 1091 2873 περὶ
1106 2839 1251 2875 ἑρμηνείας)
1267 2842 1367 2868 erravit.

299 2883 312 2896 a»
327 2873 380 2897 Cur
398 2873 467 2897 enim
492 2878 593 2906 putaret
617 2873 797 2905 imperfectum
817 2882 876 2899 esse
894 2875 1011 2906 titulum,
1032 2877 1155 2908 quoniam
1175 2877 1236 2902 nihil
1262 2878 1293 2902 de
1317 2885 1368 2910 qua

299 2919 313 2932 »
327 2909 443 2933 oratione
462 2909 604 2941 disputaret
623 2909 756 2939 adiecerit;
780 2916 809 2935 ut
827 2911 849 2935 si
869 2910 928 2943 quis
948 2911 1108 2943 interrogans
1132 2913 1194 2945 quid
1214 2918 1255 2938 est
1272 2913 1367 2943 homo,

300 2956 312 2967 ›
328 2944 378 2968 alio
397 2945 571 2976 respondente
590 2945 693 2976 animal,
713 2945 799 2978 culpet
812 2954 841 2970 ac
855 2946 922 2971 dicat
934 2946 1084 2979 imperfecte
1098 2948 1171 2973 illum
1191 2949 1286 2974 dixisse
1305 2949 1368 2982 quid

300 2990 314 3003 a>
330 2979 374 3010 sit,
394 2980 516 3012 quoniam
531 2988 583 3004 non
597 2980 630 3005 sit
642 2988 734 3005 omnes
754 2981 908 3006 differentias
928 2982 1122 3015 persecutus?...
1142 2984 1242 3009 Eodem
1262 2992 1368 3018 quoque

301 3026 313 3039 »
329 3015 407 3039 modo
427 3020 452 3040 et
471 3016 502 3040 de
520 3016 644 3046 oratione,
664 3016 758 3048 siquis
777 3017 827 3042 hoc
846 3018 971 3042 concedat
989 3018 1111 3051 primum,
1126 3019 1186 3044 nihil
1202 3020 1270 3044 aliud
1290 3020 1367 3045 inter-

300 3060 314 3074 »
329 3050 469 3083 pretatione
488 3051 536 3076 dici
556 3052 604 3076 nisi
623 3052 775 3083 orationem,
795 3061 842 3077 cur
860 3053 905 3086 qui
925 3054 957 3078 de
976 3054 1185 3086 interpretatione
1202 3055 1368 3088 inscripserit,

301 3096 314 3110 »
329 3091 354 3110 et
373 3086 405 3110 de
424 3094 475 3118 qua
494 3087 701 3119 interpretatione
714 3088 780 3113 dicat
793 3096 845 3113 non
859 3089 990 3119 addiderit,
1004 3089 1140 3122 culpetur?
1159 3091 1226 3116 Satis
1245 3095 1286 3116 est
1298 3091 1368 3116 enim

302 3133 314 3145 »
329 3129 390 3146 eum
404 3121 459 3146 libri
474 3122 576 3147 titulum
591 3123 667 3147 etiam
679 3123 710 3148 de
723 3124 808 3156 aliqua
822 3124 960 3149 continenti
974 3126 1159 3151 communione
1169 3126 1269 3156 fecisse,
1282 3131 1312 3152 ut
1322 3135 1370 3152 nos

302 3168 314 3180 ιι
331 3165 391 3182 eum
405 3161 430 3182 et
444 3157 475 3182 de
489 3158 636 3183 nominibus
649 3164 675 3183 et
689 3159 774 3184 verbis
787 3165 812 3184 et
827 3160 858 3184 de
871 3160 1043 3189 orationibus,
1060 3169 1119 3186 cun-i
1133 3161 1195 3187 haec
1210 3162 1298 3187 omnia
1316 3170 1371 3188 uno

303 3204 314 3215 ›
330 3193 544 3225 interpretationis
558 3194 663 3219 nomine
681 3195 882 3225 continerentur,
898 3204 975 3228 supra
988 3196 1082 3222 fecisse
1096 3198 1242 3228 docuimus,
1256 3206 1316 3223 cum
1329 3198 1370 3224 hic

302 3238 315 3252 »
331 3228 395 3253 liber
413 3228 445 3253 ab
458 3236 490 3253 eo
503 3229 677 3262 (Aristotele)
691 3230 723 3255 de
736 3231 945 3263 interpretatione
959 3232 1108 3257 nominatus
1122 3237 1163 3258 est
1175 3243 1187 3256 ιι
1201 3231 1212 3270 (
1220 3234 1280 3258 Loc.
1292 3241 1370 3267 supra

302 3264 341 3288 cit.
361 3271 392 3288 ex
411 3264 431 3288 11
451 3264 538 3296 Edit-l.
558 3265 649 3297 Neque
667 3266 813 3291 Alexandro
833 3275 920 3300 neque
932 3268 1041 3292 Boethio
1055 3269 1194 3294 subscribit
1206 3277 1227 3294 s.
1238 3269 1369 3295 Thomas:

301 3300 390 3324 titulus
406 3307 458 3323 non
473 3305 514 3325 est
531 3301 710 3333 imperfectus,
727 3302 787 3335 quia
801 3301 920 3336 ἑρμηνεία
934 3311 986 3328 non
1001 3304 1145 3329 orationem
1160 3312 1369 3338 quamcumque,

301 3335 347 3360 sed
368 3335 437 3359 illam
456 3343 524 3368 quae
547 3337 661 3361 continet
680 3345 772 3363 verum
794 3339 835 3363 vel
858 3338 953 3364 falsum
974 3347 1021 3364 seu
1045 3341 1241 3366 enunciativam
1265 3341 1370 3374 proprie

302 3369 440 3402 significan
461 3379 546 3404 neque
564 3377 605 3397 est
619 3372 709 3398 titulus
731 3374 878 3399 communis
898 3375 1009 3404 nomini,
1024 3376 1105 3401 verbo
1124 3381 1150 3401 et
1169 3377 1293 3407 orationi,
1310 3377 1370 3410 quia

303 3404 421 3439 ἑρμηνεία
440 3415 491 3431 non
510 3413 550 3432 est
568 3406 647 3439 λέξις,
667 3417 762 3442 nempe
777 3410 853 3434 dictio
871 3411 912 3435 vel
933 3411 1015 3436 oratio
1034 3419 1217 3445 quaecumque
1231 3420 1279 3445 per
1293 3419 1322 3437 se
1336 3412 1370 3437 si-

303 3440 436 3473 gnificans,
451 3444 497 3467 sed
512 3443 659 3474 significans
672 3453 764 3470 verum
783 3446 823 3470 vel
844 3445 951 3477 falsum,
971 3452 1000 3471 ut
1019 3447 1115 3472 dictum
1135 3452 1188 3473 est:
1208 3448 1371 3481 proindeque

304 3485 356 3517 non
376 3479 570 3510 comprehendit
584 3481 688 3506 nomina
704 3486 730 3506 et
742 3482 821 3506 verba
836 3482 951 3514 praecise
970 3483 1030 3515 quia
1049 3490 1096 3515 per
1115 3491 1143 3508 se
1162 3482 1307 3512 significant
1325 3484 1370 3509 ali-

304 3513 381 3544 quid,
397 3514 443 3538 sed
462 3519 590 3547 quatenus
610 3521 671 3540 sunt
690 3522 775 3549 partes
795 3518 839 3549 τῆς
860 3516 999 3551 ἑρμηνείας,
1019 3518 1142 3544 orationis
1156 3519 1274 3544 videlicet
1293 3520 1370 3544 inter-

305 3549 442 3580 pretativae
463 3557 508 3574 seu
529 3552 717 3583 enunciativae,
735 3561 749 3577 a
769 3561 834 3586 qua,
855 3553 922 3578 sicut
940 3561 955 3578 a
973 3554 1145 3587 principaliori
1169 3555 1287 3580 subiecto
1306 3555 1371 3580 liber

1422 281 1623 331 proprium
1651 282 1950 332 uniuscuiusque
1979 282 2158 319 scientiae
2182 290 2309 332 partes
2338 283 2497 320 subiecti

1423 336 1591 383 tradere,
1621 335 1717 372 sicut
1745 343 1782 372 et
1807 336 2016 385 passiones.
2047 337 2156 373 Patet
2180 336 2291 384 igitur
2310 336 2359 373 ad
2379 349 2496 385 quam

1423 397 1572 437 partem
1601 389 1866 438 philosophiae
1898 390 2084 438 pertineat
2112 390 2207 426 liber
2234 390 2319 437 iste,
2342 397 2379 426 et
2398 402 2497 438 quae

1424 442 1470 478 sit
1485 442 1690 479 necessitas
1710 442 1827 490 istius,
1841 451 1877 479 et
1892 448 2020 492 quem'
2031 443 2208 480 ordinem
2228 443 2387 480 teneat*
2401 443 2498 480 inter

1425 495 1590 543 Logicae
1619 495 1747 532 libros.

1485 560 1522 595 4.
1559 548 1769 585 Praemittit
1803 556 1932 585 autern
1966 549 2056 586 huic
2093 548 2200 598 operi
2239 548 2496 598 Philosophus

1422 602 1686 649 prooemium,
1709 602 1747 639 in
1767 614 1844 650 quo
1874 602 2061 650 sigillatim
2081 602 2236 651 exponit
2256 615 2316 649 ea,
2339 615 2438 651 quae
2458 603 2496 639 in

1422 655 1497 690 hoc
1525 654 1621 691 libro
1651 663 1738 692 sunt
1765 656 1970 692 tractanda.
2002 657 2051 692 Et
2079 656 2167 705 quia
2187 655 2313 692 omnis
2342 656 2497 692 scientia

1421 708 1627 755 praemittit
1642 721 1698 755 ea,
1720 722 1819 757 quae
1836 710 1883 746 de
1897 709 2090 758 principiis
2105 717 2208 755 sunt;
2224 717 2351 757 partes
2367 717 2496 746 autem

1423 762 1727 810 compositorum
1756 770 1843 799 sunt
1872 775 2007 799 eorum
2035 762 2238 811 principia;
2265 762 2352 799 ideo
2383 775 2496 811 opor-

1421 821 1474 850 tet
1507 815 1716 852 intendenti
1750 823 1909 853 tractare
1945 816 1992 853 de
2022 816 2288 852 enunciatione
2318 816 2495 864 praemit-

1421 876 1500 904 tere
1521 869 1568 906 de
1587 870 1758 917 partibus
1792 869 1883 906 eius.
1911 869 2023 906 Unde
2054 868 2157 906 dicit:
2187 870 2360 906 Primum
2386 881 2496 917 opor-

1421 927 1471 958 tet
1509 923 1755 970 constituere,
1795 922 1892 959 idest
1934 922 2092 959 definire
2137 923 2228 970 quid
2270 922 2318 958 sit
2359 934 2495 959 nomen

1421 982 1457 1012 et
1483 976 1574 1024 quid
1598 977 1647 1013 sit
1670 977 1839 1013 verbum.
1871 977 1914 1012 In
1942 988 2079 1023 graeco
2114 976 2292 1022 habetur,
2322 975 2496 1012 Primum

1421 1031 1566 1077 op6rtet
1589 1030 1687 1078 poni
1719 1037 1754 1066 et
1791 1029 1894 1066 idem
1930 1029 2126 1076 significat.
2163 1028 2264 1076 Quia
2294 1028 2397 1065 enim
2432 1028 2496 1065 de-

1420 1083 1714 1120 monstrationes
1734 1081 1975 1120 definitiones
1997 1089 2328 1131 praesupponunt,
2351 1094 2396 1118 ex
2416 1082 2496 1130 qui—

1421 1137 1492 1173 bus
1508 1137 1752 1182 concludunt,
1765 1138 1900 1174 merito
1913 1136 2088 1173 dicuntur
2097 1136 2300 1184 positiones
2309 1132 2332 1172 δ.
2347 1136 2396 1172 Et
2406 1134 2493 1172 ideo

1420 1185 1712 1243 praemittuntur
1740 1190 1801 1227 hic
1818 1190 1837 1210 *
1865 1191 1969 1227 solae
1990 1189 2232 1226 definitiones
2256 1201 2410 1235 eorum,
2446 1188 2494 1226 de

1422 1243 1559 1292 quibus
1588 1244 1780 1292 agendum
1810 1251 1882 1281 est:
1914 1243 2003 1292 quia
2031 1255 2075 1279 ex
2105 1242 2390 1279 definitionibus
2423 1242 2495 1279 alia

1423 1305 1704 1345 cognoscuntur
1722 1302 1744 1334 ⁸.

1504 1351 1536 1387 5.
1559 1350 1599 1386 Si
1615 1351 1698 1399 quis
1719 1358 1848 1388 autem
1864 1358 2032 1399 quaerat,
2055 1363 2144 1387 cum
2164 1350 2203 1387 in
2226 1349 2323 1387 libro
2338 1348 2494 1387 Praedi-

1417 1409 1677 1440 camentorum
1705 1404 1752 1441 de
1768 1403 2003 1453 simplicibus
2030 1404 2172 1441 dictum
2200 1403 2256 1450 sit,
2279 1415 2378 1453 quae
2398 1402 2495 1439 fuit*

1420 1558 1603 1583 denominatur
1621 1558 1678 1592 (Cf.
1697 1558 1795 1584 Albert.
1814 1558 1901 1591 Magn.
1920 1559 1946 1583 in
1965 1558 2009 1583 lib.
2029 1559 2038 1583 l
2057 1558 2284 1584 Perihermeneias
2303 1563 2375 1584 nact-
2394 1559 2419 1590 1,
2430 1567 2461 1584 *c-
2475 1567 2497 1591 r,

1439 1612 1446 1618 .
1465 1593 1496 1619 23
1535 1612 1542 1618 .

1420 1601 1436 1626 p
1473 1593 1606 1654 Tiigodor.
1621 1629 1718 1659 Waitz‚
1742 1629 1893 1654 Aristotelis
1921 1629 2049 1662 Organon
2072 1636 2182 1663 graece,
2205 1637 2231 1662 p.
2247 1629 2271 1659 1,
2293 1637 2352 1662 pag.
2366 1628 2431 1661 323,
2453 1629 2498 1655 Li-

1421 1664 1691 1698 psiae1844,—-recitat
1705 1669 1730 1690 et
1742 1665 1868 1698 approbat
1877 1665 2031 1690 sententiam
2043 1665 2178 1698 Aquinatis
2189 1664 2288 1694 aientis,
2297 1672 2394 1689 nomen
2403 1669 2429 1690 et
2437 1672 2495 1690 ver-

1420 1709 1479 1725 rum
1495 1701 1578 1733 magis
1591 1700 1807 1733 interpretationis
1827 1700 1950 1733 principia
1973 1708 2033 1726 esse
2051 1709 2130 1733 quam
2149 1700 2386 1733 interpretationes;
2405 1707 2497 1725 verum

1421 1736 1447 1760 lo
1466 1744 1532 1761 uens
1548 1741 1640 1769 postea
1655 1737 1687 1761 de
1700 1736 1854 1768 Gumposch
1873 1736 1920 1760 ait:
1937 1745 1950 1760 ε
1965 1736 2084 1761 Titulum
2105 1736 2161 1761 libri
2174 1736 2252 1769 plane
2264 1735 2382 1768 ineptum
2401 1735 2496 1761 iudicat

1423 1781 1436 1795 »
1463 1770 1631 1806 Gumposch)
1653 1779 1733 1804 quem
1752 1772 1875 1804 equidem
1889 1771 1947 1796 ferri
1966 1779 2045 1804 posse
2058 1771 2213 1804 putaverim,
2226 1779 2311 1804 quum
2326 1768 2445 1805 ἑρμηνεία
2464 1771 2497 1797 de

1422 1817 1437 1832 »
1451 1807 1687 1832 communicatione
1706 1807 1835 1832 sermonis
1855 1807 2012 1840 intelligitur,
2027 1807 2102 1832 cuius
2116 1806 2241 1840 principia
2255 1807 2282 1831 in
2300 1806 2350 1831 hoc
2367 1806 2433 1832 libro
2446 1811 2497 1832 tra—

1422 1853 1437 1867 »
1453 1844 1552 1868 duntur
1567 1853 1580 1866 2
1596 1840 1643 1878 (lb.
1657 1850 1715 1875 pag.
1731 1841 1807 1878 324).
1827 1842 1901 1867 Adde
1915 1843 1987 1875 quod
2002 1843 2064 1868 haec
2083 1851 2105 1868 s.
2115 1842 2235 1867 Thomae
2248 1842 2382 1875 explicatio
2396 1841 2498 1867 videtur

1421 1879 1489 1904 haud
1515 1878 1577 1903 satis
1605 1878 1746 1904 conformis
1771 1878 1819 1911 ipsi
1844 1877 1983 1903 Aristoteli.
2009 1879 2037 1903 ln
2063 1878 2129 1903 libro
2157 1878 2226 1903 enim
2252 1878 2294 1903 De
2319 1877 2496 1910 respiratione

1421 1923 1477 1948 cap.
1492 1922 1516 1939 ιι
1532 1914 1578 1939 ait:
1595 1924 1607 1937 ι
1623 1915 1651 1939 In
1665 1914 1823 1947 quibusdam
1843 1913 1929 1954 lingua
1945 1919 1970 1939 et
1988 1914 2020 1939 ad
2039 1913 2219 1947 percipiendos
2238 1921 2346 1947 sapores
2360 1917 2387 1938 et
2398 1913 2430 1938 ad
2444 1913 2496 1938 for-

1422 1959 1436 1974 »
1453 1950 1576 1975 mandum
1596 1957 1760 1980 sermonem,
1780 1946 1823 1973 zizi.
1843 1957 1907 1983 προς
1926 1947 1971 1981 τὴν
1991 1947 2138 1984 ἑρμηνείαν,
2157 1949 2291 1981 (natura)
2309 1948 2396 1974 utitur.
2408 1957 2423 1972 x
2437 1949 2494 1974 Hoc

1421 1987 1490 2016 loco,
1515 1985 1582 2010 sicut
1601 1990 1627 2011 et
1645 1985 1665 2010 11
1694 1985 1735 2010 De
1753 1985 1858 2014 anima,
1883 1992 1938 2017 cap.
1957 1992 2015 2016 viii,
2040 1993 2065 2009 n.
2089 1993 2133 2015 ιο,
2153 1982 2285 2018 ἑρμηνείαν
2303 1992 2352 2017 pro
2375 1991 2497 2009 sermone

1420 2026 1528 2054 usurpat
1551 2021 1715 2050 Aristoteles;
1739 2025 1765 2045 et
1789 2027 1838 2053 pro
1861 2021 2005 2045 elocutione
2023 2020 2103 2045 sumit
2116 2020 2142 2045 in
2161 2020 2227 2045 libro
2246 2020 2288 2045 De
2306 2019 2440 2045 rhetorica
2463 2020 2497 2045 ad

1419 2057 1594 2082 Alexandrum
1613 2064 1688 2089 capp.
1700 2064 1759 2081 xxni
1774 2061 1800 2081 et
1817 2063 1883 2081 xxiv,
1897 2056 1997 2086 Quibus
2010 2056 2176 2081 cohaerenter
2194 2063 2216 2080 s.
2226 2055 2340 2080 Isidorus
2359 2055 2385 2080 in
2399 2055 2465 2080 libro
2475 2055 2496 2081 11

1424 2093 1565 2126 Originum
1585 2100 1631 2117 seu
1651 2091 1901 2125 Etymologi’arum,
1927 2099 1983 2124 cap.
2002 2098 2084 2122 xxvn,
2105 2091 2147 2116 De
2169 2091 2374 2124 perihermeniis
2391 2090 2496 2117 Aristo-

1421 2129 1480 2154 telis
1500 2129 1624 2160 loquens,
1650 2127 1695 2152 ait:
1723 2137 1735 2150 ε
1748 2126 1842 2152 Omnis
1866 2127 1977 2152 elocutio
1996 2132 2135 2160 conceptae
2153 2126 2189 2152 rei
2213 2126 2339 2159 interpres
2363 2133 2415 2158 est;
2436 2127 2497 2153 inde

1423 2175 1435 2188 »
1451 2163 1670 2189 Perihermeniam
1690 2162 1806 2187 nominat
1824 2163 2004 2195 (Aristoteles)
2023 2170 2103 2196 quam
2126 2162 2363 2196 interpretationem
2383 2171 2432 2189 nos
2450 2170 2498 2196 ap-

1422 2209 1436 2224 »
1452 2200 1589 2233 pellamus.
1602 2209 1614 2222 »
1625 2212 1645 2217 -
1659 2199 1738 2224 Hisce
1757 2198 1789 2222 de
1808 2196 1892 2224 'causis
1918 2206 2031 2232 nuperus
2055 2203 2144 2223 auctor
2163 2197 2221 2222 libri
2236 2197 2278 2223 De
2291 2197 2379 2231 logica
2392 2198 2497 2224 Aristo-

1421 2235 1479 2261 telis
1502 2234 1631 2260 existimat
1653 2234 1756 2259 titulum
1776 2234 1832 2259 Peri
1857 2234 2019 2259 hermeneias
2042 2234 2129 2259 verius
2151 2233 2217 2258 verti
2240 2233 2274 2259 de
2291 2240 2423 2264 sermone,
2443 2241 2497 2260 non

1421 2271 1526 2305 quidem
1546 2270 1664 2303 generice
1683 2274 1802 2302 accepto,
1822 2270 1906 2303 prouti
1926 2277 2020 2302 nempe
2040 2275 2080 2295 est
2098 2269 2202 2302 signum
2221 2268 2356 2302 quodlibet
2374 2269 2496 2295 sensibile

1421 2306 1637 2332 manifestativum
1660 2305 1811 2339 passionum
1830 2305 1930 2331 animae
1955 2304 2000 2339 (ut
2019 2305 2130 2330 sumitur
2152 2305 2210 2330 loco
2227 2305 2303 2330 citato
2321 2312 2352 2329 ex
2367 2305 2433 2331 libro
2454 2305 2497 2331 De

1421 2340 1629 2376 respiratione),
1658 2341 1704 2366 sed
1728 2341 1813 2374 prouti
1844 2341 1963 2367 strictiori
1989 2348 2068 2366 sensu
2097 2340 2237 2366 assumitur
2261 2340 2294 2365 ad
2321 2340 2496 2367 effonnmdn

1421 2378 1536 2404 diversas
1555 2377 1754 2410 propositiones.

1475 2414 1549 2445 Quae
1567 2412 1663 2443 omnia,
1684 2413 1792 2437 deducta
1807 2420 1838 2437 ex
1853 2413 1911 2446 ipso
1924 2412 2053 2437 vocabulo
2067 2408 2124 2446 περὶ
2144 2409 2275 2446 ἑρμηνείας
2290 2419 2342 2436 non
2357 2410 2496 2443 infirmant,

1421 2457 1482 2474 meo
1501 2448 1602 2479 iudicio,
1616 2448 1770 2473 sententiam
1789 2456 1811 2474 s.
1822 2448 1950 2474 Thomae.
1963 2447 2065 2473 Etenim
2078 2455 2148 2478 cum,
2162 2446 2342 2480 philosophice
2355 2447 2496 2480 loquendo,

1420 2493 1513 2510 verum
1533 2485 1566 2509 sit
1585 2491 1681 2509 nornen
1700 2488 1726 2508 et
1743 2484 1868 2515 verbum,
1892 2492 1923 2509 ex
1942 2483 2037 2516 quibus
2063 2482 2209 2508 enunciatio
2234 2483 2413 2515 componitur,
2437 2489 2497 2508 esse

1421 2521 1509 2554 potius
1529 2519 1653 2553 principia
1677 2519 1892 2552 interpretationis
1918 2527 1997 2552 quam
2021 2518 2258 2552 interpretationes,
2284 2517 2402 2551 sequitur
2424 2518 2497 2552 quod

1422 2555 1605 2589 interpretatio,
1626 2552 1755 2589 ἑρμηνεία,
1775 2555 1878 2588 proprie
1896 2555 2040 2580 orationem
2055 2554 2081 2579 in
2094 2561 2188 2587 genere
2211 2558 2236 2578 et
2248 2553 2332 2586 magis
2345 2554 2422 2579 etiam
2435 2561 2497 2588 pro-

1422 2592 1477 2625 prie
1495 2591 1638 2616 orationem
1658 2590 1846 2615 enunciativam
1862 2591 1987 2623 designet.
1998 2604 2010 2609 -
2025 2590 2159 2614 Praeterea
2172 2589 2340 2614 concedimus
2355 2589 2427 2622 quod
2441 2589 2495 2614 elo-

1422 2627 1490 2652 cutio
1509 2631 1648 2659 conceptae
1664 2626 1701 2650 rei
1723 2626 1850 2659 interpres
1869 2631 1920 2655 est;
1942 2625 1988 2650 sed
2007 2632 2036 2650 ea
2051 2625 2083 2649 de
2096 2632 2147 2657 qua
2166 2624 2192 2649 in
2207 2623 2258 2649 hoc
2276 2629 2383 2649 tractatu
2404 2624 2494 2657 agitur,

1422 2662 1532 2687 elocutio
1545 2667 1585 2687 est
1598 2669 1649 2686 non
1662 2661 1788 2686 rhetorica
1801 2661 1847 2686 sed
1862 2660 2042 2694 philosophica
2054 2660 2095 2685 vel
2110 2658 2293 2693 dialecticam
2305 2667 2336 2684 ex
2348 2659 2495 2684 Alexandro

1422 2698 1500 2723 refert
1519 2697 1643 2722 Boethius
1663 2697 1712 2721 loc.
1726 2695 1787 2730 cit.),
1807 2704 1874 2730 quae
1887 2701 1926 2721 est
1939 2696 2007 2721 idem
2021 2703 2050 2720 ac
2064 2694 2215 2726 enunciatiO,
2235 2702 2287 2727 qua
2306 2702 2381 2720 mens
2401 2702 2494 2720 conce-

1422 2738 1493 2767 ptam
1504 2732 1539 2757 rei
1555 2732 1687 2757 veritatem
1702 2736 1745 2756 aut
1758 2731 1895 2756 salsitatem
1909 2731 2062 2756 manifestat.
2078 2731 2110 2755 Et
2122 2730 2180 2755 ideo
2192 2737 2280 2755 sermo
2290 2730 2495 2755 manifestativus

1423 2773 1595 2801 conceptuum
1614 2767 1708 2792 mentis
1727 2774 1801 2792 suam
1820 2766 2004 2800 perfectionem
2023 2766 2210 2799 propriumque
2229 2764 2307 2790 finem
2327 2773 2378 2791 non
2397 2765 2497 2799 attingit

1423 2804 1472 2828 nisi
1485 2804 1510 2828 in
1525 2802 1710 2828 enuncian'one.
1725 2802 1799 2828 Unde
1813 2802 1904 2827 merito
1918 2810 1940 2827 s.
1950 2802 2067 2827 Thomas
2081 2801 2140 2826 dicit
2152 2798 2285 2835 ἑρμηνείαν
2298 2801 2348 2826 hoc
2361 2806 2401 2826 est
2413 2801 2495 2827 inter-

1418 2839 1598 2872 pretationem
1618 2838 1686 2863 sumi
1699 2838 1731 2863 ab
1746 2838 1884 2863 Aristotele
1900 2835 1950 2871 'pro
1967 2837 2151 2863 enunciatione
2170 2837 2195 2861 in
2213 2837 2286 2862 titulo
2305 2836 2382 2862 huius
2401 2837 2496 2862 libri.-

1423 2875 1546 2907 Aegidius
1570 2874 1714 2904 Columna,
1734 2874 1886 2899 s.Thomae
1909 2873 2049 2906 discipulus
2072 2872 2250 2897 doctissimus:
2277 2881 2291 2896 a
2307 2872 2372 2905 Hic,
2395 2872 2495 2906 inquit,

1424 2920 1438 2935 s
1455 2910 1561 2935 intendit
1579 2910 1749 2935 determinare
1768 2910 1801 2934 de
1815 2909 2002 2942 compositione
2020 2907 2178 2941 simplicium
2192 2907 2378 2941 quidditatum,
2397 2907 2495 2934 scilicet

1426 2957 1438 2970 »
1454 2947 1486 2971 de
1505 2945 1683 2971 enunciatione
1701 2945 1756 2970 sive
1775 2944 1992 2978 interpretatione.
2011 2944 2043 2969 Et
2061 2944 2087 2968 in
2105 2943 2155 2968 hoc
2174 2947 2243 2976 patet
2259 2943 2404 2969 subiectum
2418 2943 2496 2969 huius

1425 2991 1439 3006 »
1456 2981 1512 3007 libri
1532 2981 1629 3006 scilicet
1642 2980 1841 3014 interpretatio...
1857 2980 1900 3011 Et,
1916 2979 1937 3005 si
1951 2979 2096 3004 obiiciatur:
2113 2979 2287 3012 interpretatio
2301 2984 2341 3004 est
2355 2980 2428 3005 locus
2442 2978 2496 3005 dia-

1425 3027 1440 3042 »
1455 3017 1572 3046 lecticus3
1592 3024 1654 3049 ergo
1673 3024 1726 3042 non
1745 3022 1784 3041 est
1803 3015 1947 3041 subiectum
1966 3015 1991 3040 in
2010 3014 2060 3040 hoc
2079 3014 2144 3039 libro
2151 3022 2158 3046 ;
2178 3014 2316 3040 dicendum
2333 3015 2404 3048 quod
2423 3015 2496 3040 loeus

1425 3062 1440 3078 »
1454 3053 1601 3078 dialecticus
1620 3057 1661 3078 est
1678 3057 1755 3085 prout
1767 3060 1849 3077 unum
1869 3058 1964 3076 nomen
1979 3050 2114 3084 exponitur
2127 3058 2174 3083 per
2192 3050 2241 3075 alia
2260 3050 2377 3082 nomina3
2393 3055 2421 3076 ut
2433 3049 2496 3083 phi-

1425 3098 1439 3114 »
1455 3088 1579 3121 Iosephus
1603 3095 1649 3121 per
1667 3087 1717 3113 hoc
1736 3087 1807 3120 quod
1825 3092 1865 3112 est
1883 3090 1991 3112 amator
2014 3086 2169 3118 sapientias.
2189 3085 2240 3111 Sed
2258 3085 2284 3111 in
2303 3085 2352 3111 hoc
2371 3085 2438 3112 libro
2456 3090 2497 3111 eat

1425 3134 1440 3149 a>
1456 3124 1599 3149 subiectum
1618 3129 1695 3156 prout
1713 3128 1753 3148 est
1775 3123 1844 3148 idem
1867 3123 1939 3155 quod
1962 3122 2114 3147 enunciatio.
2138 3121 2213 3147 Unde
2231 3129 2317 3155 neque
2335 3129 2431 3147 nomen
2449 3128 2497 3155 per

1425 3170 1440 3184 »
1456 3168 1498 3191 se,
1518 3167 1604 3192 neque
1621 3159 1731 3184 verbum
1756 3159 1846 3184 dicitur
1869 3157 2054 3191 interpretatio,
2077 3165 2145 3191 quae
2163 3162 2223 3182 sunt
2241 3162 2327 3190 partes
2346 3157 2497 3190 interpreta-

1426 3205 1440 3220 ι
1455 3195 1544 3226 tionis;
1564 3200 1590 3220 et
1608 3194 1781 3228 interpretatio
1802 3194 1869 3219 idem
1891 3199 1930 3219 est
1950 3194 2023 3226 quod
2041 3193 2185 3218 enunciatio
2196 3203 2209 3216 υ
2226 3192 2265 3226 (In
2286 3192 2330 3218 lib.
2349 3192 2495 3219 l’erihem.

1424 3231 1540 3264 Exposit.
1555 3231 1580 3255 in
1595 3230 1675 3264 princ.
1685 3244 1704 3248 —
1714 3229 1828 3255 Venetiis
1847 3237 1895 3263 per
1909 3229 2042 3254 Simonem
2058 3229 2096 3254 De
2110 3229 2194 3254 Luere
2216 3227 2282 3261 1507
2298 3228 2343 3254 fol.
2353 3235 2397 3261 47,
2408 3234 2491 3258 veno,

1412 3261 1474 3292 ⁴col.
1493 3266 1525 3299 i).
1545 3267 1646 3299 Nempe
1663 3265 1787 3298 Aegidius
1805 3265 1912 3296 vestigia
1931 3265 2025 3298 premit
2042 3264 2169 3297 Magistri,
2188 3271 2282 3297 quem,
2301 3268 2330 3288 ut
2348 3263 2376 3288 in
2393 3261 2495 3288 Praefa-

1424 3303 1494 3328 tione
1513 3302 1637 3332 diximus,
1656 3302 1705 3326 sub
1725 3301 1830 3326 nomine
1850 3300 2022 3333 ExpositorIs
2040 3299 2250 3333 frequentissime
2268 3299 2335 3325 citat.

1478 3337 1503 3372 δ)
1523 3338 1623 3363 Merito
1643 3337 1770 3363 dicuntur
1779 3337 1934 3369 positiones.
1949 3336 1988 3361 De
2002 3335 2050 3361 hac
2064 3343 2092 3361 re
2106 3335 2214 3368 copiose
2228 3334 2332 3360 disserit
2345 3341 2367 3359 s.
2377 3332 2495 3359 Th0mas

1425 3375 1450 3400 in
1466 3375 1475 3399 1
1494 3373 1652 3402 Posterior„
1677 3374 1734 3399 lect.
1749 3380 1780 3403 v,
1799 3377 1825 3398 et
1850 3372 1875 3397 in
1900 3372 1935 3402 ΙΙ,
1955 3373 2013 3397 lect.
2033 3379 2088 3397 vm.
2101 3385 2123 3391 -
2137 3371 2202 3396 Cod.
2221 3371 2254 3396 B:
2273 3373 2300 3396 et
2318 3369 2427 3398 merito,
2447 3368 2495 3394 sed

1425 3419 1477 3435 non
1497 3410 1572 3435 bene.
1591 3410 1728 3434 Corrector
1745 3413 1832 3434 autem
1851 3407 1928 3433 huius
1947 3408 2004 3433 cod.
2024 3415 2054 3433 ex
2073 3407 2178 3441 proprio
2200 3405 2304 3432 arbitrio
2322 3408 2349 3431 et
2367 3408 2450 3430 mutat
2467 3403 2494 3429 in

1425 3446 1492 3472 ideo.

1477 3481 1500 3516 ι)
1510 3481 1572 3506 Alia
1585 3484 1790 3513 cognoscuntur.
1801 3479 1883 3505 Codd.
1893 3486 2014 3504 omnes.-
2023 3478 2126 3504 P.:a1ia
2139 3477 2259 3510 capimus
2272 3477 2495 3508 consequenter.—

1423 3518 1446 3542 A
1460 3517 1598 3542 lectionem
1612 3516 1690 3542 habet
1710 3525 1762 3542 non
1780 3515 1980 3541 admittendam:
1999 3517 2027 3540 et
2041 3514 2102 3540 ideo
2115 3513 2331 3547 praemittuntur
2343 3511 2416 3536 solae
2430 3509 2494 3543 defl-

1424 3553 1544 3582 m'tiones‚
1564 3552 1597 3578 de
1616 3552 1735 3585 quibus...
1754 3552 1809 3577 alia
1827 3553 2032 3584 cognoscuntur.

2526 294 2649 325 Prpprium
2661 295 2740 326 unius-

2525 326 2639 368 fflieusque
2662 327 2739 343 scien-

2525 448 2534 456 ·
2546 447 2674 470 Codd.-i›.:
2686 448 2741 470 reti—

2524 475 2588 496 neat.

2523 662 2626 684 Scientia
2633 668 2711 690 praem
2715 663 2741 685 it-

2523 689 2557 720 tit·
2574 695 2600 720 ea
2617 695 2685 720 ‘quae
2709 689 2738 711 de

2524 722 2644 743 principiis
2658 719 2720 738 sunt.

2521 1197 2531 1206 '¹
2537 1195 2584 1218 Hic
2588 1195 2736 1218 omitum-ab

2521 1229 2536 1244 Α
2545 1225 2568 1244 et
2577 1228 2599 1244 n.

2624 1311 2636 1328 Ε

2523 1408 2532 1417 ·
2545 1406 2621 1430 Codd.
2631 1418 2642 1424 -
2652 1413 2682 1429 n:
2697 1407 2738 1429 21¹1.
