2548 4192
2346 259 2394 284 VII

181 326 456 380 christiana
494 324 760 377 censenda
800 334 891 391 est,
915 323 1061 391 quod
1100 323 1521 375 adversariorum
1560 342 1718 403 arma,
1746 323 2003 375 humanae
2029 323 2240 376 rationis
2279 325 2393 377 arti—

181 399 280 451 bus
319 397 388 450 ad
427 395 729 449 nocendum
783 405 1113 463 comparata,
1150 394 1376 446 humana
1415 395 1528 475 ipsa
1576 394 1703 475 ratio
1753 405 1996 464 potenter
2044 395 2394 464 expediteque

180 469 407 539 repellat.
439 468 622 538 Quam
669 486 902 535 speciem
956 466 1183 535 religiosi
1234 466 1526 518 certaminis
1574 466 1641 518 ab
1691 466 1808 536 ipso
1847 466 2082 536 gentium
2121 466 2393 536 Apostolo

180 551 481 610 usurpatam
505 548 885 592 commemorat
905 537 956 590 S.
979 537 1339 606 Hieronymus
1360 537 1596 590 scribens
1626 537 1694 590 ad
1723 538 2004 608 Magnum:
2032 537 2245 590 Ductor
2260 538 2394 590 cliri-

178 613 351 665 stiani
390 612 649 664 exercitus
694 609 899 662 Paulus
946 618 996 661 et
1036 618 1216 662 orator
1254 610 1503 678 invictus,
1541 619 1642 678 pro
1693 609 1897 663 Christo
1944 630 2162 663 causam
2209 630 2394 679 agens,

179 685 337 765 etiam
376 683 759 752 inscriptionem
782 681 1073 750 fortuitam
1102 690 1215 734 arte
1244 690 1448 750 torquet
1472 683 1528 734 in
1558 690 1926 750 argumentum
1946 681 2113 751 fidei.
2140 681 2400 734 didicerat

180 756 318 808 enim
356 775 391 808 a
428 774 546 807 vero
583 753 780 806 David
811 762 1114 821 extorquere
1151 753 1213 805 de
1250 753 1518 806 manibus
1531 753 1759 805 hostium
1788 753 2058 822 gladium,
2089 762 2140 805 et
2182 753 2396 806 Goliatlt

179 826 545 895 superbissimi
558 834 719 893 caput
743 826 954 893 proprio
974 845 1215 877 mucrone
1235 833 1482 877 truncare
1519 824 1718 894 (Epist.
1741 824 1810 876 ad
1834 825 2053 896 Magn).
2075 824 2294 894 Atque
2283 844 2397 894 1psa

178 898 420 951 Ecclesia
458 897 596 950 istud
625 918 656 949 a
686 896 1021 966 philosophia
1058 896 1378 965 praesidium
1419 895 1724 948 christianos
1773 895 2020 949 doctores
2068 907 2248 966 petere
2288 917 2394 949 non

179 981 378 1022 tantum
417 969 618 1037 suadet,
640 968 736 1021 sed
776 968 929 1020 etiam
951 968 1106 1020 iubet.
1128 967 1339 1019 Etenim
1380 966 1679 1020 Concilium
1700 966 2057 1020 Lateranense
2097 968 2163 1020 V.
2186 980 2393 1037 postea-

182 1062 341 1122 quam
381 1012 660 1107 constituit,
681 1059 879 1091 omnem
918 1039 1254 1091 assertionem
1292 1038 1509 1090 veritati
1541 1037 1873 1091 illuminatae
1899 1039 2044 1107 fidei
2075 1041 2394 1093 contrariam

180 1113 389 1165 omnino
412 1111 628 1179 falsam
666 1130 788 1178 esse,
810 1131 864 1162 eo
903 1109 1048 1177 quod
1078 1129 1257 1161 verum
1286 1129 1404 1161 vero
1443 1110 1653 1161 minime
1690 1111 2019 1190 contradicat
2044 1111 2228 1181 (Bulla
2255 1112 2393 1179 Apo-

178 1182 353 1236 stolici
385 1182 712 1252 regiminis),
743 1180 1110 1250 philosophiae
1160 1180 1468 1233 doctoribus
1508 1180 1776 1250 praecipit,
1811 1193 1867 1233 ut
1905 1181 1954 1233 in
2005 1182 2203 1234 dolosis
2242 1203 2393 1252 argu-

179 1253 367 1307 mentis
407 1252 758 1306 dissolvendis
797 1252 1033 1304 studiose
1072 1263 1369 1320 versentur,
1400 1252 1677 1333 siquidem,
1699 1263 1754 1304 ut
1791 1252 2127 1322 Augustinus
2167 1265 2394 1324 testatur,

179 1326 256 1379 si
267 1326 418 1379 ratio
432 1334 623 1378 contra
661 1324 966 1377 divinarum
1008 1323 1406 1391 Scripturarum
1444 1325 1804 1377 auctoritatem
1844 1325 2095 1394 redditur,
2119 1326 2402 1394 quamlibet

179 1405 340 1451 acuta
376 1397 460 1466 sit,
479 1396 645 1466 fallit
678 1397 794 1448 veri
825 1395 1200 1463 similitudine,·
1229 1416 1354 1448 nam
1392 1415 1518 1448 vera
1556 1416 1664 1448 esse
1702 1416 1806 1448 non
1835 1404 2006 1463 potest
2042 1396 2238 1467 (Epist.
2284 1405 2396 1466 143,

183 1468 278 1538 [al
303 1473 365 1536 7]
395 1439 464 1520 ad
503 1467 805 1536 Marcellin.
829 1487 874 1519 n.
900 1470 968 1538 7).

290 1539 495 1592 Verum
534 1551 589 1592 ut
627 1539 869 1609 pretiosis
909 1539 1068 1607 hisce,
1091 1558 1226 1607 quos
1266 1539 1690 1608 memoravimus,
1712 1539 1993 1592 afferendis
2013 1540 2264 1594 fructibus
2303 1562 2398 1610 par

180 1611 517 1687 philosophia
554 1611 859 1679 inveniatur,
883 1631 1098 1663 omnmo
1139 1621 1363 1679 oportet,
1386 1621 1441 1663 ut
1477 1611 1545 1691 ab
1587 1631 1652 1663 eo
1689 1612 1888 1664 tramite
1929 1633 2196 1681 nunquam
2237 1613 2396 1665 defle-

183 1694 301 1752 ctat,
324 1703 483 1752 quem
523 1694 574 1735 et
612 1682 915 1735 veneranda
952 1682 1164 1734 Patrum
1203 1682 1479 1750 antiquitas
1518 1682 1754 1752 ingressa
1793 1695 1884 1752 est,
1918 1695 1967 1736 et
2006 1684 2262 1737 Vaticana
2300 1684 2397 1754 Sy-

182 1753 357 1808 nodus
395 1754 616 1807 solemni
656 1753 972 1806 auctoritatis
994 1753 1243 1823 suffragio
1285 1753 1665 1823 comprobavit.
1687 1754 1897 1808 Scilicet
1922 1776 2040 1808 cum
2079 1756 2233 1825 plane
2256 1777 2398 1809 com-

181 1836 388 1896 pertum
428 1825 520 1894 sit,
556 1825 804 1894 plurimas
850 1846 914 1877 ex
953 1825 1138 1878 ordine
1182 1825 1558 1894 supernaturali
1598 1826 1840 1879 veritates
1882 1847 1996 1879 esse
2041 1828 2398 1908 accipiendas,

182 1917 321 1966 quae
361 1868 637 1951 cuiuslibet
674 1896 867 1967 ingenii
909 1896 1067 1966 longe
1107 1896 1322 1950 vincunt
1350 1917 1588 1966 acumen,
1620 1898 1748 1950 ratio
1778 1898 2019 1967 humana,
2050 1920 2294 1968 proprlae
2325 1920 2398 1952 1n-

181 1967 435 2022 firmitatis
475 1989 701 2037 conseia,
723 1989 922 2021 maiora
959 1989 1016 2021 se
1055 1968 1298 2021 affectare
1339 1989 1404 2021 ne
1443 1969 1659 2038 audeat,
1691 1990 1863 2039 neque
1904 1942 2117 2023 easdem
2157 1971 2398 2023 veritates

182 2059 403 2110 negare,
434 2061 569 2093 neve
609 2040 823 2110 propria
861 2040 1048 2092 virtute
1088 2040 1279 2109 metiri,
1311 2061 1412 2093 neu
1452 2062 1550 2111 pro
1591 2013 1755 2094 lubitu
1796 2042 2143 2111 interpretari3
2174 2043 2269 2095 sed
2310 2063 2397 2095 eas

182 2111 358 2182 potius
396 2112 554 2181 plena
591 2123 748 2192 atque
788 2111 965 2164 humili
1006 2111 1112 2164 fide
1151 2112 1422 2182 suscipiat,
1455 2124 1505 2165 et
1542 2113 1730 2166 summi
1771 2114 1985 2166 honoris
2024 2114 2142 2166 loco
2183 2114 2397 2183 habeat,

182 2183 332 2264 quod
370 2183 468 2236 sibi
507 2183 707 2252 liceat,
695 2204 745 2236 m
775 2204 977 2236 morem
1005 2183 1221 2237 ancillae
1257 2195 1308 2236 et
1336 2184 1677 2265 pedisequae,
1699 2185 1929 2238 famulari
1961 2186 2272 2266 caelestibus
2303 2186 2396 2238 do-

183 2254 374 2323 cti-inis,
397 2275 592 2323 easque
631 2255 805 2324 aliqua
843 2267 1058 2324 ratione,
1079 2255 1185 2308 Dei
1226 2255 1504 2325 beneficio,
1526 2256 1792 2325 attingere.
1810 2257 1952 2309 —In
1992 2257 2051 2309 iis
2089 2268 2262 2310 autem
2302 2258 2396 2310 do-

182 2325 463 2379 ctrinarum
503 2326 776 2396 capitibus,
799 2347 935 2395 quae
956 2327 1231 2396 percipere
1271 2327 1498 2407 humana
1519 2328 1854 2396 intelligentia
1883 2328 2179 2381 naturaliter
2207 2340 2396 2398 potest,

181 2417 411 2466 aequum
432 2397 587 2467 plane
628 2410 720 2466 est,
742 2419 836 2450 sua
875 2399 1145 2466 methodO,
1167 2399 1381 2478 suisque
1420 2399 1686 2468 prineipus
1727 2411 1778 2452 et
1815 2400 2134 2469 argumentis
2174 2401 2245 2453 uti
2284 2400 2396 2470 phi-

181 2468 500 2538 losophiam:
530 2490 637 2521 non
676 2469 745 2521 ita
783 2481 972 2538 tamen,
995 2481 1050 2522 ut
1087 2470 1375 2522 auctoritati
1416 2470 1623 2523 divinae
1658 2491 1774 2524 sese
1804 2471 2053 2524 audacter
2090 2472 2397 2525 subtrahere

182 2539 433 2593 videatur.
455 2539 584 2609 Imo,
608 2561 727 2593 cum
767 2552 986 2610 constet,
1009 2561 1071 2593 ea
1101 2562 1237 2610 quae
1268 2542 1586 2595 revelatione
1627 2542 1973 2612 innotescunt,
2005 2555 2145 2597 certa
2182 2544 2397 2597 veritate

182 2611 399 2691 pollere,
422 2622 473 2664 et
511 2632 646 2680 quae
686 2612 810 2664 fidei
849 2612 1193 2665 adversantur
1230 2614 1422 2682 pariter
1452 2634 1571 2666 curn
1606 2626 1746 2667 recta
1784 2615 1982 2668 ratione
2020 2636 2274 2685 pugnare,
2305 2637 2396 2668 no-

182 2681 316 2735 verit
351 2682 701 2752 philosophus
741 2683 1026 2736 catholicus
1065 2704 1122 2736 se
1162 2684 1285 2737 fidei
1325 2685 1476 2738 simul
1517 2697 1567 2738 et
1605 2686 1816 2739 rationis
1855 2687 1966 2739 iura
2003 2687 2329 2756 violaturum,
2356 2688 2398 2740 si

183 2753 579 2807 conclusionem
618 2755 844 2823 aliquam
883 2756 1253 2825 amplectatur,
1289 2777 1447 2825 quam
1496 2758 1754 2810 revelatae
1795 2758 2063 2811 doctrinae
2103 2780 2397 2829 repugnare

186 2825 505 2878 intellexerit.

293 2897 556 2950 Novimus
595 2897 832 2967 profecto
873 2919 980 2951 non
1011 2899 1215 2968 deesse,
1238 2900 1327 2968 qui
1357 2900 1623 2954 facultates
1654 2901 1912 2954 humanae
1944 2913 2155 2955 naturae
2185 2903 2302 2972 plus
2325 2903 2397 2955 ni-

192 2967 297 3020 mio
338 2969 660 3039 extollentes,
683 2970 1023 3039 contendunt,
1052 2971 1277 3024 hominis
1312 2971 1717 3042 intelligentiam,
1747 2973 1838 3025 ubi
1877 2974 2039 3027 semel
2075 2974 2281 3054 divinae
2310 2995 2398 3027 au-

190 3037 407 3094 ctoritati
445 3040 762 3110 subiiciatur,
785 3062 813 3094 e
835 3042 1008 3094 nativa
1046 3042 1297 3112 dignitate
1320 3043 1579 3113 excidere,
1603 3056 1654 3097 et
1680 3044 1913 3113 quodam
1953 3045 2100 3113 quasi
2139 3046 2397 3099 servitutis

190 3108 316 3178 iugo
357 3109 638 3164 demissam
676 3113 957 3182 plurimum
997 3114 1244 3167 retardari
1271 3126 1428 3183 atque
1468 3115 1725 3185 impediri,
1747 3117 2026 3184 quominus
2065 3117 2133 3170 ad
2172 3117 2399 3170 veritatis

190 3179 633 3251 excellentiaeque
653 3184 913 3254 fastigium
943 3186 1323 3255 progrediatur.
1335 3220 1406 3225 —
1426 3187 1538 3239 Sed
1560 3188 1689 3240 haec
1709 3188 1865 3257 plena
1886 3189 2074 3241 erroris
2102 3200 2153 3241 et
2171 3189 2399 3242 fallaciae

192 3262 335 3319 sunt,
367 3272 539 3331 eoque
578 3255 790 3308 tandem
828 3268 1081 3326 spectant,
1112 3269 1167 3310 ut
1195 3258 1459 3327 homines,
1490 3279 1695 3311 summa
1734 3280 1852 3311 cum
1891 3260 2122 3329 stultitia,
2153 3281 2250 3313 nec
2288 3261 2399 3313 sine

193 3293 407 3375 crimine
446 3323 630 3393 ingrati
669 3327 840 3396 animi,
862 3328 1194 3407 sublimiores
1233 3329 1476 3382 veritates
1515 3330 1807 3410 repudient,
1840 3342 1891 3383 et
1928 3331 2161 3384 divinum
2201 3332 2398 3384 benefi-

193 3393 332 3446 cium
372 3394 511 3463 fidei,
535 3416 598 3447 ex
637 3417 745 3476 qua
780 3399 1014 3450 omnium
1053 3400 1317 3452 bonorum
1356 3401 1525 3453 fontes
1566 3401 1718 3453 etiam
1757 3422 1808 3453 1n
1849 3402 2051 3454 civilem
2097 3403 2399 3455 societatem

193 3465 406 3535 fluxere,
428 3478 618 3535 sponte
657 3468 898 3521 reiiciant.
927 3469 1138 3522 Etenim
1178 3491 1297 3523 cum
1336 3472 1563 3524 humana
1600 3492 1748 3524 mens
1797 3473 1948 3525 certis
1988 3473 2204 3542 finibus,
2234 3474 2401 3543 iisque

191 3537 324 3589 satis
353 3538 610 3618 angustis,
650 3539 898 3592 conclusa
935 3551 1193 3610 teneatur,
1224 3542 1461 3610 pluribus
1502 3543 1794 3612 erroribus,
1826 3554 1877 3596 et
1914 3545 2189 3597 multarum
2228 3566 2402 3598 rerum

193 3607 506 3677 ignorationi
546 3621 625 3663 est
663 3611 904 3664 obnoxia.
928 3611 1130 3665 Contra
1168 3612 1302 3665 fides
1333 3613 1620 3683 christiana,
1644 3635 1763 3667 cum
1787 3615 1893 3667 Dei
1932 3616 2235 3670 auctoritate
2274 3618 2400 3670 nita-
