<?xml version="1.0" encoding="UTF-8"?>
<!DOCTYPE html PUBLIC "-//W3C//DTD XHTML 1.0 Transitional//EN"
    "http://www.w3.org/TR/xhtml1/DTD/xhtml1-transitional.dtd">
<html xmlns="http://www.w3.org/1999/xhtml" xml:lang="en" lang="en">
 <head>
  <title>
</title>
<meta http-equiv="Content-Type" content="text/html;charset=utf-8" />
  <meta name='ocr-system' content='tesseract 3.04.00' />
  <meta name='ocr-capabilities' content='ocr_page ocr_carea ocr_par ocr_line ocrx_word'/>
</head>
<body>
  <div class='ocr_page' id='page_1' title='image "./operaomniaiussui01thom/operaomniaiussui01thom_0079.png"; bbox 0 0 2548 4192; ppageno 0'>
   <div class='ocr_carea' id='block_1_1' title="bbox 473 309 815 368">
    <p class='ocr_par' dir='ltr' id='par_1_1' title="bbox 473 309 815 368">
     <span class='ocr_line' id='line_1_1' title="bbox 473 309 815 368; baseline -0.006 0"><span class='ocrx_word' id='word_1_1' title='bbox 473 309 476 311; x_wconf 61' lang='grc'><strong>’</strong></span> <span class='ocrx_word' id='word_1_2' title='bbox 522 330 722 368; x_wconf 80' lang='lat' dir='ltr'>CAPUT</span> <span class='ocrx_word' id='word_1_3' title='bbox 765 331 815 366; x_wconf 82' lang='lat' dir='ltr'>u,</span> 
     </span>
    </p>
   </div>
   <div class='ocr_carea' id='block_1_2' title="bbox 129 400 1231 437">
    <p class='ocr_par' dir='ltr' id='par_1_2' title="bbox 129 400 1231 437">
     <span class='ocr_line' id='line_1_2' title="bbox 129 400 1231 437; baseline -0.004 -9"><span class='ocrx_word' id='word_1_4' title='bbox 129 405 299 437; x_wconf 73' lang='lat' dir='ltr'>Argumenta,</span> <span class='ocrx_word' id='word_1_5' title='bbox 319 410 388 436; x_wconf 81' lang='lat' dir='ltr'>quae</span> <span class='ocrx_word' id='word_1_6' title='bbox 406 401 528 428; x_wconf 84' lang='lat' dir='ltr'>videntur</span> <span class='ocrx_word' id='word_1_7' title='bbox 552 402 687 431; x_wconf 87' lang='lat' dir='ltr'>evincere,</span> <span class='ocrx_word' id='word_1_8' title='bbox 710 402 909 435; x_wconf 84' lang='lat' dir='ltr'>quinquennem</span> <span class='ocrx_word' id='word_1_9' title='bbox 929 400 1060 425; x_wconf 86' lang='lat' dir='ltr'>Thomam</span> <span class='ocrx_word' id='word_1_10' title='bbox 1080 407 1095 424; x_wconf 89' lang='lat' dir='ltr'>a</span> <span class='ocrx_word' id='word_1_11' title='bbox 1115 407 1208 432; x_wconf 85' lang='lat' dir='ltr'>paren-</span> <span class='ocrx_word' id='word_1_12' title='bbox 1225 410 1231 415; x_wconf 88' lang='lat'><strong>·</strong></span> 
     </span>
    </p>
   </div>
   <div class='ocr_carea' id='block_1_3' title="bbox 196 435 1209 647">
    <p class='ocr_par' dir='ltr' id='par_1_3' title="bbox 196 435 1209 647">
     <span class='ocr_line' id='line_1_3' title="bbox 196 435 1208 470; baseline -0.004 -6"><span class='ocrx_word' id='word_1_13' title='bbox 196 438 270 464; x_wconf 73' lang='lat' dir='ltr'>tibus</span> <span class='ocrx_word' id='word_1_14' title='bbox 288 438 346 464; x_wconf 88' lang='lat' dir='ltr'>Deo</span> <span class='ocrx_word' id='word_1_15' title='bbox 364 438 484 463; x_wconf 83' lang='lat' dir='ltr'>oblatum</span> <span class='ocrx_word' id='word_1_16' title='bbox 509 438 579 470; x_wconf 86' lang='lat' dir='ltr'>apud</span> <span class='ocrx_word' id='word_1_17' title='bbox 598 437 766 464; x_wconf 77' lang='lat' dir='ltr'>Casinenses.</span> <span class='ocrx_word' id='word_1_18' title='bbox 786 437 863 462; x_wconf 81' lang='lat' dir='ltr'>Ritus</span> <span class='ocrx_word' id='word_1_19' title='bbox 887 436 1028 461; x_wconf 83' lang='lat' dir='ltr'>oblationis</span> <span class='ocrx_word' id='word_1_20' title='bbox 1047 435 1208 466; x_wconf 79' lang='lat' dir='ltr'>huiusmodi,</span> 
     </span>
     <span class='ocr_line' id='line_1_4' title="bbox 198 471 1208 507; baseline -0.004 -8"><span class='ocrx_word' id='word_1_21' title='bbox 198 474 221 499; x_wconf 82' lang='lat' dir='ltr'>si</span> <span class='ocrx_word' id='word_1_22' title='bbox 235 481 290 507; x_wconf 80' lang='lat' dir='ltr'>qua</span> <span class='ocrx_word' id='word_1_23' title='bbox 303 473 360 505; x_wconf 81' lang='lat' dir='ltr'>fuit,</span> <span class='ocrx_word' id='word_1_24' title='bbox 375 473 561 498; x_wconf 79' lang='lat' dir='ltr'>monachatum</span> <span class='ocrx_word' id='word_1_25' title='bbox 576 473 695 499; x_wconf 86' lang='lat' dir='ltr'>eiusdem</span> <span class='ocrx_word' id='word_1_26' title='bbox 717 478 761 498; x_wconf 83' lang='lat' dir='ltr'>aut</span> <span class='ocrx_word' id='word_1_27' title='bbox 782 473 930 497; x_wconf 91' lang='lat' dir='ltr'>solemnem</span> <span class='ocrx_word' id='word_1_28' title='bbox 946 471 1139 504; x_wconf 80' lang='lat' dir='ltr'>professionem</span> <span class='ocrx_word' id='word_1_29' title='bbox 1155 479 1208 495; x_wconf 91' lang='lat' dir='ltr'>non</span> 
     </span>
     <span class='ocr_line' id='line_1_5' title="bbox 198 508 1209 543; baseline -0.004 -8"><span class='ocrx_word' id='word_1_30' title='bbox 198 510 301 543; x_wconf 80' lang='lat' dir='ltr'>probat.</span> <span class='ocrx_word' id='word_1_31' title='bbox 321 510 414 542; x_wconf 85' lang='lat' dir='ltr'>Neque</span> <span class='ocrx_word' id='word_1_32' title='bbox 433 508 509 534; x_wconf 84' lang='lat' dir='ltr'>iilum</span> <span class='ocrx_word' id='word_1_33' title='bbox 529 509 648 540; x_wconf 78' lang='lat' dir='ltr'>suadent,</span> <span class='ocrx_word' id='word_1_34' title='bbox 663 516 732 543; x_wconf 88' lang='lat' dir='ltr'>quae</span> <span class='ocrx_word' id='word_1_35' title='bbox 747 508 878 534; x_wconf 77' lang='lat' dir='ltr'>decentiae</span> <span class='ocrx_word' id='word_1_36' title='bbox 899 512 1052 540; x_wconf 83' lang='lat' dir='ltr'>argumenta</span> <span class='ocrx_word' id='word_1_37' title='bbox 1073 511 1209 532; x_wconf 89' lang='lat' dir='ltr'>vocantur.</span> 
     </span>
     <span class='ocr_line' id='line_1_6' title="bbox 198 542 1209 578; baseline -0.005 -7"><span class='ocrx_word' id='word_1_38' title='bbox 198 545 294 571; x_wconf 79' lang='lat' dir='ltr'>Adhuc</span> <span class='ocrx_word' id='word_1_39' title='bbox 313 544 478 578; x_wconf 78' lang='lat' dir='ltr'>impuberem</span> <span class='ocrx_word' id='word_1_40' title='bbox 496 544 642 576; x_wconf 64' lang='lat' dir='ltr'>nomam,</span> <span class='ocrx_word' id='word_1_41' title='bbox 661 545 764 570; x_wconf 82' lang='lat' dir='ltr'>Abbate</span> <span class='ocrx_word' id='word_1_42' title='bbox 783 544 891 569; x_wconf 88' lang='lat' dir='ltr'>cedente</span> <span class='ocrx_word' id='word_1_43' title='bbox 910 543 958 568; x_wconf 86' lang='lat' dir='ltr'>iuri</span> <span class='ocrx_word' id='word_1_44' title='bbox 978 543 1001 567; x_wconf 88' lang='lat' dir='ltr'>si</span> <span class='ocrx_word' id='word_1_45' title='bbox 1020 543 1092 576; x_wconf 92' lang='lat' dir='ltr'>quod</span> <span class='ocrx_word' id='word_1_46' title='bbox 1111 542 1209 575; x_wconf 80' lang='lat' dir='ltr'>aquisi-</span> 
     </span>
     <span class='ocr_line' id='line_1_7' title="bbox 198 578 1208 612; baseline -0.002 -7"><span class='ocrx_word' id='word_1_47' title='bbox 198 586 285 612; x_wconf 71' lang='grc' dir='ltr'>νει-ετ,</span> <span class='ocrx_word' id='word_1_48' title='bbox 305 581 338 606; x_wconf 85' lang='lat' dir='ltr'>ad</span> <span class='ocrx_word' id='word_1_49' title='bbox 357 581 493 606; x_wconf 81' lang='lat' dir='ltr'>saeculum</span> <span class='ocrx_word' id='word_1_50' title='bbox 512 580 622 606; x_wconf 85' lang='lat' dir='ltr'>rediisse</span> <span class='ocrx_word' id='word_1_51' title='bbox 645 582 672 606; x_wconf 88' lang='lat' dir='ltr'>in</span> <span class='ocrx_word' id='word_1_52' title='bbox 697 580 795 605; x_wconf 85' lang='lat' dir='ltr'>scholis</span> <span class='ocrx_word' id='word_1_53' title='bbox 820 579 990 612; x_wconf 76' lang='lat' dir='ltr'>neapolitanis</span> <span class='ocrx_word' id='word_1_54' title='bbox 1014 578 1208 604; x_wconf 78' lang='lat' dir='ltr'>informandum</span> 
     </span>
     <span class='ocr_line' id='line_1_8' title="bbox 198 616 665 647; baseline -0.002 -5"><span class='ocrx_word' id='word_1_55' title='bbox 198 617 300 647; x_wconf 85' lang='lat' dir='ltr'>litteris,</span> <span class='ocrx_word' id='word_1_56' title='bbox 320 616 383 641; x_wconf 85' lang='lat' dir='ltr'>satis</span> <span class='ocrx_word' id='word_1_57' title='bbox 403 616 517 642; x_wconf 89' lang='lat' dir='ltr'>indicant</span> <span class='ocrx_word' id='word_1_58' title='bbox 534 616 665 642; x_wconf 85' lang='lat' dir='ltr'>historiae.</span> 
     </span>
    </p>
   </div>
   <div class='ocr_carea' id='block_1_4' title="bbox 128 687 1212 1398">
    <p class='ocr_par' dir='ltr' id='par_1_4' title="bbox 129 687 1210 729">
     <span class='ocr_line' id='line_1_9' title="bbox 129 687 1210 729; baseline -0.002 -10"><span class='ocrx_word' id='word_1_59' title='bbox 129 689 151 719; x_wconf 92' lang='lat'>1.</span> <span class='ocrx_word' id='word_1_60' title='bbox 269 687 393 719; x_wconf 86' lang='lat' dir='ltr'>blatum</span> <span class='ocrx_word' id='word_1_61' title='bbox 416 698 435 718; x_wconf 91' lang='lat' dir='ltr'>a</span> <span class='ocrx_word' id='word_1_62' title='bbox 458 688 642 729; x_wconf 87' lang='lat' dir='ltr'>parentibus</span> <span class='ocrx_word' id='word_1_63' title='bbox 669 688 776 719; x_wconf 89' lang='lat' dir='ltr'>Casini</span> <span class='ocrx_word' id='word_1_64' title='bbox 796 687 972 725; x_wconf 86' lang='lat' dir='ltr'>Thomam,</span> <span class='ocrx_word' id='word_1_65' title='bbox 992 687 1136 728; x_wconf 87' lang='lat' dir='ltr'>quinque</span> <span class='ocrx_word' id='word_1_66' title='bbox 1156 697 1210 717; x_wconf 87' lang='lat' dir='ltr'>na-</span> 
     </span>
    </p>

    <p class='ocr_par' dir='ltr' id='par_1_5' title="bbox 128 731 1212 1398">
     <span class='ocr_line' id='line_1_10' title="bbox 269 731 1210 773; baseline -0.003 -9"><span class='ocrx_word' id='word_1_67' title='bbox 269 740 340 764; x_wconf 92' lang='lat' dir='ltr'>tum</span> <span class='ocrx_word' id='word_1_68' title='bbox 363 742 478 771; x_wconf 91' lang='lat' dir='ltr'>annos,</span> <span class='ocrx_word' id='word_1_69' title='bbox 497 732 568 763; x_wconf 92' lang='lat' dir='ltr'>Deo</span> <span class='ocrx_word' id='word_1_70' title='bbox 593 733 651 763; x_wconf 90' lang='lat' dir='ltr'>sub</span> <span class='ocrx_word' id='word_1_71' title='bbox 676 732 784 773; x_wconf 86' lang='lat' dir='ltr'>regula</span> <span class='ocrx_word' id='word_1_72' title='bbox 803 742 828 763; x_wconf 89' lang='lat' dir='ltr'>s.</span> <span class='ocrx_word' id='word_1_73' title='bbox 849 731 1022 770; x_wconf 84' lang='lat' dir='ltr'>Benedicti,</span> <span class='ocrx_word' id='word_1_74' title='bbox 1045 741 1104 772; x_wconf 90' lang='lat' dir='ltr'>pro</span> <span class='ocrx_word' id='word_1_75' title='bbox 1125 738 1210 762; x_wconf 90' lang='lat' dir='ltr'>certo</span> 
     </span>
     <span class='ocr_line' id='line_1_11' title="bbox 129 776 1211 819; baseline -0.002 -11"><span class='ocrx_word' id='word_1_76' title='bbox 129 777 324 819; x_wconf 78' lang='lat' dir='ltr'>Disquisitor</span> <span class='ocrx_word' id='word_1_77' title='bbox 346 777 457 808; x_wconf 84' lang='lat' dir='ltr'>habet:</span> <span class='ocrx_word' id='word_1_78' title='bbox 483 777 670 819; x_wconf 82' lang='lat' dir='ltr'>capiturque</span> <span class='ocrx_word' id='word_1_79' title='bbox 694 776 915 814; x_wconf 82' lang='lat' dir='ltr'>admiratione,</span> <span class='ocrx_word' id='word_1_80' title='bbox 940 776 964 806; x_wconf 90' lang='lat' dir='ltr'>si</span> <span class='ocrx_word' id='word_1_81' title='bbox 989 776 1045 817; x_wconf 91' lang='lat' dir='ltr'>qui</span> <span class='ocrx_word' id='word_1_82' title='bbox 1070 776 1131 807; x_wconf 89' lang='lat' dir='ltr'>sint</span> <span class='ocrx_word' id='word_1_83' title='bbox 1155 776 1211 818; x_wconf 90' lang='lat' dir='ltr'>qui</span> 
     </span>
     <span class='ocr_line' id='line_1_12' title="bbox 128 821 1211 863; baseline -0.002 -10"><span class='ocrx_word' id='word_1_84' title='bbox 128 826 198 853; x_wconf 86' lang='lat' dir='ltr'>rem</span> <span class='ocrx_word' id='word_1_85' title='bbox 219 822 302 853; x_wconf 90' lang='lat' dir='ltr'>hanc</span> <span class='ocrx_word' id='word_1_86' title='bbox 325 822 359 853; x_wconf 89' lang='lat' dir='ltr'>in</span> <span class='ocrx_word' id='word_1_87' title='bbox 383 821 519 853; x_wconf 88' lang='lat' dir='ltr'>dubium</span> <span class='ocrx_word' id='word_1_88' title='bbox 550 822 704 853; x_wconf 88' lang='lat' dir='ltr'>advocare</span> <span class='ocrx_word' id='word_1_89' title='bbox 731 821 902 863; x_wconf 87' lang='lat' dir='ltr'>potuerint.</span> <span class='ocrx_word' id='word_1_90' title='bbox 928 821 1011 852; x_wconf 84' lang='lat' dir='ltr'>Rem</span> <span class='ocrx_word' id='word_1_91' title='bbox 1034 821 1115 852; x_wconf 87' lang='lat' dir='ltr'>hanc</span> <span class='ocrx_word' id='word_1_92' title='bbox 1139 827 1211 852; x_wconf 89' lang='lat' dir='ltr'>ante</span> 
     </span>
     <span class='ocr_line' id='line_1_13' title="bbox 129 865 1212 907; baseline -0.002 -9"><span class='ocrx_word' id='word_1_93' title='bbox 129 866 322 898; x_wconf 74' lang='lat' dir='ltr'>tradiderant</span> <span class='ocrx_word' id='word_1_94' title='bbox 344 866 487 907; x_wconf 87' lang='lat' dir='ltr'>Angelus</span> <span class='ocrx_word' id='word_1_95' title='bbox 511 867 550 897; x_wconf 89' lang='lat' dir='ltr'>de</span> <span class='ocrx_word' id='word_1_96' title='bbox 579 868 687 905; x_wconf 88' lang='lat' dir='ltr'>Nuce,</span> <span class='ocrx_word' id='word_1_97' title='bbox 715 865 1017 898; x_wconf 81' lang='lat' dir='ltr'>Marcus-Antonius</span> <span class='ocrx_word' id='word_1_98' title='bbox 1041 866 1149 906; x_wconf 90' lang='lat' dir='ltr'>Scipio</span> <span class='ocrx_word' id='word_1_99' title='bbox 1181 873 1212 896; x_wconf 91' lang='lat' dir='ltr'>et</span> 
     </span>
     <span class='ocr_line' id='line_1_14' title="bbox 130 911 1211 953; baseline -0.002 -11"><span class='ocrx_word' id='word_1_100' title='bbox 130 911 265 943; x_wconf 78' lang='lat' dir='ltr'>Ioannes</span> <span class='ocrx_word' id='word_1_101' title='bbox 289 911 476 943; x_wconf 88' lang='lat' dir='ltr'>Caramuel:</span> <span class='ocrx_word' id='word_1_102' title='bbox 503 912 715 953; x_wconf 89' lang='lat' dir='ltr'>eamdemque</span> <span class='ocrx_word' id='word_1_103' title='bbox 738 918 813 952; x_wconf 92' lang='lat' dir='ltr'>post</span> <span class='ocrx_word' id='word_1_104' title='bbox 836 920 949 942; x_wconf 91' lang='lat' dir='ltr'>omnes</span> <span class='ocrx_word' id='word_1_105' title='bbox 979 911 1142 941; x_wconf 87' lang='lat' dir='ltr'>crambem</span> <span class='ocrx_word' id='word_1_106' title='bbox 1165 920 1211 940; x_wconf 92' lang='lat' dir='ltr'>re-</span> 
     </span>
     <span class='ocr_line' id='line_1_15' title="bbox 129 954 1211 998; baseline -0.002 -11"><span class='ocrx_word' id='word_1_107' title='bbox 129 955 214 988; x_wconf 80' lang='lat' dir='ltr'>coxit</span> <span class='ocrx_word' id='word_1_108' title='bbox 241 956 394 987; x_wconf 82' lang='lat' dir='ltr'>Erasmus</span> <span class='ocrx_word' id='word_1_109' title='bbox 419 956 558 988; x_wconf 88' lang='lat' dir='ltr'>Gattula.</span> <span class='ocrx_word' id='word_1_110' title='bbox 583 956 783 998; x_wconf 89' lang='lat' dir='ltr'>Scriptorum</span> <span class='ocrx_word' id='word_1_111' title='bbox 807 966 844 986; x_wconf 89' lang='lat' dir='ltr'>ex</span> <span class='ocrx_word' id='word_1_112' title='bbox 869 954 1128 986; x_wconf 86' lang='lat' dir='ltr'>Praedicatorum</span> <span class='ocrx_word' id='word_1_113' title='bbox 1152 954 1211 986; x_wconf 93' lang='lat' dir='ltr'>Or-</span> 
     </span>
     <span class='ocr_line' id='line_1_16' title="bbox 129 999 1210 1042; baseline -0.002 -11"><span class='ocrx_word' id='word_1_114' title='bbox 129 1000 203 1032; x_wconf 85' lang='lat' dir='ltr'>dine</span> <span class='ocrx_word' id='word_1_115' title='bbox 221 1001 423 1042; x_wconf 81' lang='lat' dir='ltr'>aliorumque</span> <span class='ocrx_word' id='word_1_116' title='bbox 448 1001 631 1032; x_wconf 89' lang='lat' dir='ltr'>testimonia</span> <span class='ocrx_word' id='word_1_117' title='bbox 648 1001 866 1042; x_wconf 86' lang='lat' dir='ltr'>proferuntur,</span> <span class='ocrx_word' id='word_1_118' title='bbox 888 999 943 1040; x_wconf 90' lang='lat' dir='ltr'>qui</span> <span class='ocrx_word' id='word_1_119' title='bbox 970 999 1119 1030; x_wconf 86' lang='lat' dir='ltr'>Thomae</span> <span class='ocrx_word' id='word_1_120' title='bbox 1139 1009 1210 1040; x_wconf 89' lang='lat' dir='ltr'>syn-</span> 
     </span>
     <span class='ocr_line' id='line_1_17' title="bbox 129 1043 1212 1087; baseline -0.003 -11"><span class='ocrx_word' id='word_1_121' title='bbox 129 1045 241 1076; x_wconf 86' lang='lat' dir='ltr'>chroni</span> <span class='ocrx_word' id='word_1_122' title='bbox 271 1045 402 1077; x_wconf 86' lang='lat' dir='ltr'>fuerunt</span> <span class='ocrx_word' id='word_1_123' title='bbox 439 1046 489 1077; x_wconf 89' lang='lat' dir='ltr'>vel</span> <span class='ocrx_word' id='word_1_124' title='bbox 524 1055 678 1087; x_wconf 83' lang='lat' dir='ltr'>suppares</span> <span class='ocrx_word' id='word_1_125' title='bbox 695 1069 704 1084; x_wconf 82' lang='lat'>,</span> <span class='ocrx_word' id='word_1_126' title='bbox 736 1045 901 1086; x_wconf 88' lang='lat' dir='ltr'>ipsiusque</span> <span class='ocrx_word' id='word_1_127' title='bbox 931 1043 1030 1074; x_wconf 89' lang='lat' dir='ltr'>vitam</span> <span class='ocrx_word' id='word_1_128' title='bbox 1060 1054 1095 1074; x_wconf 87' lang='lat' dir='ltr'>ac</span> <span class='ocrx_word' id='word_1_129' title='bbox 1125 1050 1212 1084; x_wconf 85' lang='lat' dir='ltr'>gesta</span> 
     </span>
     <span class='ocr_line' id='line_1_18' title="bbox 129 1088 1211 1132; baseline -0.004 -10"><span class='ocrx_word' id='word_1_130' title='bbox 129 1090 322 1132; x_wconf 70' lang='lat' dir='ltr'>seripserunt</span> <span class='ocrx_word' id='word_1_131' title='bbox 351 1100 387 1121; x_wconf 91' lang='lat' dir='ltr'>ac</span> <span class='ocrx_word' id='word_1_132' title='bbox 417 1097 511 1122; x_wconf 88' lang='lat' dir='ltr'>testes</span> <span class='ocrx_word' id='word_1_133' title='bbox 535 1090 628 1121; x_wconf 86' lang='lat' dir='ltr'>iurati</span> <span class='ocrx_word' id='word_1_134' title='bbox 657 1090 847 1121; x_wconf 81' lang='lat' dir='ltr'>adhibentur</span> <span class='ocrx_word' id='word_1_135' title='bbox 876 1088 908 1118; x_wconf 88' lang='lat' dir='ltr'>in</span> <span class='ocrx_word' id='word_1_136' title='bbox 934 1098 1086 1128; x_wconf 88' lang='lat' dir='ltr'>processu</span> <span class='ocrx_word' id='word_1_137' title='bbox 1117 1098 1211 1119; x_wconf 85' lang='lat' dir='ltr'>cano-</span> 
     </span>
     <span class='ocr_line' id='line_1_19' title="bbox 129 1131 1212 1172; baseline -0.004 -6"><span class='ocrx_word' id='word_1_138' title='bbox 129 1131 297 1166; x_wconf 65' lang='lat' dir='ltr'>nizationis</span> <span class='ocrx_word' id='word_1_139' title='bbox 322 1134 475 1166; x_wconf 87' lang='lat' dir='ltr'>eiusdem.</span> <span class='ocrx_word' id='word_1_140' title='bbox 502 1134 714 1166; x_wconf 88' lang='lat' dir='ltr'>Guillelmum</span> <span class='ocrx_word' id='word_1_141' title='bbox 745 1134 783 1164; x_wconf 91' lang='lat' dir='ltr'>de</span> <span class='ocrx_word' id='word_1_142' title='bbox 812 1134 924 1164; x_wconf 84' lang='lat' dir='ltr'>&#39;rocco</span> <span class='ocrx_word' id='word_1_143' title='bbox 952 1133 1095 1172; x_wconf 80' lang='lat' dir='ltr'>primum</span> <span class='ocrx_word' id='word_1_144' title='bbox 1123 1132 1212 1163; x_wconf 85' lang='lat' dir='ltr'>affert</span> 
     </span>
     <span class='ocr_line' id='line_1_20' title="bbox 128 1176 1210 1221; baseline -0.004 -10"><span class='ocrx_word' id='word_1_145' title='bbox 128 1178 324 1221; x_wconf 65' lang='lat' dir='ltr'>Diaq&#39;uisitor</span> <span class='ocrx_word' id='word_1_146' title='bbox 359 1179 461 1220; x_wconf 85' lang='lat' dir='ltr'>capite</span> <span class='ocrx_word' id='word_1_147' title='bbox 494 1190 528 1209; x_wconf 82' lang='lat'>111</span> <span class='ocrx_word' id='word_1_148' title='bbox 560 1179 726 1211; x_wconf 87' lang='lat' dir='ltr'>historicae</span> <span class='ocrx_word' id='word_1_149' title='bbox 760 1176 1009 1219; x_wconf 90' lang='lat' dir='ltr'>disquisitionis,</span> <span class='ocrx_word' id='word_1_150' title='bbox 1049 1187 1139 1208; x_wconf 89' lang='lat' dir='ltr'>num.</span> <span class='ocrx_word' id='word_1_151' title='bbox 1177 1185 1210 1207; x_wconf 85' lang='lat'>1:</span> 
     </span>
     <span class='ocr_line' id='line_1_21' title="bbox 132 1220 1211 1266; baseline -0.004 -11"><span class='ocrx_word' id='word_1_152' title='bbox 132 1235 148 1251; x_wconf 73' lang='grc' dir='ltr'><strong><em>ι</em></strong></span> <span class='ocrx_word' id='word_1_153' title='bbox 161 1221 350 1262; x_wconf 68' lang='lat' dir='ltr'>coaevum,</span> <span class='ocrx_word' id='word_1_154' title='bbox 370 1230 406 1254; x_wconf 89' lang='lat' dir='ltr'>ut</span> <span class='ocrx_word' id='word_1_155' title='bbox 424 1223 539 1266; x_wconf 89' lang='lat' dir='ltr'>inquit,</span> <span class='ocrx_word' id='word_1_156' title='bbox 558 1223 712 1265; x_wconf 85' lang='lat' dir='ltr'>Aquinati</span> <span class='ocrx_word' id='word_1_157' title='bbox 737 1229 847 1253; x_wconf 88' lang='lat' dir='ltr'>nostro</span> <span class='ocrx_word' id='word_1_158' title='bbox 873 1220 1059 1262; x_wconf 84' lang='lat' dir='ltr'>scriptorem</span> <span class='ocrx_word' id='word_1_159' title='bbox 1079 1221 1211 1262; x_wconf 89' lang='lat' dir='ltr'>eiusque</span> 
     </span>
     <span class='ocr_line' id='line_1_22' title="bbox 131 1265 1210 1310; baseline -0.003 -11"><span class='ocrx_word' id='word_1_160' title='bbox 131 1280 146 1296; x_wconf 86' lang='lat'><strong>»</strong></span> <span class='ocrx_word' id='word_1_161' title='bbox 168 1267 330 1300; x_wconf 58' lang='lat' dir='ltr'>indolem:</span> <span class='ocrx_word' id='word_1_162' title='bbox 355 1268 410 1310; x_wconf 92' lang='lat' dir='ltr'>qui</span> <span class='ocrx_word' id='word_1_163' title='bbox 435 1269 536 1310; x_wconf 91' lang='lat' dir='ltr'>capite</span> <span class='ocrx_word' id='word_1_164' title='bbox 562 1279 571 1299; x_wconf 87' lang='lat'><em>1</em></span> <span class='ocrx_word' id='word_1_165' title='bbox 596 1268 678 1299; x_wconf 81' lang='lat' dir='ltr'>vitae</span> <span class='ocrx_word' id='word_1_166' title='bbox 700 1268 739 1299; x_wconf 89' lang='lat' dir='ltr'>ab</span> <span class='ocrx_word' id='word_1_167' title='bbox 761 1267 816 1298; x_wconf 90' lang='lat' dir='ltr'>illo</span> <span class='ocrx_word' id='word_1_168' title='bbox 841 1265 1026 1307; x_wconf 87' lang='lat' dir='ltr'>descriptae,</span> <span class='ocrx_word' id='word_1_169' title='bbox 1049 1267 1091 1297; x_wconf 91' lang='lat' dir='ltr'>rei</span> <span class='ocrx_word' id='word_1_170' title='bbox 1112 1265 1210 1296; x_wconf 87' lang='lat' dir='ltr'>fidem</span> 
     </span>
     <span class='ocr_line' id='line_1_23' title="bbox 131 1311 1211 1354; baseline -0.002 -10"><span class='ocrx_word' id='word_1_171' title='bbox 131 1325 147 1340; x_wconf 85' lang='lat'><strong>»</strong></span> <span class='ocrx_word' id='word_1_172' title='bbox 167 1311 581 1354; x_wconf 49' lang='lat' dir='ltr'>&amp;cupietist-1faeit:</span> <span class='ocrx_word' id='word_1_173' title='bbox 614 1312 825 1354; x_wconf 86' lang='lat' dir='ltr'>Landulphus</span> <span class='ocrx_word' id='word_1_174' title='bbox 854 1311 974 1343; x_wconf 90' lang='lat' dir='ltr'>Comes</span> <span class='ocrx_word' id='word_1_175' title='bbox 1004 1311 1148 1352; x_wconf 88' lang='lat' dir='ltr'>Aquinas</span> <span class='ocrx_word' id='word_1_176' title='bbox 1181 1318 1211 1342; x_wconf 91' lang='lat' dir='ltr'>et</span> 
     </span>
     <span class='ocr_line' id='line_1_24' title="bbox 131 1353 1209 1398; baseline -0.003 -9"><span class='ocrx_word' id='word_1_177' title='bbox 131 1353 343 1392; x_wconf 50' lang='lat' dir='ltr'>›Jsteoffi&#39;ffi</span> <span class='ocrx_word' id='word_1_178' title='bbox 362 1357 493 1389; x_wconf 83' lang='lat' dir='ltr'>Theatis</span> <span class='ocrx_word' id='word_1_179' title='bbox 517 1357 654 1389; x_wconf 90' lang='lat' dir='ltr'>Comitis</span> <span class='ocrx_word' id='word_1_180' title='bbox 674 1357 749 1397; x_wconf 85' lang='lat' dir='ltr'>filia,</span> <span class='ocrx_word' id='word_1_181' title='bbox 762 1362 920 1398; x_wconf 87' lang='lat' dir='ltr'>parentes</span> <span class='ocrx_word' id='word_1_182' title='bbox 939 1358 1008 1388; x_wconf 87' lang='lat' dir='ltr'>eius</span> <span class='ocrx_word' id='word_1_183' title='bbox 1031 1354 1209 1398; x_wconf 84' lang='lat' dir='ltr'>(inquiens)</span> 
     </span>
    </p>
   </div>
   <div class='ocr_carea' id='block_1_5' title="bbox 35 1397 1208 1450">
    <p class='ocr_par' dir='ltr' id='par_1_6' title="bbox 35 1397 1208 1450">
     <span class='ocr_line' id='line_1_25' title="bbox 35 1397 1208 1450; baseline -0.005 -14"><span class='ocrx_word' id='word_1_184' title='bbox 35 1437 43 1444; x_wconf 73' lang='grc'><strong>,</strong></span> <span class='ocrx_word' id='word_1_185' title='bbox 86 1397 91 1401; x_wconf 67' lang='grc'><strong>’</strong></span> <span class='ocrx_word' id='word_1_186' title='bbox 130 1399 229 1450; x_wconf 69' lang='lat' dir='ltr'>»sie</span> <span class='ocrx_word' id='word_1_187' title='bbox 245 1403 423 1435; x_wconf 71' lang='lat' dir='ltr'>enutritum</span> <span class='ocrx_word' id='word_1_188' title='bbox 447 1400 577 1446; x_wconf 86' lang='lat' dir='ltr'>(domi)</span> <span class='ocrx_word' id='word_1_189' title='bbox 602 1402 738 1434; x_wconf 85' lang='lat' dir='ltr'>libenter</span> <span class='ocrx_word' id='word_1_190' title='bbox 766 1402 838 1432; x_wconf 89' lang='lat' dir='ltr'>Deo</span> <span class='ocrx_word' id='word_1_191' title='bbox 868 1401 1030 1442; x_wconf 85' lang='lat' dir='ltr'>offerunt,</span> <span class='ocrx_word' id='word_1_192' title='bbox 1055 1407 1086 1432; x_wconf 87' lang='lat' dir='ltr'>et</span> <span class='ocrx_word' id='word_1_193' title='bbox 1115 1401 1208 1442; x_wconf 85' lang='lat' dir='ltr'>quin-</span> 
     </span>
    </p>
   </div>
   <div class='ocr_carea' id='block_1_6' title="bbox 128 1444 1210 2071">
    <p class='ocr_par' dir='ltr' id='par_1_7' title="bbox 128 1444 1210 2071">
     <span class='ocr_line' id='line_1_26' title="bbox 131 1444 1208 1490; baseline -0.003 -11"><span class='ocrx_word' id='word_1_194' title='bbox 131 1459 147 1475; x_wconf 82' lang='lat'><strong>»</strong></span> <span class='ocrx_word' id='word_1_195' title='bbox 168 1447 327 1489; x_wconf 77' lang='grc' dir='ltr'><em>ῥυτῆριτῆι</em></span> <span class='ocrx_word' id='word_1_196' title='bbox 358 1446 403 1479; x_wconf 87' lang='lat' dir='ltr'>ad</span> <span class='ocrx_word' id='word_1_197' title='bbox 431 1448 669 1479; x_wconf 83' lang='lat' dir='ltr'>Monasterium</span> <span class='ocrx_word' id='word_1_198' title='bbox 694 1444 832 1490; x_wconf 82' lang='lat' dir='ltr'>(Casini)</span> <span class='ocrx_word' id='word_1_199' title='bbox 852 1457 915 1487; x_wconf 88' lang='lat' dir='ltr'>per</span> <span class='ocrx_word' id='word_1_200' title='bbox 947 1447 1104 1479; x_wconf 86' lang='lat' dir='ltr'>nutricem</span> <span class='ocrx_word' id='word_1_201' title='bbox 1135 1455 1208 1476; x_wconf 84' lang='lat' dir='ltr'>cum</span> 
     </span>
     <span class='ocr_line' id='line_1_27' title="bbox 131 1490 1210 1533; baseline -0.003 -9"><span class='ocrx_word' id='word_1_202' title='bbox 131 1490 254 1525; x_wconf 61' lang='lat' dir='ltr'>»⁵ffiuh&#39;</span> <span class='ocrx_word' id='word_1_203' title='bbox 270 1492 423 1524; x_wconf 79' lang='lat' dir='ltr'>societate</span> <span class='ocrx_word' id='word_1_204' title='bbox 446 1493 690 1531; x_wconf 83' lang='lat' dir='ltr'>transmittunt,</span> <span class='ocrx_word' id='word_1_205' title='bbox 712 1493 744 1523; x_wconf 90' lang='lat' dir='ltr'>in</span> <span class='ocrx_word' id='word_1_206' title='bbox 764 1501 828 1533; x_wconf 82' lang='lat' dir='ltr'>quo</span> <span class='ocrx_word' id='word_1_207' title='bbox 847 1493 1066 1524; x_wconf 84' lang='lat' dir='ltr'>instrueretur</span> <span class='ocrx_word' id='word_1_208' title='bbox 1088 1491 1210 1521; x_wconf 89' lang='lat' dir='ltr'>sanctis</span> 
     </span>
     <span class='ocr_line' id='line_1_28' title="bbox 130 1534 1208 1579; baseline -0.004 -10"><span class='ocrx_word' id='word_1_209' title='bbox 130 1534 322 1575; x_wconf 58' lang='lat' dir='ltr'>witikinus,</span> <span class='ocrx_word' id='word_1_210' title='bbox 341 1537 460 1568; x_wconf 84' lang='lat' dir='ltr'>divinis</span> <span class='ocrx_word' id='word_1_211' title='bbox 484 1537 755 1569; x_wconf 81' lang='lat' dir='ltr'>illustrationibus</span> <span class='ocrx_word' id='word_1_212' title='bbox 773 1535 1090 1579; x_wconf 86' lang='lat' dir='ltr'>(illuminationibus)</span> <span class='ocrx_word' id='word_1_213' title='bbox 1110 1545 1208 1576; x_wconf 87' lang='lat' dir='ltr'>prae-</span> 
     </span>
     <span class='ocr_line' id='line_1_29' title="bbox 131 1579 1210 1623; baseline -0.003 -10"><span class='ocrx_word' id='word_1_214' title='bbox 131 1587 165 1609; x_wconf 81' lang='grc'>»”</span> <span class='ocrx_word' id='word_1_215' title='bbox 211 1579 347 1621; x_wconf 48' lang='lat' dir='ltr'>andus·</span> <span class='ocrx_word' id='word_1_216' title='bbox 372 1581 422 1612; x_wconf 90' lang='lat' dir='ltr'>En</span> <span class='ocrx_word' id='word_1_217' title='bbox 450 1581 507 1613; x_wconf 89' lang='lat' dir='ltr'>tibi</span> <span class='ocrx_word' id='word_1_218' title='bbox 531 1582 677 1614; x_wconf 85' lang='lat' dir='ltr'>oblatum</span> <span class='ocrx_word' id='word_1_219' title='bbox 700 1582 771 1612; x_wconf 91' lang='lat' dir='ltr'>Deo</span> <span class='ocrx_word' id='word_1_220' title='bbox 802 1592 941 1623; x_wconf 88' lang='lat' dir='ltr'>puerum</span> <span class='ocrx_word' id='word_1_221' title='bbox 971 1581 1154 1617; x_wconf 87' lang='lat' dir='ltr'>Thomam,</span> <span class='ocrx_word' id='word_1_222' title='bbox 1179 1587 1210 1610; x_wconf 90' lang='lat' dir='ltr'>et</span> 
     </span>
     <span class='ocr_line' id='line_1_30' title="bbox 129 1579 1210 1673; baseline -0.004 -13"><span class='ocrx_word' id='word_1_223' title='bbox 129 1579 301 1673; x_wconf 48' lang='lat' dir='ltr'>»lggss‘m</span> <span class='ocrx_word' id='word_1_224' title='bbox 330 1626 574 1668; x_wconf 84' lang='lat' dir='ltr'>quinquennem</span> <span class='ocrx_word' id='word_1_225' title='bbox 609 1627 713 1658; x_wconf 89' lang='lat' dir='ltr'>adhuc</span> <span class='ocrx_word' id='word_1_226' title='bbox 746 1633 841 1668; x_wconf 87' lang='lat' dir='ltr'>atque</span> <span class='ocrx_word' id='word_1_227' title='bbox 876 1626 1040 1658; x_wconf 90' lang='lat' dir='ltr'>tenellum.</span> <span class='ocrx_word' id='word_1_228' title='bbox 1069 1639 1083 1652; x_wconf 52' lang='lat' dir='ltr'>v</span> <span class='ocrx_word' id='word_1_229' title='bbox 1118 1625 1210 1655; x_wconf 80' lang='lat' dir='ltr'>Hanc</span> 
     </span>
     <span class='ocr_line' id='line_1_31' title="bbox 250 1669 1207 1703; baseline -0.002 -1"><span class='ocrx_word' id='word_1_230' title='bbox 250 1669 399 1703; x_wconf 77' lang='lat' dir='ltr'>exhibent</span> <span class='ocrx_word' id='word_1_231' title='bbox 424 1671 571 1702; x_wconf 88' lang='lat' dir='ltr'>Bollandi</span> <span class='ocrx_word' id='word_1_232' title='bbox 596 1671 833 1703; x_wconf 89' lang='lat' dir='ltr'>continuatores</span> <span class='ocrx_word' id='word_1_233' title='bbox 860 1672 900 1702; x_wconf 92' lang='lat' dir='ltr'>ad</span> <span class='ocrx_word' id='word_1_234' title='bbox 923 1671 1008 1702; x_wconf 89' lang='lat' dir='ltr'>diem</span> <span class='ocrx_word' id='word_1_235' title='bbox 1032 1681 1075 1700; x_wconf 84' lang='lat' dir='ltr'>vu</span> <span class='ocrx_word' id='word_1_236' title='bbox 1093 1669 1207 1700; x_wconf 89' lang='lat' dir='ltr'>martii.</span> 
     </span>
     <span class='ocr_line' id='line_1_32' title="bbox 129 1712 1210 1759; baseline -0.003 -12"><span class='ocrx_word' id='word_1_237' title='bbox 129 1712 358 1759; x_wconf 36' lang='lat' dir='ltr'>(vuillelmum,</span> <span class='ocrx_word' id='word_1_238' title='bbox 373 1716 412 1746; x_wconf 88' lang='lat' dir='ltr'>de</span> <span class='ocrx_word' id='word_1_239' title='bbox 435 1716 546 1748; x_wconf 84' lang='lat' dir='ltr'>To‘cco</span> <span class='ocrx_word' id='word_1_240' title='bbox 575 1716 683 1747; x_wconf 89' lang='lat' dir='ltr'>minus</span> <span class='ocrx_word' id='word_1_241' title='bbox 711 1716 839 1757; x_wconf 89' lang='lat' dir='ltr'>proprie</span> <span class='ocrx_word' id='word_1_242' title='bbox 866 1716 1009 1748; x_wconf 83' lang='lat' dir='ltr'>sodalem</span> <span class='ocrx_word' id='word_1_243' title='bbox 1037 1714 1210 1756; x_wconf 82' lang='lat' dir='ltr'>Aquinatis</span> 
     </span>
     <span class='ocr_line' id='line_1_33' title="bbox 128 1757 1209 1803; baseline -0.001 -13"><span class='ocrx_word' id='word_1_244' title='bbox 128 1757 227 1796; x_wconf 64' lang='grc' dir='ltr'>νὸὲῇὲ</span> <span class='ocrx_word' id='word_1_245' title='bbox 243 1758 314 1793; x_wconf 82' lang='lat' dir='ltr'>ille:</span> <span class='ocrx_word' id='word_1_246' title='bbox 339 1767 451 1802; x_wconf 86' lang='lat' dir='ltr'>utpote</span> <span class='ocrx_word' id='word_1_247' title='bbox 475 1761 531 1803; x_wconf 91' lang='lat' dir='ltr'>qui</span> <span class='ocrx_word' id='word_1_248' title='bbox 555 1771 588 1792; x_wconf 85' lang='lat' dir='ltr'>se</span> <span class='ocrx_word' id='word_1_249' title='bbox 613 1761 777 1792; x_wconf 80' lang='lat' dir='ltr'>dumtaxat</span> <span class='ocrx_word' id='word_1_250' title='bbox 795 1760 913 1792; x_wconf 85' lang='lat' dir='ltr'>vidisse</span> <span class='ocrx_word' id='word_1_251' title='bbox 943 1761 1051 1801; x_wconf 91' lang='lat' dir='ltr'>ipsum</span> <span class='ocrx_word' id='word_1_252' title='bbox 1069 1758 1209 1790; x_wconf 83' lang='lat' dir='ltr'>scriben-</span> 
     </span>
     <span class='ocr_line' id='line_1_34' title="bbox 129 1803 1209 1847; baseline -0.003 -11"><span class='ocrx_word' id='word_1_253' title='bbox 129 1807 192 1836; x_wconf 52' lang='lat' dir='ltr'>te&amp;</span> <span class='ocrx_word' id='word_1_254' title='bbox 210 1809 246 1840; x_wconf 51' lang='lat' dir='ltr'>‘a</span> <span class='ocrx_word' id='word_1_255' title='bbox 269 1804 433 1837; x_wconf 81' lang='lat' dir='ltr'>audivisse</span> <span class='ocrx_word' id='word_1_256' title='bbox 444 1806 690 1847; x_wconf 80' lang='lat' dir='ltr'>praedicantem</span> <span class='ocrx_word' id='word_1_257' title='bbox 710 1811 741 1837; x_wconf 90' lang='lat' dir='ltr'>et</span> <span class='ocrx_word' id='word_1_258' title='bbox 759 1806 931 1847; x_wconf 80' lang='lat' dir='ltr'>legentem,</span> <span class='ocrx_word' id='word_1_259' title='bbox 948 1811 1051 1836; x_wconf 87' lang='lat' dir='ltr'>narrat</span> <span class='ocrx_word' id='word_1_260' title='bbox 1070 1804 1102 1834; x_wconf 88' lang='lat' dir='ltr'>in</span> <span class='ocrx_word' id='word_1_261' title='bbox 1122 1803 1209 1834; x_wconf 86' lang='lat' dir='ltr'>Actis</span> 
     </span>
     <span class='ocr_line' id='line_1_35' title="bbox 130 1846 1209 1898; baseline -0.003 -17"><span class='ocrx_word' id='word_1_262' title='bbox 130 1848 138 1856; x_wconf 75' lang='lat'><em>⁶</em></span> <span class='ocrx_word' id='word_1_263' title='bbox 205 1891 210 1898; x_wconf 37' lang='grc' dir='ltr'>Ι</span> <span class='ocrx_word' id='word_1_264' title='bbox 228 1846 234 1854; x_wconf 80' lang='grc'><strong>’</strong></span> <span class='ocrx_word' id='word_1_265' title='bbox 251 1847 344 1881; x_wconf 62' lang='lat' dir='ltr'>⁴&#39;onis</span> <span class='ocrx_word' id='word_1_266' title='bbox 363 1859 450 1880; x_wconf 89' lang='lat' dir='ltr'>anno</span> <span class='ocrx_word' id='word_1_267' title='bbox 479 1850 561 1891; x_wconf 85' lang='lat'><em>¹3¹9</em></span> <span class='ocrx_word' id='word_1_268' title='bbox 581 1850 753 1887; x_wconf 84' lang='lat' dir='ltr'>institutae,</span> <span class='ocrx_word' id='word_1_269' title='bbox 775 1860 865 1881; x_wconf 90' lang='lat' dir='ltr'>num.</span> <span class='ocrx_word' id='word_1_270' title='bbox 885 1850 943 1887; x_wconf 88' lang='grc'>58,</span> <span class='ocrx_word' id='word_1_271' title='bbox 963 1849 1049 1890; x_wconf 87' lang='lat' dir='ltr'>apud</span> <span class='ocrx_word' id='word_1_272' title='bbox 1076 1848 1209 1879; x_wconf 83' lang='lat' dir='ltr'>eosdem</span> 
     </span>
     <span class='ocr_line' id='line_1_36' title="bbox 242 1892 350 1926; baseline 0.009 -1"><span class='ocrx_word' id='word_1_273' title='bbox 242 1892 350 1926; x_wconf 78' lang='lat' dir='ltr'>distas.</span> 
     </span>
     <span class='ocr_line' id='line_1_37' title="bbox 156 1932 1208 1981; baseline -0.001 -12"><span class='ocrx_word' id='word_1_274' title='bbox 156 1932 218 1969; x_wconf 46' lang='lat'>²3³⁴?</span> <span class='ocrx_word' id='word_1_275' title='bbox 232 1936 311 1978; x_wconf 58' lang='lat' dir='ltr'>Xon</span> <span class='ocrx_word' id='word_1_276' title='bbox 334 1938 434 1980; x_wconf 88' lang='lat' dir='ltr'>longo</span> <span class='ocrx_word' id='word_1_277' title='bbox 459 1939 602 1981; x_wconf 74' lang='lat' dir='ltr'>sequitur</span> <span class='ocrx_word' id='word_1_278' title='bbox 625 1939 789 1971; x_wconf 84' lang='lat' dir='ltr'>intervallo</span> <span class='ocrx_word' id='word_1_279' title='bbox 811 1939 1019 1971; x_wconf 82' lang='lat' dir='ltr'>Ptolomaeus</span> <span class='ocrx_word' id='word_1_280' title='bbox 1043 1938 1208 1976; x_wconf 86' lang='lat' dir='ltr'>Lucensis,</span> 
     </span>
     <span class='ocr_line' id='line_1_38' title="bbox 159 1974 1209 2061; baseline -0.001 -46"><span class='ocrx_word' id='word_1_281' title='bbox 159 1974 350 2061; x_wconf 45' lang='grc' dir='ltr'>ίἢΞξ-ἱοριις»</span> <span class='ocrx_word' id='word_1_282' title='bbox 377 1983 606 2024; x_wconf 85' lang='lat' dir='ltr'>Torcellanus,</span> <span class='ocrx_word' id='word_1_283' title='bbox 629 1984 751 2026; x_wconf 90' lang='lat' dir='ltr'>quippe</span> <span class='ocrx_word' id='word_1_284' title='bbox 779 1984 835 2026; x_wconf 90' lang='lat' dir='ltr'>qui</span> <span class='ocrx_word' id='word_1_285' title='bbox 866 1984 929 2015; x_wconf 89' lang='lat' dir='ltr'>divi</span> <span class='ocrx_word' id='word_1_286' title='bbox 957 1984 1106 2015; x_wconf 85' lang='lat' dir='ltr'>Thomae</span> <span class='ocrx_word' id='word_1_287' title='bbox 1138 1990 1209 2014; x_wconf 89' lang='lat' dir='ltr'>tum</span> 
     </span>
     <span class='ocr_line' id='line_1_39' title="bbox 161 2026 1207 2071; baseline -0.002 -11"><span class='ocrx_word' id='word_1_288' title='bbox 161 2035 167 2041; x_wconf 84' lang='lat'>‘</span> <span class='ocrx_word' id='word_1_289' title='bbox 230 2026 232 2029; x_wconf 69' lang='grc'><strong>’</strong></span> <span class='ocrx_word' id='word_1_290' title='bbox 275 2038 293 2060; x_wconf 84' lang='lat' dir='ltr'>e</span> <span class='ocrx_word' id='word_1_291' title='bbox 311 2034 384 2060; x_wconf 89' lang='lat' dir='ltr'>tum</span> <span class='ocrx_word' id='word_1_292' title='bbox 396 2029 534 2071; x_wconf 85' lang='lat' dir='ltr'>Neapoli</span> <span class='ocrx_word' id='word_1_293' title='bbox 554 2029 730 2071; x_wconf 88' lang='lat' dir='ltr'>discipulus</span> <span class='ocrx_word' id='word_1_294' title='bbox 753 2028 849 2061; x_wconf 86' lang='lat' dir='ltr'>fuisse</span> <span class='ocrx_word' id='word_1_295' title='bbox 876 2029 991 2060; x_wconf 91' lang='lat' dir='ltr'>dicitur</span> <span class='ocrx_word' id='word_1_296' title='bbox 1018 2029 1100 2059; x_wconf 91' lang='lat' dir='ltr'>libro</span> <span class='ocrx_word' id='word_1_297' title='bbox 1122 2028 1207 2059; x_wconf 87' lang='lat' dir='ltr'>XXII</span> 
     </span>
    </p>
   </div>
   <div class='ocr_carea' id='block_1_7' title="bbox 130 1995 1209 2117">
    <p class='ocr_par' dir='ltr' id='par_1_8' title="bbox 130 1995 1209 2117">
     <span class='ocr_line' id='line_1_40' title="bbox 131 1995 146 2011; baseline 0 0"><span class='ocrx_word' id='word_1_298' title='bbox 131 1995 146 2011; x_wconf 64' lang='lat'><em>2</em></span> 
     </span>
     <span class='ocr_line' id='line_1_41' title="bbox 130 2040 146 2056; baseline 0 0"><span class='ocrx_word' id='word_1_299' title='bbox 130 2040 146 2056; x_wconf 61' lang='lat' dir='ltr'><em>D</em></span> 
     </span>
     <span class='ocr_line' id='line_1_42' title="bbox 131 2067 1209 2117; baseline -0.003 -11"><span class='ocrx_word' id='word_1_300' title='bbox 131 2085 146 2100; x_wconf 70' lang='lat'>²</span> <span class='ocrx_word' id='word_1_301' title='bbox 165 2067 339 2117; x_wconf 63' lang='lat' dir='ltr'>mstoriae</span> <span class='ocrx_word' id='word_1_302' title='bbox 353 2073 598 2112; x_wconf 84' lang='lat' dir='ltr'>ecclesiasticae,</span> <span class='ocrx_word' id='word_1_303' title='bbox 619 2084 702 2116; x_wconf 88' lang='lat' dir='ltr'>quae</span> <span class='ocrx_word' id='word_1_304' title='bbox 722 2084 781 2105; x_wconf 78' lang='lat' dir='ltr'>ms,</span> <span class='ocrx_word' id='word_1_305' title='bbox 798 2081 879 2105; x_wconf 83' lang='lat' dir='ltr'>extat</span> <span class='ocrx_word' id='word_1_306' title='bbox 895 2074 927 2104; x_wconf 92' lang='lat' dir='ltr'>in</span> <span class='ocrx_word' id='word_1_307' title='bbox 941 2073 1132 2105; x_wconf 77' lang='lat' dir='ltr'>bibliotheca</span> <span class='ocrx_word' id='word_1_308' title='bbox 1147 2072 1209 2104; x_wconf 85' lang='lat' dir='ltr'>Va-</span> 
     </span>
    </p>
   </div>
   <div class='ocr_carea' id='block_1_8' title="bbox 87 2113 1210 2160">
    <p class='ocr_par' dir='ltr' id='par_1_9' title="bbox 87 2113 1210 2160">
     <span class='ocr_line' id='line_1_43' title="bbox 87 2113 1210 2160; baseline 0.001 -13"><span class='ocrx_word' id='word_1_309' title='bbox 87 2115 97 2118; x_wconf 46' lang='lat'><em>*</em></span> <span class='ocrx_word' id='word_1_310' title='bbox 130 2129 145 2146; x_wconf 84' lang='lat'><strong>»</strong></span> <span class='ocrx_word' id='word_1_311' title='bbox 165 2113 289 2157; x_wconf 67' lang='lat' dir='ltr'>ficana,</span> <span class='ocrx_word' id='word_1_312' title='bbox 312 2127 476 2160; x_wconf 87' lang='lat' dir='ltr'>quamque</span> <span class='ocrx_word' id='word_1_313' title='bbox 501 2119 684 2160; x_wconf 81' lang='lat' dir='ltr'>saepissime</span> <span class='ocrx_word' id='word_1_314' title='bbox 708 2118 816 2150; x_wconf 83' lang='lat' dir='ltr'>laudat</span> <span class='ocrx_word' id='word_1_315' title='bbox 840 2119 1001 2151; x_wconf 89' lang='lat' dir='ltr'>Odoricus</span> <span class='ocrx_word' id='word_1_316' title='bbox 1025 2117 1210 2159; x_wconf 80' lang='lat' dir='ltr'>Raynaldus</span> 
     </span>
    </p>
   </div>
   <div class='ocr_carea' id='block_1_9' title="bbox 129 2155 1211 2251">
    <p class='ocr_par' dir='ltr' id='par_1_10' title="bbox 129 2155 1211 2251">
     <span class='ocr_line' id='line_1_44' title="bbox 129 2155 1209 2204; baseline -0.002 -9"><span class='ocrx_word' id='word_1_317' title='bbox 129 2174 145 2190; x_wconf 65' lang='lat'><em>2</em></span> <span class='ocrx_word' id='word_1_318' title='bbox 163 2155 201 2196; x_wconf 68' lang='grc' dir='ltr'>,ΥΩ</span> <span class='ocrx_word' id='word_1_319' title='bbox 216 2156 415 2202; x_wconf 48' lang='grc' dir='ltr'>’Ἃιιῆυὶίῠιιῆ</span> <span class='ocrx_word' id='word_1_320' title='bbox 441 2164 542 2204; x_wconf 89' lang='lat' dir='ltr'>capite</span> <span class='ocrx_word' id='word_1_321' title='bbox 565 2172 634 2195; x_wconf 83' lang='lat' dir='ltr'>xtx:</span> <span class='ocrx_word' id='word_1_322' title='bbox 658 2163 726 2195; x_wconf 89' lang='lat' dir='ltr'>Hic</span> <span class='ocrx_word' id='word_1_323' title='bbox 754 2163 891 2195; x_wconf 79' lang='lat' dir='ltr'>Thomas</span> <span class='ocrx_word' id='word_1_324' title='bbox 914 2165 947 2194; x_wconf 84' lang='lat' dir='ltr'>in</span> <span class='ocrx_word' id='word_1_325' title='bbox 971 2173 1032 2195; x_wconf 89' lang='lat' dir='ltr'>sua</span> <span class='ocrx_word' id='word_1_326' title='bbox 1050 2163 1209 2204; x_wconf 83' lang='lat' dir='ltr'>pueritia,</span> 
     </span>
     <span class='ocr_line' id='line_1_45' title="bbox 130 2204 1211 2251; baseline 0 -13"><span class='ocrx_word' id='word_1_327' title='bbox 130 2219 145 2234; x_wconf 61' lang='grc' dir='ltr'><em>ι</em></span> <span class='ocrx_word' id='word_1_328' title='bbox 164 2204 284 2251; x_wconf 60' lang='lat' dir='ltr'>inquit,</span> <span class='ocrx_word' id='word_1_329' title='bbox 309 2209 453 2239; x_wconf 83' lang='lat' dir='ltr'>nutritus</span> <span class='ocrx_word' id='word_1_330' title='bbox 466 2207 540 2250; x_wconf 81' lang='lat' dir='ltr'>suit</span> <span class='ocrx_word' id='word_1_331' title='bbox 563 2209 596 2240; x_wconf 90' lang='lat' dir='ltr'>in</span> <span class='ocrx_word' id='word_1_332' title='bbox 616 2208 752 2240; x_wconf 86' lang='lat' dir='ltr'>Abbatia</span> <span class='ocrx_word' id='word_1_333' title='bbox 772 2209 895 2240; x_wconf 86' lang='lat' dir='ltr'>Montis</span> <span class='ocrx_word' id='word_1_334' title='bbox 916 2208 1040 2246; x_wconf 87' lang='lat' dir='ltr'>Casini,</span> <span class='ocrx_word' id='word_1_335' title='bbox 1060 2209 1117 2249; x_wconf 84' lang='lat' dir='ltr'>qui</span> <span class='ocrx_word' id='word_1_336' title='bbox 1134 2212 1211 2238; x_wconf 87' lang='lat' dir='ltr'>sunt</span> 
     </span>
    </p>
   </div>
   <div class='ocr_carea' id='block_1_10' title="bbox 94 2251 1210 2295">
    <p class='ocr_par' dir='ltr' id='par_1_11' title="bbox 94 2251 1210 2295">
     <span class='ocr_line' id='line_1_46' title="bbox 94 2251 1210 2295; baseline 0 -12"><span class='ocrx_word' id='word_1_337' title='bbox 94 2274 102 2278; x_wconf 72' lang='lat'><em>-</em></span> <span class='ocrx_word' id='word_1_338' title='bbox 130 2264 146 2279; x_wconf 81' lang='lat'><strong>»</strong></span> <span class='ocrx_word' id='word_1_339' title='bbox 166 2251 319 2287; x_wconf 62' lang='lat' dir='ltr'>monachi</span> <span class='ocrx_word' id='word_1_340' title='bbox 337 2253 446 2295; x_wconf 75' lang='lat' dir='ltr'>nigri:</span> <span class='ocrx_word' id='word_1_341' title='bbox 469 2259 501 2284; x_wconf 82' lang='lat' dir='ltr'>&#39;et</span> <span class='ocrx_word' id='word_1_342' title='bbox 523 2253 700 2285; x_wconf 87' lang='lat' dir='ltr'>secundum</span> <span class='ocrx_word' id='word_1_343' title='bbox 728 2263 849 2285; x_wconf 89' lang='lat' dir='ltr'>morem</span> <span class='ocrx_word' id='word_1_344' title='bbox 872 2253 1025 2285; x_wconf 80' lang='lat' dir='ltr'>nobilium</span> <span class='ocrx_word' id='word_1_345' title='bbox 1046 2253 1135 2283; x_wconf 86' lang='lat' dir='ltr'>illius</span> <span class='ocrx_word' id='word_1_346' title='bbox 1147 2262 1210 2293; x_wconf 87' lang='lat' dir='ltr'>pa-</span> 
     </span>
    </p>
   </div>
   <div class='ocr_carea' id='block_1_11' title="bbox 130 2291 1213 2473">
    <p class='ocr_par' dir='ltr' id='par_1_12' title="bbox 130 2291 1213 2478">
     <span class='ocr_line' id='line_1_47' title="bbox 130 2291 1211 2339; baseline -0.001 -10"><span class='ocrx_word' id='word_1_347' title='bbox 130 2309 146 2324; x_wconf 82' lang='lat'><strong>»</strong></span> <span class='ocrx_word' id='word_1_348' title='bbox 168 2291 264 2339; x_wconf 52' lang='lat' dir='ltr'>ube,</span> <span class='ocrx_word' id='word_1_349' title='bbox 281 2292 321 2328; x_wconf 58' lang='lat' dir='ltr'>utv</span> <span class='ocrx_word' id='word_1_350' title='bbox 328 2302 423 2338; x_wconf 86' lang='lat' dir='ltr'>patet</span> <span class='ocrx_word' id='word_1_351' title='bbox 436 2297 477 2328; x_wconf 88' lang='lat' dir='ltr'>de</span> <span class='ocrx_word' id='word_1_352' title='bbox 495 2298 597 2330; x_wconf 87' lang='lat' dir='ltr'>beatis</span> <span class='ocrx_word' id='word_1_353' title='bbox 611 2299 734 2329; x_wconf 86' lang='lat' dir='ltr'>Mauro</span> <span class='ocrx_word' id='word_1_354' title='bbox 753 2303 784 2329; x_wconf 89' lang='lat' dir='ltr'>et</span> <span class='ocrx_word' id='word_1_355' title='bbox 798 2298 941 2330; x_wconf 86' lang='lat' dir='ltr'>Placido.</span> <span class='ocrx_word' id='word_1_356' title='bbox 957 2298 1006 2328; x_wconf 87' lang='lat' dir='ltr'>En</span> <span class='ocrx_word' id='word_1_357' title='bbox 1026 2297 1081 2328; x_wconf 91' lang='lat' dir='ltr'>tibi</span> <span class='ocrx_word' id='word_1_358' title='bbox 1102 2307 1211 2328; x_wconf 87' lang='lat' dir='ltr'>rursus</span> 
     </span>
     <span class='ocr_line' id='line_1_48' title="bbox 130 2339 1211 2386; baseline 0 -14"><span class='ocrx_word' id='word_1_359' title='bbox 130 2353 147 2369; x_wconf 65' lang='grc' dir='ltr'><em>ι</em></span> <span class='ocrx_word' id='word_1_360' title='bbox 166 2339 326 2386; x_wconf 52' lang='lat' dir='ltr'>nutritum</span> <span class='ocrx_word' id='word_1_361' title='bbox 349 2341 382 2372; x_wconf 92' lang='lat' dir='ltr'>in</span> <span class='ocrx_word' id='word_1_362' title='bbox 407 2341 573 2374; x_wconf 87' lang='lat' dir='ltr'>Casinensi</span> <span class='ocrx_word' id='word_1_363' title='bbox 599 2343 795 2374; x_wconf 86' lang='lat' dir='ltr'>Monasterio</span> <span class='ocrx_word' id='word_1_364' title='bbox 819 2343 985 2374; x_wconf 88' lang='lat' dir='ltr'>Thomam</span> <span class='ocrx_word' id='word_1_365' title='bbox 1009 2352 1158 2383; x_wconf 89' lang='lat' dir='ltr'>puerum,</span> <span class='ocrx_word' id='word_1_366' title='bbox 1179 2342 1211 2372; x_wconf 92' lang='lat' dir='ltr'>in</span> 
     </span>
     <span class='ocr_line' id='line_1_49' title="bbox 134 2387 1212 2429; baseline 0.002 -14"><span class='ocrx_word' id='word_1_367' title='bbox 134 2397 151 2415; x_wconf 66' lang='lat' dir='ltr'>n</span> <span class='ocrx_word' id='word_1_368' title='bbox 166 2392 251 2418; x_wconf 76' lang='lat' dir='ltr'>eum</span> <span class='ocrx_word' id='word_1_369' title='bbox 267 2395 344 2418; x_wconf 80' lang='lat' dir='ltr'>sane</span> <span class='ocrx_word' id='word_1_370' title='bbox 362 2387 511 2426; x_wconf 90' lang='lat' dir='ltr'>modum,</span> <span class='ocrx_word' id='word_1_371' title='bbox 526 2397 593 2429; x_wconf 92' lang='lat' dir='ltr'>quo</span> <span class='ocrx_word' id='word_1_372' title='bbox 616 2387 739 2419; x_wconf 89' lang='lat' dir='ltr'>nobiles</span> <span class='ocrx_word' id='word_1_373' title='bbox 753 2388 843 2429; x_wconf 89' lang='lat' dir='ltr'>pueri</span> <span class='ocrx_word' id='word_1_374' title='bbox 863 2388 994 2419; x_wconf 87' lang='lat' dir='ltr'>Maurus</span> <span class='ocrx_word' id='word_1_375' title='bbox 1010 2394 1040 2418; x_wconf 90' lang='lat' dir='ltr'>et</span> <span class='ocrx_word' id='word_1_376' title='bbox 1054 2387 1212 2425; x_wconf 79' lang='lat' dir='ltr'>Placidus,</span> 
     </span>
     <span class='ocr_line' id='line_1_50' title="bbox 136 2423 1213 2473; baseline -0.001 -11"><span class='ocrx_word' id='word_1_377' title='bbox 136 2423 170 2458; x_wconf 61' lang='lat'>»³</span> <span class='ocrx_word' id='word_1_378' title='bbox 197 2428 258 2463; x_wconf 79' lang='lat' dir='ltr'>uos</span> <span class='ocrx_word' id='word_1_379' title='bbox 288 2441 386 2462; x_wconf 88' lang='lat' dir='ltr'>nemo</span> <span class='ocrx_word' id='word_1_380' title='bbox 419 2439 513 2473; x_wconf 88' lang='lat' dir='ltr'>negat</span> <span class='ocrx_word' id='word_1_381' title='bbox 545 2433 605 2463; x_wconf 91' lang='lat' dir='ltr'>sub</span> <span class='ocrx_word' id='word_1_382' title='bbox 637 2432 813 2464; x_wconf 87' lang='lat' dir='ltr'>monastica</span> <span class='ocrx_word' id='word_1_383' title='bbox 843 2432 906 2463; x_wconf 90' lang='lat' dir='ltr'>divi</span> <span class='ocrx_word' id='word_1_384' title='bbox 937 2431 1098 2463; x_wconf 83' lang='lat' dir='ltr'>Benedicti</span> <span class='ocrx_word' id='word_1_385' title='bbox 1123 2431 1213 2462; x_wconf 88' lang='lat' dir='ltr'>disci-</span> 
     </span>
    </p>
   </div>
   <div class='ocr_carea' id='block_1_12' title="bbox 136 2470 1213 2564">
    <p class='ocr_par' dir='ltr' id='par_1_13' title="bbox 136 2470 1213 2564">
     <span class='ocr_line' id='line_1_51' title="bbox 136 2470 1213 2519; baseline 0 -13"><span class='ocrx_word' id='word_1_386' title='bbox 136 2480 196 2519; x_wconf 59' lang='lat' dir='ltr'>»tp</span> <span class='ocrx_word' id='word_1_387' title='bbox 242 2470 274 2506; x_wconf 68' lang='lat' dir='ltr'>as</span> <span class='ocrx_word' id='word_1_388' title='bbox 283 2474 354 2506; x_wconf 92' lang='lat' dir='ltr'>Deo</span> <span class='ocrx_word' id='word_1_389' title='bbox 386 2475 507 2508; x_wconf 90' lang='lat' dir='ltr'>dicatos</span> <span class='ocrx_word' id='word_1_390' title='bbox 538 2484 633 2519; x_wconf 87' lang='lat' dir='ltr'>atque</span> <span class='ocrx_word' id='word_1_391' title='bbox 657 2477 808 2514; x_wconf 88' lang='lat' dir='ltr'>devotos,</span> <span class='ocrx_word' id='word_1_392' title='bbox 834 2477 971 2517; x_wconf 84' lang='lat' dir='ltr'>primam</span> <span class='ocrx_word' id='word_1_393' title='bbox 995 2476 1059 2507; x_wconf 88' lang='lat' dir='ltr'>illic</span> <span class='ocrx_word' id='word_1_394' title='bbox 1078 2482 1213 2506; x_wconf 80' lang='lat' dir='ltr'>aetatem</span> 
     </span>
     <span class='ocr_line' id='line_1_52' title="bbox 137 2518 1213 2564; baseline -0.001 -12"><span class='ocrx_word' id='word_1_395' title='bbox 137 2532 152 2547; x_wconf 84' lang='lat'><strong>›</strong></span> <span class='ocrx_word' id='word_1_396' title='bbox 174 2518 324 2564; x_wconf 78' lang='lat' dir='ltr'>exegisse.</span> <span class='ocrx_word' id='word_1_397' title='bbox 347 2533 362 2547; x_wconf 78' lang='grc'>»</span> <span class='ocrx_word' id='word_1_398' title='bbox 398 2520 577 2552; x_wconf 83' lang='lat' dir='ltr'>Ptolomaei</span> <span class='ocrx_word' id='word_1_399' title='bbox 606 2521 758 2552; x_wconf 87' lang='lat' dir='ltr'>Lucensis</span> <span class='ocrx_word' id='word_1_400' title='bbox 782 2521 948 2553; x_wconf 87' lang='lat' dir='ltr'>historiam</span> <span class='ocrx_word' id='word_1_401' title='bbox 971 2520 1213 2552; x_wconf 87' lang='lat' dir='ltr'>ecclesiasticam</span> 
     </span>
    </p>
   </div>
   <div class='ocr_carea' id='block_1_13' title="bbox 83 2562 1214 2607">
    <p class='ocr_par' dir='ltr' id='par_1_14' title="bbox 83 2562 1214 2607">
     <span class='ocr_line' id='line_1_53' title="bbox 83 2562 1214 2607; baseline 0.001 -12"><span class='ocrx_word' id='word_1_402' title='bbox 83 2603 85 2607; x_wconf 95' lang='lat'>.</span> <span class='ocrx_word' id='word_1_403' title='bbox 134 2574 172 2596; x_wconf 84' lang='lat' dir='ltr'>ex</span> <span class='ocrx_word' id='word_1_404' title='bbox 200 2562 329 2596; x_wconf 73' lang='lat' dir='ltr'>duobus</span> <span class='ocrx_word' id='word_1_405' title='bbox 357 2574 432 2596; x_wconf 78' lang='lat' dir='ltr'>mss·</span> <span class='ocrx_word' id='word_1_406' title='bbox 464 2566 627 2597; x_wconf 91' lang='lat' dir='ltr'>codicibus</span> <span class='ocrx_word' id='word_1_407' title='bbox 660 2566 875 2598; x_wconf 83' lang='lat' dir='ltr'>Ambrosiano</span> <span class='ocrx_word' id='word_1_408' title='bbox 905 2573 936 2597; x_wconf 90' lang='lat' dir='ltr'>et</span> <span class='ocrx_word' id='word_1_409' title='bbox 963 2565 1116 2597; x_wconf 73' lang='lat' dir='ltr'>patavino</span> <span class='ocrx_word' id='word_1_410' title='bbox 1146 2565 1214 2596; x_wconf 91' lang='lat' dir='ltr'>vul-</span> 
     </span>
    </p>
   </div>
   <div class='ocr_carea' id='block_1_14' title="bbox 133 2604 1218 3543">
    <p class='ocr_par' dir='ltr' id='par_1_15' title="bbox 133 2604 1216 3011">
     <span class='ocr_line' id='line_1_54' title="bbox 133 2604 1214 2653; baseline 0 -13"><span class='ocrx_word' id='word_1_411' title='bbox 133 2604 220 2651; x_wconf 45' lang='lat' dir='ltr'>gabit</span> <span class='ocrx_word' id='word_1_412' title='bbox 240 2608 444 2641; x_wconf 86' lang='lat' dir='ltr'>&#39;doctissimus</span> <span class='ocrx_word' id='word_1_413' title='bbox 468 2610 662 2642; x_wconf 90' lang='lat' dir='ltr'>Muratorius</span> <span class='ocrx_word' id='word_1_414' title='bbox 686 2621 771 2642; x_wconf 88' lang='lat' dir='ltr'>anno</span> <span class='ocrx_word' id='word_1_415' title='bbox 802 2621 895 2653; x_wconf 82' lang='lat'>1727,</span> <span class='ocrx_word' id='word_1_416' title='bbox 920 2611 1001 2642; x_wconf 89' lang='lat' dir='ltr'>inter</span> <span class='ocrx_word' id='word_1_417' title='bbox 1024 2620 1131 2641; x_wconf 88' lang='lat' dir='ltr'>rerum</span> <span class='ocrx_word' id='word_1_418' title='bbox 1155 2610 1214 2641; x_wconf 88' lang='lat' dir='ltr'>Ita-</span> 
     </span>
     <span class='ocr_line' id='line_1_55' title="bbox 133 2651 1214 2696; baseline 0 -11"><span class='ocrx_word' id='word_1_419' title='bbox 133 2651 268 2686; x_wconf 72' lang='lat' dir='ltr'>licarum</span> <span class='ocrx_word' id='word_1_420' title='bbox 298 2653 466 2696; x_wconf 88' lang='lat' dir='ltr'>scriptores</span> <span class='ocrx_word' id='word_1_421' title='bbox 495 2661 586 2686; x_wconf 93' lang='lat' dir='ltr'>tomo</span> <span class='ocrx_word' id='word_1_422' title='bbox 610 2656 664 2687; x_wconf 88' lang='lat' dir='ltr'>XI.</span> <span class='ocrx_word' id='word_1_423' title='bbox 697 2656 788 2694; x_wconf 88' lang='lat' dir='ltr'>Quae</span> <span class='ocrx_word' id='word_1_424' title='bbox 818 2656 911 2687; x_wconf 86' lang='lat' dir='ltr'>verba</span> <span class='ocrx_word' id='word_1_425' title='bbox 942 2655 1062 2696; x_wconf 78' lang='lat' dir='ltr'>profert</span> <span class='ocrx_word' id='word_1_426' title='bbox 1086 2655 1214 2696; x_wconf 90' lang='lat' dir='ltr'>Disqui-</span> 
     </span>
     <span class='ocr_line' id='line_1_56' title="bbox 135 2688 1214 2752; baseline 0 -22"><span class='ocrx_word' id='word_1_427' title='bbox 135 2688 231 2752; x_wconf 59' lang='lat' dir='ltr'>sithi,</span> <span class='ocrx_word' id='word_1_428' title='bbox 261 2697 418 2730; x_wconf 87' lang='lat' dir='ltr'>habentur</span> <span class='ocrx_word' id='word_1_429' title='bbox 449 2699 532 2731; x_wconf 89' lang='lat' dir='ltr'>citati</span> <span class='ocrx_word' id='word_1_430' title='bbox 563 2700 634 2731; x_wconf 90' lang='lat' dir='ltr'>libri</span> <span class='ocrx_word' id='word_1_431' title='bbox 657 2701 744 2732; x_wconf 90' lang='lat' dir='ltr'>XXII</span> <span class='ocrx_word' id='word_1_432' title='bbox 779 2701 880 2741; x_wconf 88' lang='lat' dir='ltr'>capite</span> <span class='ocrx_word' id='word_1_433' title='bbox 912 2700 1074 2732; x_wconf 89' lang='lat' dir='ltr'>vicesimo.</span> <span class='ocrx_word' id='word_1_434' title='bbox 1106 2699 1214 2730; x_wconf 90' lang='lat' dir='ltr'>Minus</span> 
     </span>
     <span class='ocr_line' id='line_1_57' title="bbox 134 2742 1214 2787; baseline 0.001 -13"><span class='ocrx_word' id='word_1_435' title='bbox 134 2742 211 2776; x_wconf 74' lang='lat' dir='ltr'>vero</span> <span class='ocrx_word' id='word_1_436' title='bbox 234 2750 378 2775; x_wconf 80' lang='lat' dir='ltr'>accurate</span> <span class='ocrx_word' id='word_1_437' title='bbox 401 2743 534 2783; x_wconf 79' lang='lat' dir='ltr'>dictum,</span> <span class='ocrx_word' id='word_1_438' title='bbox 550 2745 777 2776; x_wconf 86' lang='lat' dir='ltr'>Ptolomaeum</span> <span class='ocrx_word' id='word_1_439' title='bbox 797 2756 860 2776; x_wconf 87' lang='lat' dir='ltr'>non</span> <span class='ocrx_word' id='word_1_440' title='bbox 881 2746 980 2787; x_wconf 79' lang='lat' dir='ltr'>longo</span> <span class='ocrx_word' id='word_1_441' title='bbox 1003 2746 1094 2786; x_wconf 82' lang='lat' dir='ltr'>sequi</span> <span class='ocrx_word' id='word_1_442' title='bbox 1117 2745 1214 2775; x_wconf 87' lang='lat' dir='ltr'>inter-</span> 
     </span>
     <span class='ocr_line' id='line_1_58' title="bbox 135 2782 1215 2831; baseline 0.001 -12"><span class='ocrx_word' id='word_1_443' title='bbox 135 2782 223 2830; x_wconf 72' lang='lat' dir='ltr'>vallo</span> <span class='ocrx_word' id='word_1_444' title='bbox 241 2787 454 2820; x_wconf 80' lang='lat' dir='ltr'>Guinelmum</span> <span class='ocrx_word' id='word_1_445' title='bbox 473 2789 512 2820; x_wconf 92' lang='lat' dir='ltr'>de</span> <span class='ocrx_word' id='word_1_446' title='bbox 527 2789 657 2821; x_wconf 85' lang='lat' dir='ltr'>Tocco:</span> <span class='ocrx_word' id='word_1_447' title='bbox 679 2789 730 2821; x_wconf 91' lang='lat' dir='ltr'>cui</span> <span class='ocrx_word' id='word_1_448' title='bbox 750 2789 858 2831; x_wconf 90' lang='lat' dir='ltr'>potius</span> <span class='ocrx_word' id='word_1_449' title='bbox 877 2790 945 2830; x_wconf 89' lang='lat' dir='ltr'>ipse</span> <span class='ocrx_word' id='word_1_450' title='bbox 965 2789 1215 2831; x_wconf 86' lang='lat' dir='ltr'>praemittendus</span> 
     </span>
     <span class='ocr_line' id='line_1_59' title="bbox 136 2828 1215 2874; baseline 0.001 -10"><span class='ocrx_word' id='word_1_451' title='bbox 136 2828 247 2865; x_wconf 63' lang='lat' dir='ltr'>fuerat.</span> <span class='ocrx_word' id='word_1_452' title='bbox 272 2832 348 2864; x_wconf 90' lang='lat' dir='ltr'>Non</span> <span class='ocrx_word' id='word_1_453' title='bbox 372 2833 454 2864; x_wconf 86' lang='lat' dir='ltr'>libro</span> <span class='ocrx_word' id='word_1_454' title='bbox 478 2834 583 2874; x_wconf 88' lang='lat' dir='ltr'>XXII,</span> <span class='ocrx_word' id='word_1_455' title='bbox 609 2835 663 2865; x_wconf 93' lang='lat' dir='ltr'>sed</span> <span class='ocrx_word' id='word_1_456' title='bbox 683 2835 785 2866; x_wconf 90' lang='lat' dir='ltr'>XXIII</span> <span class='ocrx_word' id='word_1_457' title='bbox 810 2835 970 2866; x_wconf 86' lang='lat' dir='ltr'>Historiae</span> <span class='ocrx_word' id='word_1_458' title='bbox 989 2834 1215 2866; x_wconf 84' lang='lat' dir='ltr'>ecclesiasticae</span> 
     </span>
     <span class='ocr_line' id='line_1_60' title="bbox 134 2871 1216 2923; baseline 0.001 -14"><span class='ocrx_word' id='word_1_459' title='bbox 134 2871 268 2923; x_wconf 58' lang='lat' dir='ltr'>tetstatur</span> <span class='ocrx_word' id='word_1_460' title='bbox 295 2872 348 2909; x_wconf 71' lang='lat' dir='ltr'>ille</span> <span class='ocrx_word' id='word_1_461' title='bbox 378 2878 480 2920; x_wconf 87' lang='lat' dir='ltr'>capite</span> <span class='ocrx_word' id='word_1_462' title='bbox 510 2887 581 2910; x_wconf 86' lang='lat' dir='ltr'>vm:</span> <span class='ocrx_word' id='word_1_463' title='bbox 611 2879 651 2910; x_wconf 88' lang='lat' dir='ltr'>Se</span> <span class='ocrx_word' id='word_1_464' title='bbox 673 2879 906 2921; x_wconf 87' lang='lat' dir='ltr'>consessionem</span> <span class='ocrx_word' id='word_1_465' title='bbox 936 2879 1084 2910; x_wconf 88' lang='lat' dir='ltr'>Doctoris</span> <span class='ocrx_word' id='word_1_466' title='bbox 1115 2879 1216 2910; x_wconf 88' lang='lat' dir='ltr'>nostri</span> 
     </span>
     <span class='ocr_line' id='line_1_61' title="bbox 135 2916 1214 2972; baseline 0.001 -19"><span class='ocrx_word' id='word_1_467' title='bbox 135 2916 266 2972; x_wconf 62' lang='lat' dir='ltr'>sdepijts</span> <span class='ocrx_word' id='word_1_468' title='bbox 287 2922 468 2961; x_wconf 85' lang='lat' dir='ltr'>audivisse,</span> <span class='ocrx_word' id='word_1_469' title='bbox 483 2933 580 2959; x_wconf 37' lang='lat' dir='ltr'>cum,</span> <span class='ocrx_word' id='word_1_470' title='bbox 595 2925 663 2965; x_wconf 88' lang='lat' dir='ltr'>ipso</span> <span class='ocrx_word' id='word_1_471' title='bbox 702 2925 802 2955; x_wconf 90' lang='lat' dir='ltr'>multo</span> <span class='ocrx_word' id='word_1_472' title='bbox 825 2930 968 2966; x_wconf 84' lang='lat' dir='ltr'>tempore</span> <span class='ocrx_word' id='word_1_473' title='bbox 990 2930 1214 2955; x_wconf 86' lang='lat' dir='ltr'>conversatum</span> 
     </span>
     <span class='ocr_line' id='line_1_62' title="bbox 137 2963 1114 3011; baseline 0.003 -14"><span class='ocrx_word' id='word_1_474' title='bbox 137 2963 390 3011; x_wconf 42' lang='lat' dir='ltr'>essdffmiliari</span> <span class='ocrx_word' id='word_1_475' title='bbox 411 2969 588 3000; x_wconf 86' lang='lat' dir='ltr'>ministerio</span> <span class='ocrx_word' id='word_1_476' title='bbox 611 2979 652 3000; x_wconf 88' lang='lat' dir='ltr'>ac</span> <span class='ocrx_word' id='word_1_477' title='bbox 675 2970 775 3010; x_wconf 87' lang='lat' dir='ltr'>ipsius</span> <span class='ocrx_word' id='word_1_478' title='bbox 797 2969 978 3000; x_wconf 84' lang='lat' dir='ltr'>auditorem</span> <span class='ocrx_word' id='word_1_479' title='bbox 993 2968 1114 3010; x_wconf 88' lang='lat' dir='ltr'>fuisse.</span> 
     </span>
    </p>

    <p class='ocr_par' dir='ltr' id='par_1_16' title="bbox 141 3006 1218 3543">
     <span class='ocr_line' id='line_1_63' title="bbox 189 3006 1215 3055; baseline 0.002 -13"><span class='ocrx_word' id='word_1_480' title='bbox 189 3012 224 3039; x_wconf 54' lang='lat' dir='ltr'>“iz</span> <span class='ocrx_word' id='word_1_481' title='bbox 245 3006 440 3052; x_wconf 73' lang='lat' dir='ltr'>suffragatur</span> <span class='ocrx_word' id='word_1_482' title='bbox 459 3023 482 3043; x_wconf 89' lang='lat' dir='ltr'>s.</span> <span class='ocrx_word' id='word_1_483' title='bbox 499 3013 695 3052; x_wconf 88' lang='lat' dir='ltr'>Antoninus,</span> <span class='ocrx_word' id='word_1_484' title='bbox 711 3013 980 3055; x_wconf 85' lang='lat' dir='ltr'>Archiepiscopus</span> <span class='ocrx_word' id='word_1_485' title='bbox 999 3014 1215 3052; x_wconf 68' lang='lat' dir='ltr'>Florentium,</span> 
     </span>
     <span class='ocr_line' id='line_1_64' title="bbox 141 3054 1216 3099; baseline 0.004 -14"><span class='ocrx_word' id='word_1_486' title='bbox 141 3067 156 3082; x_wconf 85' lang='lat'><strong>›</strong></span> <span class='ocrx_word' id='word_1_487' title='bbox 178 3054 269 3086; x_wconf 81' lang='lat' dir='ltr'>tertia</span> <span class='ocrx_word' id='word_1_488' title='bbox 290 3062 379 3097; x_wconf 84' lang='lat' dir='ltr'>parte</span> <span class='ocrx_word' id='word_1_489' title='bbox 405 3056 568 3095; x_wconf 85' lang='lat' dir='ltr'>Chronici,</span> <span class='ocrx_word' id='word_1_490' title='bbox 593 3058 687 3089; x_wconf 89' lang='lat' dir='ltr'>titulo</span> <span class='ocrx_word' id='word_1_491' title='bbox 706 3068 797 3096; x_wconf 84' lang='lat' dir='ltr'>xxm,</span> <span class='ocrx_word' id='word_1_492' title='bbox 822 3069 848 3089; x_wconf 89' lang='lat' dir='ltr'>c.</span> <span class='ocrx_word' id='word_1_493' title='bbox 869 3069 923 3097; x_wconf 86' lang='lat' dir='ltr'>vn,</span> <span class='ocrx_word' id='word_1_494' title='bbox 942 3058 970 3099; x_wconf 66' lang='grc' dir='ltr'>ξ.</span> <span class='ocrx_word' id='word_1_495' title='bbox 991 3066 1016 3089; x_wconf 87' lang='lat'>1:</span> <span class='ocrx_word' id='word_1_496' title='bbox 1040 3058 1216 3099; x_wconf 87' lang='lat' dir='ltr'>Completo,</span> 
     </span>
     <span class='ocr_line' id='line_1_65' title="bbox 142 3098 1216 3144; baseline 0.007 -16"><span class='ocrx_word' id='word_1_497' title='bbox 142 3112 157 3127; x_wconf 87' lang='lat'><strong>»</strong></span> <span class='ocrx_word' id='word_1_498' title='bbox 179 3098 296 3140; x_wconf 89' lang='lat' dir='ltr'>inquit,</span> <span class='ocrx_word' id='word_1_499' title='bbox 319 3101 436 3133; x_wconf 81' lang='lat' dir='ltr'>aetatis</span> <span class='ocrx_word' id='word_1_500' title='bbox 453 3111 534 3132; x_wconf 88' lang='lat' dir='ltr'>suae</span> <span class='ocrx_word' id='word_1_501' title='bbox 556 3104 786 3144; x_wconf 79' lang='lat' dir='ltr'>quinquennio,</span> <span class='ocrx_word' id='word_1_502' title='bbox 806 3108 962 3144; x_wconf 87' lang='lat' dir='ltr'>parentes</span> <span class='ocrx_word' id='word_1_503' title='bbox 985 3104 1055 3134; x_wconf 86' lang='lat' dir='ltr'>eius</span> <span class='ocrx_word' id='word_1_504' title='bbox 1073 3103 1216 3134; x_wconf 89' lang='lat' dir='ltr'>Puerum</span> 
     </span>
     <span class='ocr_line' id='line_1_66' title="bbox 142 3143 1216 3188; baseline 0.006 -15"><span class='ocrx_word' id='word_1_505' title='bbox 142 3157 156 3172; x_wconf 66' lang='lat'>12</span> <span class='ocrx_word' id='word_1_506' title='bbox 178 3143 250 3174; x_wconf 88' lang='lat' dir='ltr'>Deo</span> <span class='ocrx_word' id='word_1_507' title='bbox 273 3143 417 3184; x_wconf 82' lang='lat' dir='ltr'>offerunt</span> <span class='ocrx_word' id='word_1_508' title='bbox 423 3152 437 3182; x_wconf 89' lang='lat'>‚·</span> <span class='ocrx_word' id='word_1_509' title='bbox 460 3151 491 3176; x_wconf 89' lang='lat' dir='ltr'>et</span> <span class='ocrx_word' id='word_1_510' title='bbox 513 3156 586 3177; x_wconf 88' lang='lat' dir='ltr'>cum</span> <span class='ocrx_word' id='word_1_511' title='bbox 616 3147 743 3178; x_wconf 88' lang='lat' dir='ltr'>decenti</span> <span class='ocrx_word' id='word_1_512' title='bbox 774 3148 945 3185; x_wconf 86' lang='lat' dir='ltr'>comitatu,</span> <span class='ocrx_word' id='word_1_513' title='bbox 978 3153 1142 3188; x_wconf 84' lang='lat' dir='ltr'>tamquam</span> <span class='ocrx_word' id='word_1_514' title='bbox 1167 3147 1216 3178; x_wconf 94' lang='lat' dir='ltr'>al-</span> 
     </span>
     <span class='ocr_line' id='line_1_67' title="bbox 142 3188 1216 3229; baseline 0.005 -11"><span class='ocrx_word' id='word_1_515' title='bbox 142 3202 157 3216; x_wconf 71' lang='lat'>»</span> <span class='ocrx_word' id='word_1_516' title='bbox 179 3193 284 3219; x_wconf 86' lang='lat' dir='ltr'>terum</span> <span class='ocrx_word' id='word_1_517' title='bbox 307 3188 489 3220; x_wconf 87' lang='lat' dir='ltr'>Samuelem</span> <span class='ocrx_word' id='word_1_518' title='bbox 511 3191 555 3221; x_wconf 87' lang='lat' dir='ltr'>ad</span> <span class='ocrx_word' id='word_1_519' title='bbox 574 3191 664 3229; x_wconf 86' lang='lat' dir='ltr'>Heli,</span> <span class='ocrx_word' id='word_1_520' title='bbox 687 3192 732 3223; x_wconf 83' lang='lat' dir='ltr'>ad</span> <span class='ocrx_word' id='word_1_521' title='bbox 751 3193 988 3223; x_wconf 87' lang='lat' dir='ltr'>Monasterium</span> <span class='ocrx_word' id='word_1_522' title='bbox 1010 3193 1134 3223; x_wconf 90' lang='lat' dir='ltr'>Montis</span> <span class='ocrx_word' id='word_1_523' title='bbox 1153 3192 1216 3223; x_wconf 89' lang='lat' dir='ltr'>Ca-</span> 
     </span>
     <span class='ocr_line' id='line_1_68' title="bbox 143 3232 1218 3275; baseline 0.005 -13"><span class='ocrx_word' id='word_1_524' title='bbox 143 3246 158 3260; x_wconf 82' lang='lat'><strong>»</strong></span> <span class='ocrx_word' id='word_1_525' title='bbox 179 3234 244 3264; x_wconf 86' lang='lat' dir='ltr'>sini</span> <span class='ocrx_word' id='word_1_526' title='bbox 267 3243 310 3263; x_wconf 89' lang='lat' dir='ltr'>ex</span> <span class='ocrx_word' id='word_1_527' title='bbox 335 3232 460 3264; x_wconf 85' lang='lat' dir='ltr'>Ordine</span> <span class='ocrx_word' id='word_1_528' title='bbox 481 3244 507 3265; x_wconf 90' lang='lat' dir='ltr'>s.</span> <span class='ocrx_word' id='word_1_529' title='bbox 526 3235 694 3267; x_wconf 85' lang='lat' dir='ltr'>Benedicti</span> <span class='ocrx_word' id='word_1_530' title='bbox 712 3237 860 3275; x_wconf 86' lang='lat' dir='ltr'>mittunt,</span> <span class='ocrx_word' id='word_1_531' title='bbox 882 3237 1025 3269; x_wconf 84' lang='lat' dir='ltr'>moribus</span> <span class='ocrx_word' id='word_1_532' title='bbox 1048 3242 1079 3268; x_wconf 90' lang='lat' dir='ltr'>et</span> <span class='ocrx_word' id='word_1_533' title='bbox 1102 3237 1218 3268; x_wconf 85' lang='lat' dir='ltr'>litteris</span> 
     </span>
     <span class='ocr_line' id='line_1_69' title="bbox 142 3277 1217 3322; baseline 0.005 -15"><span class='ocrx_word' id='word_1_534' title='bbox 142 3290 157 3305; x_wconf 78' lang='lat'><strong>»</strong></span> <span class='ocrx_word' id='word_1_535' title='bbox 181 3277 407 3315; x_wconf 85' lang='lat' dir='ltr'>imbuendum;</span> <span class='ocrx_word' id='word_1_536' title='bbox 426 3288 467 3309; x_wconf 89' lang='lat' dir='ltr'>ne</span> <span class='ocrx_word' id='word_1_537' title='bbox 489 3284 555 3310; x_wconf 89' lang='lat' dir='ltr'>tam</span> <span class='ocrx_word' id='word_1_538' title='bbox 573 3279 786 3321; x_wconf 86' lang='lat' dir='ltr'>praeclarum</span> <span class='ocrx_word' id='word_1_539' title='bbox 802 3282 887 3312; x_wconf 86' lang='lat' dir='ltr'>vitae</span> <span class='ocrx_word' id='word_1_540' title='bbox 899 3282 1064 3322; x_wconf 79' lang='lat' dir='ltr'>speculum</span> <span class='ocrx_word' id='word_1_541' title='bbox 1085 3291 1217 3312; x_wconf 83' lang='lat' dir='ltr'>conver-</span> 
     </span>
     <span class='ocr_line' id='line_1_70' title="bbox 143 3322 1217 3366; baseline 0.005 -14"><span class='ocrx_word' id='word_1_542' title='bbox 143 3334 158 3350; x_wconf 82' lang='lat'><strong>»</strong></span> <span class='ocrx_word' id='word_1_543' title='bbox 179 3323 263 3353; x_wconf 82' lang='lat' dir='ltr'>satio</span> <span class='ocrx_word' id='word_1_544' title='bbox 285 3322 467 3354; x_wconf 83' lang='lat' dir='ltr'>saecularis</span> <span class='ocrx_word' id='word_1_545' title='bbox 489 3323 677 3365; x_wconf 83' lang='lat' dir='ltr'>aliqualiter</span> <span class='ocrx_word' id='word_1_546' title='bbox 699 3325 844 3366; x_wconf 84' lang='lat' dir='ltr'>injiceret</span> <span class='ocrx_word' id='word_1_547' title='bbox 862 3336 934 3357; x_wconf 87' lang='lat' dir='ltr'>cum</span> <span class='ocrx_word' id='word_1_548' title='bbox 959 3326 1143 3357; x_wconf 85' lang='lat' dir='ltr'>mundanis.</span> <span class='ocrx_word' id='word_1_549' title='bbox 1166 3326 1217 3356; x_wconf 91' lang='lat' dir='ltr'>En</span> 
     </span>
     <span class='ocr_line' id='line_1_71' title="bbox 143 3366 1217 3409; baseline 0.004 -12"><span class='ocrx_word' id='word_1_550' title='bbox 143 3380 158 3395; x_wconf 83' lang='lat'><strong>»</strong></span> <span class='ocrx_word' id='word_1_551' title='bbox 180 3366 237 3398; x_wconf 90' lang='lat' dir='ltr'>tibi</span> <span class='ocrx_word' id='word_1_552' title='bbox 255 3367 371 3408; x_wconf 87' lang='lat' dir='ltr'>pariter</span> <span class='ocrx_word' id='word_1_553' title='bbox 390 3367 430 3397; x_wconf 85' lang='lat' dir='ltr'>ad</span> <span class='ocrx_word' id='word_1_554' title='bbox 449 3367 622 3399; x_wconf 85' lang='lat' dir='ltr'>casinense</span> <span class='ocrx_word' id='word_1_555' title='bbox 641 3369 872 3401; x_wconf 88' lang='lat' dir='ltr'>Monasterium</span> <span class='ocrx_word' id='word_1_556' title='bbox 891 3370 1027 3401; x_wconf 90' lang='lat' dir='ltr'>missum</span> <span class='ocrx_word' id='word_1_557' title='bbox 1041 3370 1217 3409; x_wconf 80' lang='lat' dir='ltr'>Thomam,</span> 
     </span>
     <span class='ocr_line' id='line_1_72' title="bbox 142 3411 1217 3455; baseline 0.006 -16"><span class='ocrx_word' id='word_1_558' title='bbox 142 3425 157 3439; x_wconf 82' lang='lat'>›</span> <span class='ocrx_word' id='word_1_559' title='bbox 184 3421 252 3444; x_wconf 88' lang='lat' dir='ltr'>non</span> <span class='ocrx_word' id='word_1_560' title='bbox 272 3411 399 3442; x_wconf 87' lang='lat' dir='ltr'>saeculo</span> <span class='ocrx_word' id='word_1_561' title='bbox 419 3412 609 3454; x_wconf 89' lang='lat' dir='ltr'>mundoque</span> <span class='ocrx_word' id='word_1_562' title='bbox 633 3413 789 3453; x_wconf 91' lang='lat' dir='ltr'>relictum,</span> <span class='ocrx_word' id='word_1_563' title='bbox 814 3415 870 3445; x_wconf 88' lang='lat' dir='ltr'>sed</span> <span class='ocrx_word' id='word_1_564' title='bbox 893 3414 1039 3445; x_wconf 86' lang='lat' dir='ltr'>oblatum</span> <span class='ocrx_word' id='word_1_565' title='bbox 1061 3414 1143 3452; x_wconf 90' lang='lat' dir='ltr'>Deo,</span> <span class='ocrx_word' id='word_1_566' title='bbox 1163 3424 1217 3455; x_wconf 90' lang='lat' dir='ltr'>pe-</span> 
     </span>
     <span class='ocr_line' id='line_1_73' title="bbox 143 3455 1218 3498; baseline 0.004 -14"><span class='ocrx_word' id='word_1_567' title='bbox 143 3469 158 3484; x_wconf 79' lang='lat'><strong>»</strong></span> <span class='ocrx_word' id='word_1_568' title='bbox 180 3455 270 3488; x_wconf 83' lang='lat' dir='ltr'>rinde</span> <span class='ocrx_word' id='word_1_569' title='bbox 289 3466 325 3487; x_wconf 90' lang='lat' dir='ltr'>ac</span> <span class='ocrx_word' id='word_1_570' title='bbox 344 3456 538 3495; x_wconf 89' lang='lat' dir='ltr'>Samuelem,</span> <span class='ocrx_word' id='word_1_571' title='bbox 559 3467 658 3498; x_wconf 89' lang='lat' dir='ltr'>quem</span> <span class='ocrx_word' id='word_1_572' title='bbox 675 3458 730 3498; x_wconf 92' lang='lat' dir='ltr'>pia</span> <span class='ocrx_word' id='word_1_573' title='bbox 748 3465 848 3489; x_wconf 89' lang='lat' dir='ltr'>mater</span> <span class='ocrx_word' id='word_1_574' title='bbox 867 3458 1005 3489; x_wconf 89' lang='lat' dir='ltr'>necdum</span> <span class='ocrx_word' id='word_1_575' title='bbox 1025 3465 1218 3498; x_wconf 88' lang='lat' dir='ltr'>conceptum</span> 
     </span>
     <span class='ocr_line' id='line_1_74' title="bbox 143 3501 753 3543; baseline 0.002 -11"><span class='ocrx_word' id='word_1_576' title='bbox 143 3514 157 3528; x_wconf 85' lang='lat'><strong>»</strong></span> <span class='ocrx_word' id='word_1_577' title='bbox 180 3501 251 3532; x_wconf 90' lang='lat' dir='ltr'>Deo</span> <span class='ocrx_word' id='word_1_578' title='bbox 274 3508 404 3532; x_wconf 89' lang='lat' dir='ltr'>voverat</span> <span class='ocrx_word' id='word_1_579' title='bbox 427 3508 522 3543; x_wconf 88' lang='lat' dir='ltr'>atque</span> <span class='ocrx_word' id='word_1_580' title='bbox 546 3501 714 3534; x_wconf 87' lang='lat' dir='ltr'>addixerat.</span> <span class='ocrx_word' id='word_1_581' title='bbox 739 3515 753 3529; x_wconf 78' lang='lat'><strong>»</strong></span> 
     </span>
    </p>
   </div>
   <div class='ocr_carea' id='block_1_15' title="bbox 207 3534 1227 3584">
    <p class='ocr_par' dir='ltr' id='par_1_17' title="bbox 207 3534 1227 3584">
     <span class='ocr_line' id='line_1_75' title="bbox 207 3534 1227 3584; baseline 0.001 -8"><span class='ocrx_word' id='word_1_582' title='bbox 207 3544 268 3576; x_wconf 87' lang='lat' dir='ltr'>His</span> <span class='ocrx_word' id='word_1_583' title='bbox 299 3545 387 3577; x_wconf 85' lang='lat' dir='ltr'>addit</span> <span class='ocrx_word' id='word_1_584' title='bbox 419 3552 564 3577; x_wconf 87' lang='lat' dir='ltr'>extranea</span> <span class='ocrx_word' id='word_1_585' title='bbox 596 3546 778 3577; x_wconf 86' lang='lat' dir='ltr'>testimonia</span> <span class='ocrx_word' id='word_1_586' title='bbox 806 3546 891 3584; x_wconf 90' lang='lat' dir='ltr'>duo,</span> <span class='ocrx_word' id='word_1_587' title='bbox 918 3546 1155 3577; x_wconf 88' lang='lat' dir='ltr'>Bartholomaei</span> <span class='ocrx_word' id='word_1_588' title='bbox 1179 3534 1227 3576; x_wconf 39' lang='lat' dir='ltr'>de*</span> 
     </span>
    </p>
   </div>
   <div class='ocr_carea' id='block_1_16' title="bbox 142 3590 1218 3676">
    <p class='ocr_par' dir='ltr' id='par_1_18' title="bbox 142 3590 1218 3676">
     <span class='ocr_line' id='line_1_76' title="bbox 143 3590 1218 3631; baseline 0 -11"><span class='ocrx_word' id='word_1_589' title='bbox 143 3590 267 3630; x_wconf 87' lang='lat' dir='ltr'>Capua,</span> <span class='ocrx_word' id='word_1_590' title='bbox 286 3590 485 3630; x_wconf 86' lang='lat' dir='ltr'>Logothetae</span> <span class='ocrx_word' id='word_1_591' title='bbox 504 3598 535 3621; x_wconf 93' lang='lat' dir='ltr'>et</span> <span class='ocrx_word' id='word_1_592' title='bbox 553 3590 767 3622; x_wconf 89' lang='lat' dir='ltr'>Protonotarii</span> <span class='ocrx_word' id='word_1_593' title='bbox 791 3591 893 3631; x_wconf 89' lang='lat' dir='ltr'>Regni</span> <span class='ocrx_word' id='word_1_594' title='bbox 912 3590 1049 3628; x_wconf 86' lang='lat' dir='ltr'>Siciliae,</span> <span class='ocrx_word' id='word_1_595' title='bbox 1069 3600 1106 3621; x_wconf 90' lang='lat' dir='ltr'>ac</span> <span class='ocrx_word' id='word_1_596' title='bbox 1124 3590 1218 3629; x_wconf 86' lang='lat' dir='ltr'>Boni,</span> 
     </span>
     <span class='ocr_line' id='line_1_77' title="bbox 142 3633 1217 3676; baseline 0 -11"><span class='ocrx_word' id='word_1_597' title='bbox 142 3633 271 3665; x_wconf 87' lang='lat' dir='ltr'>solitarii</span> <span class='ocrx_word' id='word_1_598' title='bbox 295 3634 480 3675; x_wconf 89' lang='lat' dir='ltr'>cuiusdam,</span> <span class='ocrx_word' id='word_1_599' title='bbox 500 3635 556 3676; x_wconf 92' lang='lat' dir='ltr'>qui</span> <span class='ocrx_word' id='word_1_600' title='bbox 571 3635 712 3666; x_wconf 84' lang='lat' dir='ltr'>faustum</span> <span class='ocrx_word' id='word_1_601' title='bbox 727 3635 918 3667; x_wconf 89' lang='lat' dir='ltr'>Theodorae</span> <span class='ocrx_word' id='word_1_602' title='bbox 938 3635 1128 3667; x_wconf 85' lang='lat' dir='ltr'>Comitissae</span> <span class='ocrx_word' id='word_1_603' title='bbox 1143 3645 1217 3675; x_wconf 89' lang='lat' dir='ltr'>pro-</span> 
     </span>
    </p>
   </div>
   <div class='ocr_carea' id='block_1_17' title="bbox 286 3699 626 3732">
    <p class='ocr_par' dir='ltr' id='par_1_19' title="bbox 286 3699 626 3732">
     <span class='ocr_line' id='line_1_78' title="bbox 286 3699 626 3732; baseline 0 -8"><span class='ocrx_word' id='word_1_604' title='bbox 286 3700 357 3732; x_wconf 91' lang='lat' dir='ltr'>Opp.</span> <span class='ocrx_word' id='word_1_605' title='bbox 377 3699 408 3724; x_wconf 91' lang='lat' dir='ltr'>D.</span> <span class='ocrx_word' id='word_1_606' title='bbox 427 3699 543 3724; x_wconf 71' lang='lat' dir='ltr'>Tuoma</span> <span class='ocrx_word' id='word_1_607' title='bbox 562 3700 593 3725; x_wconf 84' lang='lat' dir='ltr'>T.</span> <span class='ocrx_word' id='word_1_608' title='bbox 610 3701 626 3724; x_wconf 95' lang='grc' dir='ltr'>Ι.</span> 
     </span>
    </p>
   </div>
   <div class='ocr_carea' id='block_1_18' title="bbox 1235 337 1241 1361">
    <p class='ocr_par' dir='ltr' id='par_1_20' title="bbox 1235 337 1241 1361">
     <span class='ocr_line' id='line_1_79' title="bbox 1235 337 1241 1361; baseline 0 0"><span class='ocrx_word' id='word_1_609' title='bbox 1235 337 1241 1361; x_wconf 95' lang='lat' dir='ltr'> </span> 
     </span>
    </p>
   </div>
   <div class='ocr_carea' id='block_1_19' title="bbox 1236 1773 1242 2503">
    <p class='ocr_par' dir='ltr' id='par_1_21' title="bbox 1236 1773 1242 2503">
     <span class='ocr_line' id='line_1_80' title="bbox 1236 1773 1242 2503; baseline 0 0"><span class='ocrx_word' id='word_1_610' title='bbox 1236 1773 1242 2503; x_wconf 95' lang='lat' dir='ltr'> </span> 
     </span>
    </p>
   </div>
   <div class='ocr_carea' id='block_1_20' title="bbox 864 249 2347 296">
    <p class='ocr_par' dir='ltr' id='par_1_22' title="bbox 864 249 2347 296">
     <span class='ocr_line' id='line_1_81' title="bbox 864 249 2347 296; baseline 0.003 -10"><span class='ocrx_word' id='word_1_611' title='bbox 864 251 917 286; x_wconf 88' lang='grc' dir='ltr'>ΙΝ</span> <span class='ocrx_word' id='word_1_612' title='bbox 950 251 987 286; x_wconf 88' lang='lat' dir='ltr'>S.</span> <span class='ocrx_word' id='word_1_613' title='bbox 1010 249 1257 286; x_wconf 89' lang='lat' dir='ltr'>THOMAM</span> <span class='ocrx_word' id='word_1_614' title='bbox 1286 249 1611 296; x_wconf 89' lang='lat' dir='ltr'>AQUINATEM</span> <span class='ocrx_word' id='word_1_615' title='bbox 2275 266 2347 291; x_wconf 80' lang='lat' dir='ltr'>Lv11</span> 
     </span>
    </p>
   </div>
   <div class='ocr_carea' id='block_1_21' title="bbox 1256 326 2385 3675">
    <p class='ocr_par' dir='ltr' id='par_1_23' title="bbox 1265 326 2347 947">
     <span class='ocr_line' id='line_1_82' title="bbox 1265 326 2344 369; baseline 0.008 -13"><span class='ocrx_word' id='word_1_616' title='bbox 1265 326 1349 358; x_wconf 83' lang='lat' dir='ltr'>xime</span> <span class='ocrx_word' id='word_1_617' title='bbox 1373 329 1530 369; x_wconf 85' lang='lat' dir='ltr'>pariturae</span> <span class='ocrx_word' id='word_1_618' title='bbox 1554 329 1739 360; x_wconf 87' lang='lat' dir='ltr'>vaticinium</span> <span class='ocrx_word' id='word_1_619' title='bbox 1763 331 1975 362; x_wconf 88' lang='lat' dir='ltr'>denunciavit.</span> <span class='ocrx_word' id='word_1_620' title='bbox 2000 332 2126 362; x_wconf 85' lang='lat' dir='ltr'>Primus</span> <span class='ocrx_word' id='word_1_621' title='bbox 2154 347 2167 360; x_wconf 69' lang='lat'>«&lt;</span> <span class='ocrx_word' id='word_1_622' title='bbox 2186 334 2272 364; x_wconf 90' lang='lat' dir='ltr'>testis</span> <span class='ocrx_word' id='word_1_623' title='bbox 2297 345 2344 365; x_wconf 92' lang='lat' dir='ltr'>ac-</span> 
     </span>
     <span class='ocr_line' id='line_1_83' title="bbox 1269 374 2344 415; baseline 0.006 -12"><span class='ocrx_word' id='word_1_624' title='bbox 1269 384 1283 397; x_wconf 80' lang='lat'>»</span> <span class='ocrx_word' id='word_1_625' title='bbox 1307 379 1436 413; x_wconf 89' lang='lat' dir='ltr'>ceptus,</span> <span class='ocrx_word' id='word_1_626' title='bbox 1461 374 1550 405; x_wconf 90' lang='lat' dir='ltr'>omni</span> <span class='ocrx_word' id='word_1_627' title='bbox 1575 374 1759 415; x_wconf 87' lang='lat' dir='ltr'>exceptione</span> <span class='ocrx_word' id='word_1_628' title='bbox 1788 375 1907 413; x_wconf 89' lang='lat' dir='ltr'>maior,</span> <span class='ocrx_word' id='word_1_629' title='bbox 1939 375 1972 406; x_wconf 91' lang='lat' dir='ltr'>in</span> <span class='ocrx_word' id='word_1_630' title='bbox 1997 386 2146 415; x_wconf 88' lang='lat' dir='ltr'>processu</span> <span class='ocrx_word' id='word_1_631' title='bbox 2179 378 2344 409; x_wconf 85' lang='lat' dir='ltr'>canoniza-</span> 
     </span>
     <span class='ocr_line' id='line_1_84' title="bbox 1271 416 2344 461; baseline 0.006 -14"><span class='ocrx_word' id='word_1_632' title='bbox 1271 429 1285 443; x_wconf 83' lang='lat'>»</span> <span class='ocrx_word' id='word_1_633' title='bbox 1308 416 1404 447; x_wconf 88' lang='lat' dir='ltr'>tionis</span> <span class='ocrx_word' id='word_1_634' title='bbox 1429 419 1526 450; x_wconf 89' lang='lat' dir='ltr'>sancti</span> <span class='ocrx_word' id='word_1_635' title='bbox 1550 419 1716 457; x_wconf 87' lang='lat' dir='ltr'>Thomae,</span> <span class='ocrx_word' id='word_1_636' title='bbox 1748 429 1846 461; x_wconf 89' lang='lat' dir='ltr'>quem</span> <span class='ocrx_word' id='word_1_637' title='bbox 1877 420 1964 459; x_wconf 89' lang='lat' dir='ltr'>apud</span> <span class='ocrx_word' id='word_1_638' title='bbox 1991 420 2186 452; x_wconf 88' lang='lat' dir='ltr'>Bollandum</span> <span class='ocrx_word' id='word_1_639' title='bbox 2210 422 2243 452; x_wconf 92' lang='lat' dir='ltr'>in</span> <span class='ocrx_word' id='word_1_640' title='bbox 2267 423 2344 454; x_wconf 89' lang='lat' dir='ltr'>actis</span> 
     </span>
     <span class='ocr_line' id='line_1_85' title="bbox 1269 461 2343 506; baseline 0.005 -14"><span class='ocrx_word' id='word_1_641' title='bbox 1269 473 1283 487; x_wconf 82' lang='lat'>»</span> <span class='ocrx_word' id='word_1_642' title='bbox 1307 461 1498 494; x_wconf 86' lang='lat' dir='ltr'>Sanctorum</span> <span class='ocrx_word' id='word_1_643' title='bbox 1530 464 1633 504; x_wconf 89' lang='lat' dir='ltr'>legere</span> <span class='ocrx_word' id='word_1_644' title='bbox 1666 471 1729 502; x_wconf 91' lang='lat' dir='ltr'>est,</span> <span class='ocrx_word' id='word_1_645' title='bbox 1758 465 1799 494; x_wconf 91' lang='lat' dir='ltr'>ad</span> <span class='ocrx_word' id='word_1_646' title='bbox 1831 464 1916 494; x_wconf 87' lang='lat' dir='ltr'>diem</span> <span class='ocrx_word' id='word_1_647' title='bbox 1944 475 1986 494; x_wconf 83' lang='lat' dir='ltr'>vu</span> <span class='ocrx_word' id='word_1_648' title='bbox 2015 465 2136 503; x_wconf 88' lang='lat' dir='ltr'>martii,</span> <span class='ocrx_word' id='word_1_649' title='bbox 2165 466 2266 506; x_wconf 88' lang='lat' dir='ltr'>capite</span> <span class='ocrx_word' id='word_1_650' title='bbox 2295 478 2343 505; x_wconf 90' lang='lat' dir='ltr'>1x,</span> 
     </span>
     <span class='ocr_line' id='line_1_86' title="bbox 1270 508 2344 551; baseline 0.004 -14"><span class='ocrx_word' id='word_1_651' title='bbox 1270 518 1283 532; x_wconf 72' lang='lat'>&gt;2</span> <span class='ocrx_word' id='word_1_652' title='bbox 1307 516 1397 538; x_wconf 88' lang='lat' dir='ltr'>num.</span> <span class='ocrx_word' id='word_1_653' title='bbox 1420 509 1473 549; x_wconf 87' lang='lat'>76,</span> <span class='ocrx_word' id='word_1_654' title='bbox 1495 508 1548 539; x_wconf 89' lang='lat' dir='ltr'>ubi</span> <span class='ocrx_word' id='word_1_655' title='bbox 1564 508 1626 539; x_wconf 92' lang='lat' dir='ltr'>hoc</span> <span class='ocrx_word' id='word_1_656' title='bbox 1641 508 1749 549; x_wconf 91' lang='lat' dir='ltr'>ipsum</span> <span class='ocrx_word' id='word_1_657' title='bbox 1762 509 1843 539; x_wconf 89' lang='lat' dir='ltr'>inter</span> <span class='ocrx_word' id='word_1_658' title='bbox 1863 515 1983 539; x_wconf 90' lang='lat' dir='ltr'>caetera</span> <span class='ocrx_word' id='word_1_659' title='bbox 2004 509 2067 539; x_wconf 89' lang='lat' dir='ltr'>divi</span> <span class='ocrx_word' id='word_1_660' title='bbox 2083 510 2230 540; x_wconf 88' lang='lat' dir='ltr'>Thomae</span> <span class='ocrx_word' id='word_1_661' title='bbox 2245 518 2344 551; x_wconf 90' lang='lat' dir='ltr'>gesta,</span> 
     </span>
     <span class='ocr_line' id='line_1_87' title="bbox 1270 550 2347 597; baseline 0.005 -16"><span class='ocrx_word' id='word_1_662' title='bbox 1270 563 1283 576; x_wconf 72' lang='lat'>&gt;›</span> <span class='ocrx_word' id='word_1_663' title='bbox 1308 550 1495 592; x_wconf 88' lang='lat' dir='ltr'>interposito</span> <span class='ocrx_word' id='word_1_664' title='bbox 1520 553 1615 584; x_wconf 90' lang='lat' dir='ltr'>etiam</span> <span class='ocrx_word' id='word_1_665' title='bbox 1639 560 1837 584; x_wconf 87' lang='lat' dir='ltr'>sacramento</span> <span class='ocrx_word' id='word_1_666' title='bbox 1862 560 2072 585; x_wconf 87' lang='lat' dir='ltr'>contestatur:</span> <span class='ocrx_word' id='word_1_667' title='bbox 2096 555 2196 586; x_wconf 88' lang='lat' dir='ltr'>Pater</span> <span class='ocrx_word' id='word_1_668' title='bbox 2219 556 2347 597; x_wconf 84' lang='lat' dir='ltr'>origine</span> 
     </span>
     <span class='ocr_line' id='line_1_88' title="bbox 1270 596 2347 640; baseline 0.004 -13"><span class='ocrx_word' id='word_1_669' title='bbox 1270 607 1283 621; x_wconf 85' lang='lat'>»</span> <span class='ocrx_word' id='word_1_670' title='bbox 1309 596 1423 628; x_wconf 87' lang='lat' dir='ltr'>nobilis</span> <span class='ocrx_word' id='word_1_671' title='bbox 1436 603 1533 638; x_wconf 85' lang='lat' dir='ltr'>atque</span> <span class='ocrx_word' id='word_1_672' title='bbox 1546 603 1664 639; x_wconf 87' lang='lat' dir='ltr'>potens</span> <span class='ocrx_word' id='word_1_673' title='bbox 1678 599 1882 629; x_wconf 85' lang='lat' dir='ltr'>monachavit</span> <span class='ocrx_word' id='word_1_674' title='bbox 1896 598 2015 629; x_wconf 88' lang='lat' dir='ltr'>dictum</span> <span class='ocrx_word' id='word_1_675' title='bbox 2027 598 2082 640; x_wconf 85' lang='lat' dir='ltr'>fr.</span> <span class='ocrx_word' id='word_1_676' title='bbox 2097 599 2251 630; x_wconf 88' lang='lat' dir='ltr'>Thomam</span> <span class='ocrx_word' id='word_1_677' title='bbox 2266 610 2347 640; x_wconf 85' lang='lat' dir='ltr'>pue-</span> 
     </span>
     <span class='ocr_line' id='line_1_89' title="bbox 1271 642 2347 684; baseline 0.004 -13"><span class='ocrx_word' id='word_1_678' title='bbox 1271 652 1284 665; x_wconf 81' lang='lat'>»</span> <span class='ocrx_word' id='word_1_679' title='bbox 1308 651 1393 679; x_wconf 89' lang='lat' dir='ltr'>rum,</span> <span class='ocrx_word' id='word_1_680' title='bbox 1409 642 1581 683; x_wconf 84' lang='lat' dir='ltr'>disponens</span> <span class='ocrx_word' id='word_1_681' title='bbox 1599 653 1671 673; x_wconf 90' lang='lat' dir='ltr'>eum</span> <span class='ocrx_word' id='word_1_682' title='bbox 1694 643 1850 674; x_wconf 86' lang='lat' dir='ltr'>Abbatiae</span> <span class='ocrx_word' id='word_1_683' title='bbox 1865 643 2046 684; x_wconf 78' lang='lat' dir='ltr'>praeficere</span> <span class='ocrx_word' id='word_1_684' title='bbox 2063 643 2243 675; x_wconf 88' lang='lat' dir='ltr'>Casinensi.</span> <span class='ocrx_word' id='word_1_685' title='bbox 2260 645 2347 683; x_wconf 92' lang='lat' dir='ltr'>Quid</span> 
     </span>
     <span class='ocr_line' id='line_1_90' title="bbox 1271 685 2347 725; baseline 0.004 -9"><span class='ocrx_word' id='word_1_686' title='bbox 1271 698 1284 711; x_wconf 87' lang='lat'>&gt;›</span> <span class='ocrx_word' id='word_1_687' title='bbox 1307 685 1369 716; x_wconf 93' lang='lat' dir='ltr'>hoc</span> <span class='ocrx_word' id='word_1_688' title='bbox 1394 694 1502 718; x_wconf 83' lang='lat' dir='ltr'>autern</span> <span class='ocrx_word' id='word_1_689' title='bbox 1526 694 1588 725; x_wconf 91' lang='lat' dir='ltr'>est,</span> <span class='ocrx_word' id='word_1_690' title='bbox 1613 688 1827 725; x_wconf 82' lang='lat' dir='ltr'>monachavit,</span> <span class='ocrx_word' id='word_1_691' title='bbox 1848 687 1907 718; x_wconf 90' lang='lat' dir='ltr'>nisi</span> <span class='ocrx_word' id='word_1_692' title='bbox 1931 688 2129 719; x_wconf 85' lang='lat' dir='ltr'>monachum</span> <span class='ocrx_word' id='word_1_693' title='bbox 2153 687 2246 720; x_wconf 82' lang='lat' dir='ltr'>fecit?</span> <span class='ocrx_word' id='word_1_694' title='bbox 2262 712 2269 720; x_wconf 94' lang='lat'>.</span> <span class='ocrx_word' id='word_1_695' title='bbox 2287 713 2294 720; x_wconf 96' lang='lat'>.</span> <span class='ocrx_word' id='word_1_696' title='bbox 2312 694 2347 720; x_wconf 54' lang='grc' dir='ltr'>β.</span> 
     </span>
     <span class='ocr_line' id='line_1_91' title="bbox 1271 730 2346 775; baseline 0.004 -14"><span class='ocrx_word' id='word_1_697' title='bbox 1271 742 1284 756; x_wconf 84' lang='grc'>&gt;&gt;</span> <span class='ocrx_word' id='word_1_698' title='bbox 1308 730 1396 768; x_wconf 91' lang='lat' dir='ltr'>Quid</span> <span class='ocrx_word' id='word_1_699' title='bbox 1420 731 1516 762; x_wconf 89' lang='lat' dir='ltr'>etiam</span> <span class='ocrx_word' id='word_1_700' title='bbox 1539 732 1619 763; x_wconf 89' lang='lat' dir='ltr'>illud</span> <span class='ocrx_word' id='word_1_701' title='bbox 1643 732 1789 770; x_wconf 85' lang='lat' dir='ltr'>alterum,</span> <span class='ocrx_word' id='word_1_702' title='bbox 1804 733 1976 772; x_wconf 87' lang='lat' dir='ltr'>disponens</span> <span class='ocrx_word' id='word_1_703' title='bbox 1995 743 2066 763; x_wconf 88' lang='lat' dir='ltr'>eum</span> <span class='ocrx_word' id='word_1_704' title='bbox 2081 733 2346 775; x_wconf 84' lang='lat' dir='ltr'>Abbatiaeprae-</span> 
     </span>
     <span class='ocr_line' id='line_1_92' title="bbox 1270 775 2347 816; baseline 0.003 -10"><span class='ocrx_word' id='word_1_705' title='bbox 1270 787 1284 800; x_wconf 81' lang='lat'>&gt;›</span> <span class='ocrx_word' id='word_1_706' title='bbox 1297 775 1404 816; x_wconf 85' lang='lat' dir='ltr'>ficere</span> <span class='ocrx_word' id='word_1_707' title='bbox 1439 776 1637 808; x_wconf 77' lang='lat' dir='ltr'>Casinensi?</span> <span class='ocrx_word' id='word_1_708' title='bbox 1659 776 1719 807; x_wconf 91' lang='lat' dir='ltr'>nisi</span> <span class='ocrx_word' id='word_1_709' title='bbox 1753 787 1791 807; x_wconf 90' lang='lat' dir='ltr'>eo</span> <span class='ocrx_word' id='word_1_710' title='bbox 1825 777 1886 807; x_wconf 91' lang='lat' dir='ltr'>ritu</span> <span class='ocrx_word' id='word_1_711' title='bbox 1921 778 2151 808; x_wconf 87' lang='lat' dir='ltr'>monachatum</span> <span class='ocrx_word' id='word_1_712' title='bbox 2183 778 2247 808; x_wconf 84' lang='lat' dir='ltr'>iam</span> <span class='ocrx_word' id='word_1_713' title='bbox 2271 786 2347 810; x_wconf 89' lang='lat' dir='ltr'>tunc</span> 
     </span>
     <span class='ocr_line' id='line_1_93' title="bbox 1271 819 2346 862; baseline 0.003 -11"><span class='ocrx_word' id='word_1_714' title='bbox 1271 832 1284 845; x_wconf 85' lang='lat'>»</span> <span class='ocrx_word' id='word_1_715' title='bbox 1308 819 1405 851; x_wconf 86' lang='lat' dir='ltr'>fuisse</span> <span class='ocrx_word' id='word_1_716' title='bbox 1429 821 1603 861; x_wconf 88' lang='lat' dir='ltr'>puerulum</span> <span class='ocrx_word' id='word_1_717' title='bbox 1622 821 1788 852; x_wconf 87' lang='lat' dir='ltr'>Thomatn</span> <span class='ocrx_word' id='word_1_718' title='bbox 1815 828 1846 852; x_wconf 91' lang='lat' dir='ltr'>et</span> <span class='ocrx_word' id='word_1_719' title='bbox 1864 822 2057 853; x_wconf 85' lang='lat' dir='ltr'>monasticae</span> <span class='ocrx_word' id='word_1_720' title='bbox 2076 822 2157 853; x_wconf 89' lang='lat' dir='ltr'>vitae</span> <span class='ocrx_word' id='word_1_721' title='bbox 2173 823 2346 862; x_wconf 89' lang='lat' dir='ltr'>addictum,</span> 
     </span>
     <span class='ocr_line' id='line_1_94' title="bbox 1271 865 2346 908; baseline 0.004 -13"><span class='ocrx_word' id='word_1_722' title='bbox 1271 877 1284 890; x_wconf 89' lang='lat'>»</span> <span class='ocrx_word' id='word_1_723' title='bbox 1309 865 1394 896; x_wconf 90' lang='lat' dir='ltr'>unde</span> <span class='ocrx_word' id='word_1_724' title='bbox 1417 865 1462 895; x_wconf 86' lang='lat' dir='ltr'>illi</span> <span class='ocrx_word' id='word_1_725' title='bbox 1491 865 1531 896; x_wconf 86' lang='lat' dir='ltr'>ad</span> <span class='ocrx_word' id='word_1_726' title='bbox 1555 865 1764 896; x_wconf 88' lang='lat' dir='ltr'>Casinensem</span> <span class='ocrx_word' id='word_1_727' title='bbox 1787 866 1974 904; x_wconf 89' lang='lat' dir='ltr'>Abbatiam,</span> <span class='ocrx_word' id='word_1_728' title='bbox 1999 867 2172 907; x_wconf 85' lang='lat' dir='ltr'>aliquando</span> <span class='ocrx_word' id='word_1_729' title='bbox 2197 878 2255 908; x_wconf 95' lang='lat' dir='ltr'>pro</span> <span class='ocrx_word' id='word_1_730' title='bbox 2280 878 2346 899; x_wconf 90' lang='lat' dir='ltr'>me-</span> 
     </span>
     <span class='ocr_line' id='line_1_95' title="bbox 1271 909 1867 947; baseline 0.002 -8"><span class='ocrx_word' id='word_1_731' title='bbox 1271 921 1284 935; x_wconf 74' lang='lat'>»</span> <span class='ocrx_word' id='word_1_732' title='bbox 1308 909 1374 940; x_wconf 89' lang='lat' dir='ltr'>ritis</span> <span class='ocrx_word' id='word_1_733' title='bbox 1398 910 1618 947; x_wconf 86' lang='lat' dir='ltr'>obtinendam,</span> <span class='ocrx_word' id='word_1_734' title='bbox 1642 909 1746 940; x_wconf 89' lang='lat' dir='ltr'>aditus</span> <span class='ocrx_word' id='word_1_735' title='bbox 1770 909 1867 940; x_wconf 77' lang='lat' dir='ltr'>fieret.</span> 
     </span>
    </p>

    <p class='ocr_par' dir='ltr' id='par_1_24' title="bbox 1269 954 2349 1713">
     <span class='ocr_line' id='line_1_96' title="bbox 1338 954 2346 995; baseline 0.004 -11"><span class='ocrx_word' id='word_1_736' title='bbox 1338 967 1352 980; x_wconf 84' lang='lat'>»</span> <span class='ocrx_word' id='word_1_737' title='bbox 1375 954 1460 985; x_wconf 89' lang='lat' dir='ltr'>Hinc</span> <span class='ocrx_word' id='word_1_738' title='bbox 1492 954 1572 985; x_wconf 86' lang='lat' dir='ltr'>illud</span> <span class='ocrx_word' id='word_1_739' title='bbox 1596 954 1744 984; x_wconf 84' lang='lat' dir='ltr'>eremitae</span> <span class='ocrx_word' id='word_1_740' title='bbox 1773 954 1958 993; x_wconf 85' lang='lat' dir='ltr'>cuiusdam,</span> <span class='ocrx_word' id='word_1_741' title='bbox 1990 955 2103 995; x_wconf 87' lang='lat' dir='ltr'>pietate</span> <span class='ocrx_word' id='word_1_742' title='bbox 2129 963 2159 986; x_wconf 90' lang='lat' dir='ltr'>et</span> <span class='ocrx_word' id='word_1_743' title='bbox 2183 957 2346 988; x_wconf 88' lang='lat' dir='ltr'>sanctitate</span> 
     </span>
     <span class='ocr_line' id='line_1_97' title="bbox 1271 997 2347 1036; baseline 0.004 -8"><span class='ocrx_word' id='word_1_744' title='bbox 1271 1009 1284 1023; x_wconf 85' lang='lat'>&gt;›</span> <span class='ocrx_word' id='word_1_745' title='bbox 1307 997 1447 1036; x_wconf 89' lang='lat' dir='ltr'>illustris,</span> <span class='ocrx_word' id='word_1_746' title='bbox 1473 998 1523 1029; x_wconf 91' lang='lat' dir='ltr'>cui</span> <span class='ocrx_word' id='word_1_747' title='bbox 1547 1009 1668 1029; x_wconf 90' lang='lat' dir='ltr'>nornen</span> <span class='ocrx_word' id='word_1_748' title='bbox 1691 999 1797 1036; x_wconf 90' lang='lat' dir='ltr'>Bono,</span> <span class='ocrx_word' id='word_1_749' title='bbox 1821 999 2007 1030; x_wconf 79' lang='lat' dir='ltr'>vaticinium</span> <span class='ocrx_word' id='word_1_750' title='bbox 2021 1000 2212 1034; x_wconf 78' lang='lat' dir='ltr'>Theodorae</span> <span class='ocrx_word' id='word_1_751' title='bbox 2237 1001 2347 1032; x_wconf 89' lang='lat' dir='ltr'>Comi-</span> 
     </span>
     <span class='ocr_line' id='line_1_98' title="bbox 1271 1042 2347 1086; baseline 0.005 -14"><span class='ocrx_word' id='word_1_752' title='bbox 1271 1054 1284 1067; x_wconf 89' lang='lat'>»</span> <span class='ocrx_word' id='word_1_753' title='bbox 1308 1042 1400 1073; x_wconf 91' lang='lat' dir='ltr'>tissae</span> <span class='ocrx_word' id='word_1_754' title='bbox 1414 1043 1559 1083; x_wconf 88' lang='lat' dir='ltr'>proxime</span> <span class='ocrx_word' id='word_1_755' title='bbox 1583 1043 1741 1083; x_wconf 91' lang='lat' dir='ltr'>pariturae</span> <span class='ocrx_word' id='word_1_756' title='bbox 1769 1043 1997 1074; x_wconf 88' lang='lat' dir='ltr'>denunciatum</span> <span class='ocrx_word' id='word_1_757' title='bbox 2019 1044 2123 1086; x_wconf 91' lang='lat' dir='ltr'>(quod</span> <span class='ocrx_word' id='word_1_758' title='bbox 2146 1045 2239 1076; x_wconf 89' lang='lat' dir='ltr'>refert</span> <span class='ocrx_word' id='word_1_759' title='bbox 2258 1045 2347 1077; x_wconf 91' lang='lat' dir='ltr'>Guil-</span> 
     </span>
     <span class='ocr_line' id='line_1_99' title="bbox 1271 1086 2346 1131; baseline 0.004 -14"><span class='ocrx_word' id='word_1_760' title='bbox 1271 1098 1284 1111; x_wconf 73' lang='grc'>»</span> <span class='ocrx_word' id='word_1_761' title='bbox 1307 1086 1423 1117; x_wconf 89' lang='lat' dir='ltr'>lelmus</span> <span class='ocrx_word' id='word_1_762' title='bbox 1443 1087 1482 1118; x_wconf 83' lang='lat' dir='ltr'>de</span> <span class='ocrx_word' id='word_1_763' title='bbox 1501 1088 1624 1125; x_wconf 90' lang='lat' dir='ltr'>Tocc0‚</span> <span class='ocrx_word' id='word_1_764' title='bbox 1645 1087 1746 1128; x_wconf 87' lang='lat' dir='ltr'>capite</span> <span class='ocrx_word' id='word_1_765' title='bbox 1767 1099 1787 1126; x_wconf 87' lang='lat'>1,</span> <span class='ocrx_word' id='word_1_766' title='bbox 1808 1098 1897 1119; x_wconf 90' lang='lat' dir='ltr'>num.</span> <span class='ocrx_word' id='word_1_767' title='bbox 1916 1087 1965 1130; x_wconf 81' lang='lat'>2):</span> <span class='ocrx_word' id='word_1_768' title='bbox 1986 1089 2098 1120; x_wconf 90' lang='lat' dir='ltr'>Paries</span> <span class='ocrx_word' id='word_1_769' title='bbox 2108 1089 2233 1130; x_wconf 87' lang='lat' dir='ltr'>filium,</span> <span class='ocrx_word' id='word_1_770' title='bbox 2254 1100 2346 1131; x_wconf 85' lang='lat' dir='ltr'>quem</span> 
     </span>
     <span class='ocr_line' id='line_1_100' title="bbox 1271 1132 2348 1175; baseline 0.004 -13"><span class='ocrx_word' id='word_1_771' title='bbox 1271 1142 1284 1155; x_wconf 82' lang='lat'>»</span> <span class='ocrx_word' id='word_1_772' title='bbox 1308 1132 1436 1162; x_wconf 85' lang='lat' dir='ltr'>vocabis</span> <span class='ocrx_word' id='word_1_773' title='bbox 1455 1132 1628 1163; x_wconf 75' lang='lat' dir='ltr'>Tkomam:</span> <span class='ocrx_word' id='word_1_774' title='bbox 1649 1138 1679 1162; x_wconf 87' lang='lat' dir='ltr'>et</span> <span class='ocrx_word' id='word_1_775' title='bbox 1694 1138 1728 1162; x_wconf 88' lang='lat' dir='ltr'>tu</span> <span class='ocrx_word' id='word_1_776' title='bbox 1744 1138 1775 1163; x_wconf 88' lang='lat' dir='ltr'>et</span> <span class='ocrx_word' id='word_1_777' title='bbox 1789 1133 1840 1163; x_wconf 88' lang='lat' dir='ltr'>vir</span> <span class='ocrx_word' id='word_1_778' title='bbox 1854 1138 1929 1163; x_wconf 89' lang='lat' dir='ltr'>tuus</span> <span class='ocrx_word' id='word_1_779' title='bbox 1949 1134 2131 1174; x_wconf 85' lang='lat' dir='ltr'>cogitabitis</span> <span class='ocrx_word' id='word_1_780' title='bbox 2145 1144 2216 1164; x_wconf 91' lang='lat' dir='ltr'>eum</span> <span class='ocrx_word' id='word_1_781' title='bbox 2229 1134 2348 1175; x_wconf 87' lang='lat' dir='ltr'>facere</span> 
     </span>
     <span class='ocr_line' id='line_1_101' title="bbox 1271 1177 2349 1220; baseline 0.004 -14"><span class='ocrx_word' id='word_1_782' title='bbox 1271 1187 1284 1200; x_wconf 85' lang='lat'>»</span> <span class='ocrx_word' id='word_1_783' title='bbox 1308 1177 1500 1207; x_wconf 88' lang='lat' dir='ltr'>monachum</span> <span class='ocrx_word' id='word_1_784' title='bbox 1520 1177 1553 1207; x_wconf 90' lang='lat' dir='ltr'>in</span> <span class='ocrx_word' id='word_1_785' title='bbox 1573 1178 1775 1207; x_wconf 86' lang='lat' dir='ltr'>Monasterio</span> <span class='ocrx_word' id='word_1_786' title='bbox 1794 1178 1917 1208; x_wconf 87' lang='lat' dir='ltr'>Montis</span> <span class='ocrx_word' id='word_1_787' title='bbox 1939 1177 2067 1215; x_wconf 86' lang='lat' dir='ltr'>Casini,</span> <span class='ocrx_word' id='word_1_788' title='bbox 2093 1179 2125 1208; x_wconf 90' lang='lat' dir='ltr'>in</span> <span class='ocrx_word' id='word_1_789' title='bbox 2146 1188 2208 1219; x_wconf 83' lang='lat' dir='ltr'>quo</span> <span class='ocrx_word' id='word_1_790' title='bbox 2232 1189 2349 1220; x_wconf 78' lang='lat' dir='ltr'>corpus</span> 
     </span>
     <span class='ocr_line' id='line_1_102' title="bbox 1270 1220 2347 1264; baseline 0.003 -13"><span class='ocrx_word' id='word_1_791' title='bbox 1270 1231 1284 1245; x_wconf 78' lang='lat'>»</span> <span class='ocrx_word' id='word_1_792' title='bbox 1308 1220 1336 1252; x_wconf 90' lang='lat' dir='ltr'>b.</span> <span class='ocrx_word' id='word_1_793' title='bbox 1359 1221 1529 1252; x_wconf 84' lang='lat' dir='ltr'>Benedicti</span> <span class='ocrx_word' id='word_1_794' title='bbox 1551 1222 1703 1262; x_wconf 85' lang='lat' dir='ltr'>quiescit:</span> <span class='ocrx_word' id='word_1_795' title='bbox 1731 1221 1882 1253; x_wconf 83' lang='lat' dir='ltr'>habentes</span> <span class='ocrx_word' id='word_1_796' title='bbox 1905 1232 1991 1262; x_wconf 83' lang='lat' dir='ltr'>spem</span> <span class='ocrx_word' id='word_1_797' title='bbox 2017 1223 2061 1253; x_wconf 86' lang='lat' dir='ltr'>ad</span> <span class='ocrx_word' id='word_1_798' title='bbox 2084 1233 2222 1264; x_wconf 82' lang='lat' dir='ltr'>magnos</span> <span class='ocrx_word' id='word_1_799' title='bbox 2247 1225 2347 1264; x_wconf 83' lang='lat' dir='ltr'>ipsius</span> 
     </span>
     <span class='ocr_line' id='line_1_103' title="bbox 1271 1265 2347 1308; baseline 0.003 -12"><span class='ocrx_word' id='word_1_800' title='bbox 1271 1277 1284 1290; x_wconf 83' lang='lat'>&gt;›</span> <span class='ocrx_word' id='word_1_801' title='bbox 1308 1265 1503 1297; x_wconf 88' lang='lat' dir='ltr'>Monasterii</span> <span class='ocrx_word' id='word_1_802' title='bbox 1518 1266 1641 1297; x_wconf 84' lang='lat' dir='ltr'>reditus</span> <span class='ocrx_word' id='word_1_803' title='bbox 1654 1267 1829 1307; x_wconf 85' lang='lat' dir='ltr'>pervenire</span> <span class='ocrx_word' id='word_1_804' title='bbox 1846 1276 1909 1307; x_wconf 86' lang='lat' dir='ltr'>per</span> <span class='ocrx_word' id='word_1_805' title='bbox 1929 1267 2018 1297; x_wconf 87' lang='lat' dir='ltr'>illius</span> <span class='ocrx_word' id='word_1_806' title='bbox 2030 1267 2100 1308; x_wconf 87' lang='lat' dir='ltr'>filii</span> <span class='ocrx_word' id='word_1_807' title='bbox 2115 1269 2212 1298; x_wconf 84' lang='lat' dir='ltr'>vestri</span> <span class='ocrx_word' id='word_1_808' title='bbox 2226 1270 2347 1308; x_wconf 83' lang='lat' dir='ltr'>apicem</span> 
     </span>
     <span class='ocr_line' id='line_1_104' title="bbox 1270 1311 2348 1354; baseline 0.002 -13"><span class='ocrx_word' id='word_1_809' title='bbox 1270 1321 1283 1335; x_wconf 67' lang='lat'>³»</span> <span class='ocrx_word' id='word_1_810' title='bbox 1307 1315 1338 1341; x_wconf 86' lang='lat' dir='ltr'>et</span> <span class='ocrx_word' id='word_1_811' title='bbox 1354 1311 1595 1351; x_wconf 82' lang='lat' dir='ltr'>praelaturam.</span> <span class='ocrx_word' id='word_1_812' title='bbox 1616 1311 1680 1342; x_wconf 89' lang='lat' dir='ltr'>Sed</span> <span class='ocrx_word' id='word_1_813' title='bbox 1698 1311 1789 1342; x_wconf 91' lang='lat' dir='ltr'>Deus</span> <span class='ocrx_word' id='word_1_814' title='bbox 1812 1311 1852 1342; x_wconf 85' lang='lat' dir='ltr'>de</span> <span class='ocrx_word' id='word_1_815' title='bbox 1875 1311 1931 1341; x_wconf 87' lang='lat' dir='ltr'>illo</span> <span class='ocrx_word' id='word_1_816' title='bbox 1955 1312 2051 1342; x_wconf 87' lang='lat' dir='ltr'>aliter</span> <span class='ocrx_word' id='word_1_817' title='bbox 2075 1312 2252 1350; x_wconf 84' lang='lat' dir='ltr'>ordinabit,</span> <span class='ocrx_word' id='word_1_818' title='bbox 2271 1314 2348 1354; x_wconf 84' lang='lat' dir='ltr'>quia</span> 
     </span>
     <span class='ocr_line' id='line_1_105' title="bbox 1270 1355 2347 1397; baseline 0.002 -11"><span class='ocrx_word' id='word_1_819' title='bbox 1270 1367 1283 1380; x_wconf 85' lang='grc'>»</span> <span class='ocrx_word' id='word_1_820' title='bbox 1307 1356 1369 1386; x_wconf 86' lang='lat' dir='ltr'>erit</span> <span class='ocrx_word' id='word_1_821' title='bbox 1388 1355 1507 1397; x_wconf 89' lang='lat' dir='ltr'>frater</span> <span class='ocrx_word' id='word_1_822' title='bbox 1533 1355 1668 1387; x_wconf 87' lang='lat' dir='ltr'>Ordinis</span> <span class='ocrx_word' id='word_1_823' title='bbox 1691 1355 1957 1387; x_wconf 87' lang='lat' dir='ltr'>Praedicatorum</span> <span class='ocrx_word' id='word_1_824' title='bbox 1983 1362 2040 1387; x_wconf 90' lang='lat' dir='ltr'>etc.</span> <span class='ocrx_word' id='word_1_825' title='bbox 2071 1356 2151 1394; x_wconf 85' lang='lat' dir='ltr'>Quis</span> <span class='ocrx_word' id='word_1_826' title='bbox 2181 1367 2256 1397; x_wconf 87' lang='lat' dir='ltr'>ergo</span> <span class='ocrx_word' id='word_1_827' title='bbox 2281 1368 2347 1388; x_wconf 92' lang='lat' dir='ltr'>non</span> 
     </span>
     <span class='ocr_line' id='line_1_106' title="bbox 1270 1399 2348 1441; baseline 0.004 -12"><span class='ocrx_word' id='word_1_828' title='bbox 1270 1412 1282 1425; x_wconf 83' lang='lat'>»</span> <span class='ocrx_word' id='word_1_829' title='bbox 1306 1399 1430 1439; x_wconf 90' lang='lat' dir='ltr'>videat,</span> <span class='ocrx_word' id='word_1_830' title='bbox 1455 1408 1600 1441; x_wconf 90' lang='lat' dir='ltr'>parentes</span> <span class='ocrx_word' id='word_1_831' title='bbox 1624 1400 1667 1431; x_wconf 92' lang='lat' dir='ltr'>sic</span> <span class='ocrx_word' id='word_1_832' title='bbox 1691 1400 1819 1431; x_wconf 81' lang='lat' dir='ltr'>affectos</span> <span class='ocrx_word' id='word_1_833' title='bbox 1839 1408 1870 1431; x_wconf 92' lang='lat' dir='ltr'>et</span> <span class='ocrx_word' id='word_1_834' title='bbox 1894 1401 1933 1431; x_wconf 92' lang='lat' dir='ltr'>ad</span> <span class='ocrx_word' id='word_1_835' title='bbox 1957 1401 2172 1441; x_wconf 90' lang='lat' dir='ltr'>amplissimos</span> <span class='ocrx_word' id='word_1_836' title='bbox 2195 1402 2348 1433; x_wconf 86' lang='lat' dir='ltr'>Abbatiae</span> 
     </span>
     <span class='ocr_line' id='line_1_107' title="bbox 1269 1444 2343 1486; baseline 0.002 -11"><span class='ocrx_word' id='word_1_837' title='bbox 1269 1456 1283 1470; x_wconf 80' lang='lat'>›&gt;</span> <span class='ocrx_word' id='word_1_838' title='bbox 1306 1444 1425 1476; x_wconf 89' lang='lat' dir='ltr'>reditus</span> <span class='ocrx_word' id='word_1_839' title='bbox 1449 1445 1616 1483; x_wconf 88' lang='lat' dir='ltr'>inhiantes,</span> <span class='ocrx_word' id='word_1_840' title='bbox 1643 1445 1676 1476; x_wconf 91' lang='lat' dir='ltr'>id</span> <span class='ocrx_word' id='word_1_841' title='bbox 1696 1445 1795 1485; x_wconf 86' lang='lat' dir='ltr'>egisse</span> <span class='ocrx_word' id='word_1_842' title='bbox 1819 1445 1922 1486; x_wconf 89' lang='lat' dir='ltr'>reipsa</span> <span class='ocrx_word' id='word_1_843' title='bbox 1944 1446 2034 1486; x_wconf 93' lang='lat' dir='ltr'>quod</span> <span class='ocrx_word' id='word_1_844' title='bbox 2065 1445 2097 1476; x_wconf 91' lang='lat' dir='ltr'>in</span> <span class='ocrx_word' id='word_1_845' title='bbox 2119 1456 2269 1486; x_wconf 88' lang='lat' dir='ltr'>processu</span> <span class='ocrx_word' id='word_1_846' title='bbox 2294 1457 2343 1478; x_wconf 90' lang='lat' dir='ltr'>ca-</span> 
     </span>
     <span class='ocr_line' id='line_1_108' title="bbox 1269 1489 2343 1530; baseline 0.002 -10"><span class='ocrx_word' id='word_1_847' title='bbox 1269 1502 1282 1515; x_wconf 83' lang='lat'>»</span> <span class='ocrx_word' id='word_1_848' title='bbox 1306 1489 1520 1522; x_wconf 89' lang='lat' dir='ltr'>nonizationis</span> <span class='ocrx_word' id='word_1_849' title='bbox 1535 1498 1665 1522; x_wconf 89' lang='lat' dir='ltr'>testatus</span> <span class='ocrx_word' id='word_1_850' title='bbox 1681 1497 1727 1521; x_wconf 89' lang='lat' dir='ltr'>est</span> <span class='ocrx_word' id='word_1_851' title='bbox 1741 1490 1843 1530; x_wconf 85' lang='lat' dir='ltr'>Regni</span> <span class='ocrx_word' id='word_1_852' title='bbox 1858 1490 1981 1521; x_wconf 82' lang='lat' dir='ltr'>Siciliae</span> <span class='ocrx_word' id='word_1_853' title='bbox 1991 1491 2244 1530; x_wconf 84' lang='lat' dir='ltr'>Protonotarius,</span> <span class='ocrx_word' id='word_1_854' title='bbox 2265 1492 2343 1522; x_wconf 87' lang='lat' dir='ltr'>Tho-</span> 
     </span>
     <span class='ocr_line' id='line_1_109' title="bbox 1269 1534 2343 1576; baseline 0 -11"><span class='ocrx_word' id='word_1_855' title='bbox 1269 1546 1282 1560; x_wconf 80' lang='lat'>»</span> <span class='ocrx_word' id='word_1_856' title='bbox 1307 1545 1391 1565; x_wconf 90' lang='lat' dir='ltr'>mam</span> <span class='ocrx_word' id='word_1_857' title='bbox 1418 1545 1559 1576; x_wconf 84' lang='lat' dir='ltr'>puerum</span> <span class='ocrx_word' id='word_1_858' title='bbox 1585 1535 1824 1566; x_wconf 81' lang='lat' dir='ltr'>monachasse?</span> <span class='ocrx_word' id='word_1_859' title='bbox 1846 1535 1921 1565; x_wconf 89' lang='lat' dir='ltr'>Non</span> <span class='ocrx_word' id='word_1_860' title='bbox 1946 1535 2034 1566; x_wconf 91' lang='lat' dir='ltr'>aliter</span> <span class='ocrx_word' id='word_1_861' title='bbox 2057 1535 2143 1566; x_wconf 91' lang='lat' dir='ltr'>enim</span> <span class='ocrx_word' id='word_1_862' title='bbox 2167 1534 2223 1566; x_wconf 88' lang='lat' dir='ltr'>filii</span> <span class='ocrx_word' id='word_1_863' title='bbox 2243 1536 2291 1566; x_wconf 90' lang='lat' dir='ltr'>sui</span> <span class='ocrx_word' id='word_1_864' title='bbox 2310 1536 2343 1566; x_wconf 91' lang='lat' dir='ltr'>in</span> 
     </span>
     <span class='ocr_line' id='line_1_110' title="bbox 1269 1579 2345 1622; baseline 0.001 -12"><span class='ocrx_word' id='word_1_865' title='bbox 1269 1592 1282 1605; x_wconf 87' lang='lat'>&gt;›</span> <span class='ocrx_word' id='word_1_866' title='bbox 1306 1587 1455 1620; x_wconf 87' lang='lat' dir='ltr'>suscepto</span> <span class='ocrx_word' id='word_1_867' title='bbox 1470 1580 1649 1611; x_wconf 84' lang='lat' dir='ltr'>monastico</span> <span class='ocrx_word' id='word_1_868' title='bbox 1664 1579 1810 1612; x_wconf 90' lang='lat' dir='ltr'>instituto</span> <span class='ocrx_word' id='word_1_869' title='bbox 1826 1579 2018 1618; x_wconf 83' lang='lat' dir='ltr'>firmitatem,</span> <span class='ocrx_word' id='word_1_870' title='bbox 2035 1580 2235 1611; x_wconf 86' lang='lat' dir='ltr'>stabilitatem</span> <span class='ocrx_word' id='word_1_871' title='bbox 2250 1587 2345 1622; x_wconf 90' lang='lat' dir='ltr'>atque</span> 
     </span>
     <span class='ocr_line' id='line_1_111' title="bbox 1269 1624 2346 1666; baseline 0.002 -12"><span class='ocrx_word' id='word_1_872' title='bbox 1269 1636 1282 1649; x_wconf 84' lang='lat'><strong>»</strong></span> <span class='ocrx_word' id='word_1_873' title='bbox 1306 1624 1518 1656; x_wconf 83' lang='lat' dir='ltr'>constantiam</span> <span class='ocrx_word' id='word_1_874' title='bbox 1542 1625 1600 1656; x_wconf 89' lang='lat' dir='ltr'>sibi</span> <span class='ocrx_word' id='word_1_875' title='bbox 1625 1632 1771 1665; x_wconf 86' lang='lat' dir='ltr'>poterant</span> <span class='ocrx_word' id='word_1_876' title='bbox 1795 1624 2038 1665; x_wconf 88' lang='lat' dir='ltr'>adpromittere,</span> <span class='ocrx_word' id='word_1_877' title='bbox 2058 1635 2123 1666; x_wconf 90' lang='lat' dir='ltr'>qua</span> <span class='ocrx_word' id='word_1_878' title='bbox 2146 1625 2215 1655; x_wconf 89' lang='lat' dir='ltr'>sola</span> <span class='ocrx_word' id='word_1_879' title='bbox 2237 1632 2346 1665; x_wconf 89' lang='lat' dir='ltr'>posset</span> 
     </span>
     <span class='ocr_line' id='line_1_112' title="bbox 1270 1669 1985 1713; baseline 0.001 -14"><span class='ocrx_word' id='word_1_880' title='bbox 1270 1681 1282 1694; x_wconf 66' lang='lat'>»&gt;</span> <span class='ocrx_word' id='word_1_881' title='bbox 1306 1669 1347 1699; x_wconf 91' lang='lat' dir='ltr'>ad</span> <span class='ocrx_word' id='word_1_882' title='bbox 1370 1676 1514 1710; x_wconf 86' lang='lat' dir='ltr'>optatam</span> <span class='ocrx_word' id='word_1_883' title='bbox 1537 1670 1750 1711; x_wconf 89' lang='lat' dir='ltr'>praelaturam</span> <span class='ocrx_word' id='word_1_884' title='bbox 1774 1669 1946 1713; x_wconf 81' lang='lat' dir='ltr'>pervenire.</span> <span class='ocrx_word' id='word_1_885' title='bbox 1972 1683 1985 1697; x_wconf 81' lang='lat'>»</span> 
     </span>
    </p>

    <p class='ocr_par' dir='ltr' id='par_1_25' title="bbox 1256 1713 2385 3311">
     <span class='ocr_line' id='line_1_113' title="bbox 1333 1713 2345 1755; baseline 0 -10"><span class='ocrx_word' id='word_1_886' title='bbox 1333 1713 1420 1745; x_wconf 80' lang='lat' dir='ltr'>Haec</span> <span class='ocrx_word' id='word_1_887' title='bbox 1444 1715 1555 1745; x_wconf 87' lang='lat' dir='ltr'>eadem</span> <span class='ocrx_word' id='word_1_888' title='bbox 1579 1721 1766 1755; x_wconf 88' lang='lat' dir='ltr'>argumenta</span> <span class='ocrx_word' id='word_1_889' title='bbox 1786 1715 1880 1745; x_wconf 89' lang='lat' dir='ltr'>habet</span> <span class='ocrx_word' id='word_1_890' title='bbox 1908 1714 2018 1745; x_wconf 88' lang='lat' dir='ltr'>omnia</span> <span class='ocrx_word' id='word_1_891' title='bbox 2042 1715 2193 1745; x_wconf 79' lang='lat' dir='ltr'>Erasmus</span> <span class='ocrx_word' id='word_1_892' title='bbox 2217 1715 2345 1746; x_wconf 83' lang='lat' dir='ltr'>Gattula</span> 
     </span>
     <span class='ocr_line' id='line_1_114' title="bbox 1264 1757 2345 1800; baseline 0.002 -12"><span class='ocrx_word' id='word_1_893' title='bbox 1264 1757 1338 1789; x_wconf 90' lang='lat' dir='ltr'>loco</span> <span class='ocrx_word' id='word_1_894' title='bbox 1363 1758 1476 1790; x_wconf 87' lang='lat' dir='ltr'>citato:</span> <span class='ocrx_word' id='word_1_895' title='bbox 1502 1759 1677 1800; x_wconf 89' lang='lat' dir='ltr'>eademque</span> <span class='ocrx_word' id='word_1_896' title='bbox 1702 1759 1768 1790; x_wconf 89' lang='lat' dir='ltr'>sine</span> <span class='ocrx_word' id='word_1_897' title='bbox 1793 1759 1892 1790; x_wconf 91' lang='lat' dir='ltr'>dubio</span> <span class='ocrx_word' id='word_1_898' title='bbox 1923 1759 2047 1800; x_wconf 89' lang='lat' dir='ltr'>pridem</span> <span class='ocrx_word' id='word_1_899' title='bbox 2071 1759 2256 1790; x_wconf 86' lang='lat' dir='ltr'>adhibuerat</span> <span class='ocrx_word' id='word_1_900' title='bbox 2280 1762 2345 1790; x_wconf 87' lang='lat' dir='ltr'>An-</span> 
     </span>
     <span class='ocr_line' id='line_1_115' title="bbox 1264 1802 2344 1845; baseline 0.001 -12"><span class='ocrx_word' id='word_1_901' title='bbox 1264 1802 1355 1843; x_wconf 88' lang='lat' dir='ltr'>gelus</span> <span class='ocrx_word' id='word_1_902' title='bbox 1380 1803 1419 1834; x_wconf 93' lang='lat' dir='ltr'>de</span> <span class='ocrx_word' id='word_1_903' title='bbox 1438 1804 1527 1834; x_wconf 92' lang='lat' dir='ltr'>Nuce</span> <span class='ocrx_word' id='word_1_904' title='bbox 1552 1804 1584 1834; x_wconf 92' lang='lat' dir='ltr'>in</span> <span class='ocrx_word' id='word_1_905' title='bbox 1609 1814 1666 1834; x_wconf 87' lang='lat' dir='ltr'>sua</span> <span class='ocrx_word' id='word_1_906' title='bbox 1690 1803 1921 1841; x_wconf 85' lang='lat' dir='ltr'>dissertatione,</span> <span class='ocrx_word' id='word_1_907' title='bbox 1948 1814 2046 1845; x_wconf 87' lang='lat' dir='ltr'>quam</span> <span class='ocrx_word' id='word_1_908' title='bbox 2071 1804 2264 1845; x_wconf 89' lang='lat' dir='ltr'>Disquisitor</span> <span class='ocrx_word' id='word_1_909' title='bbox 2291 1804 2344 1835; x_wconf 84' lang='lat' dir='ltr'>ad-</span> 
     </span>
     <span class='ocr_line' id='line_1_116' title="bbox 1264 1848 2344 1889; baseline 0.003 -12"><span class='ocrx_word' id='word_1_910' title='bbox 1264 1848 1420 1879; x_wconf 89' lang='lat' dir='ltr'>versarius</span> <span class='ocrx_word' id='word_1_911' title='bbox 1442 1855 1472 1879; x_wconf 88' lang='lat' dir='ltr'>et</span> <span class='ocrx_word' id='word_1_912' title='bbox 1496 1848 1564 1889; x_wconf 89' lang='lat' dir='ltr'>ipse</span> <span class='ocrx_word' id='word_1_913' title='bbox 1585 1849 1715 1880; x_wconf 87' lang='lat' dir='ltr'>Gattula</span> <span class='ocrx_word' id='word_1_914' title='bbox 1738 1849 1869 1879; x_wconf 82' lang='lat' dir='ltr'>laudant</span> <span class='ocrx_word' id='word_1_915' title='bbox 1895 1848 2161 1889; x_wconf 84' lang='lat' dir='ltr'>manuscriptam,</span> <span class='ocrx_word' id='word_1_916' title='bbox 2185 1849 2344 1880; x_wconf 88' lang='lat' dir='ltr'>viderunt-</span> 
     </span>
     <span class='ocr_line' id='line_1_117' title="bbox 1265 1893 2345 1934; baseline 0 -10"><span class='ocrx_word' id='word_1_917' title='bbox 1265 1902 1329 1933; x_wconf 91' lang='lat' dir='ltr'>que</span> <span class='ocrx_word' id='word_1_918' title='bbox 1360 1900 1391 1924; x_wconf 92' lang='lat' dir='ltr'>et</span> <span class='ocrx_word' id='word_1_919' title='bbox 1420 1893 1660 1934; x_wconf 83' lang='lat' dir='ltr'>exscripserunt.</span> <span class='ocrx_word' id='word_1_920' title='bbox 1691 1894 1870 1931; x_wconf 90' lang='lat' dir='ltr'>Quomodo</span> <span class='ocrx_word' id='word_1_921' title='bbox 1901 1903 1976 1924; x_wconf 91' lang='lat' dir='ltr'>vero</span> <span class='ocrx_word' id='word_1_922' title='bbox 2006 1893 2096 1934; x_wconf 88' lang='lat' dir='ltr'>pueri</span> <span class='ocrx_word' id='word_1_923' title='bbox 2121 1904 2139 1924; x_wconf 88' lang='lat' dir='ltr'>a</span> <span class='ocrx_word' id='word_1_924' title='bbox 2162 1894 2345 1934; x_wconf 83' lang='lat' dir='ltr'>parentibus</span> 
     </span>
     <span class='ocr_line' id='line_1_118' title="bbox 1265 1937 2345 1977; baseline 0.001 -9"><span class='ocrx_word' id='word_1_925' title='bbox 1265 1937 1336 1968; x_wconf 91' lang='lat' dir='ltr'>Deo</span> <span class='ocrx_word' id='word_1_926' title='bbox 1356 1937 1543 1969; x_wconf 83' lang='lat' dir='ltr'>offerrentur</span> <span class='ocrx_word' id='word_1_927' title='bbox 1562 1938 1595 1968; x_wconf 92' lang='lat' dir='ltr'>in</span> <span class='ocrx_word' id='word_1_928' title='bbox 1624 1938 1831 1977; x_wconf 77' lang='lat' dir='ltr'>monasterio,</span> <span class='ocrx_word' id='word_1_929' title='bbox 1851 1938 2068 1969; x_wconf 83' lang='lat' dir='ltr'>sanctissimus</span> <span class='ocrx_word' id='word_1_930' title='bbox 2090 1938 2269 1969; x_wconf 84' lang='lat' dir='ltr'>Patriarcha</span> <span class='ocrx_word' id='word_1_931' title='bbox 2287 1939 2345 1969; x_wconf 90' lang='lat' dir='ltr'>Be-</span> 
     </span>
     <span class='ocr_line' id='line_1_119' title="bbox 1265 1981 2346 2024; baseline 0.002 -12"><span class='ocrx_word' id='word_1_932' title='bbox 1265 1981 1410 2013; x_wconf 90' lang='lat' dir='ltr'>nedictus</span> <span class='ocrx_word' id='word_1_933' title='bbox 1430 1982 1563 2024; x_wconf 86' lang='lat' dir='ltr'>explicat</span> <span class='ocrx_word' id='word_1_934' title='bbox 1577 1983 1610 2014; x_wconf 93' lang='lat' dir='ltr'>in</span> <span class='ocrx_word' id='word_1_935' title='bbox 1625 1983 1758 2023; x_wconf 88' lang='lat' dir='ltr'>Regula,</span> <span class='ocrx_word' id='word_1_936' title='bbox 1779 1983 1879 2024; x_wconf 83' lang='lat' dir='ltr'>capite</span> <span class='ocrx_word' id='word_1_937' title='bbox 1899 1993 1960 2022; x_wconf 75' lang='lat' dir='ltr'>mx,</span> <span class='ocrx_word' id='word_1_938' title='bbox 1981 1983 2066 2014; x_wconf 88' lang='lat' dir='ltr'>hisce</span> <span class='ocrx_word' id='word_1_939' title='bbox 2084 1983 2205 2014; x_wconf 87' lang='lat' dir='ltr'>verbis:</span> <span class='ocrx_word' id='word_1_940' title='bbox 2226 1983 2262 2014; x_wconf 91' lang='lat' dir='ltr'>Si</span> <span class='ocrx_word' id='word_1_941' title='bbox 2274 1984 2346 2024; x_wconf 81' lang='lat' dir='ltr'>quis</span> 
     </span>
     <span class='ocr_line' id='line_1_120' title="bbox 1256 2026 2385 2070; baseline 0.002 -13"><span class='ocrx_word' id='word_1_942' title='bbox 1256 2026 1352 2068; x_wconf 85' lang='lat' dir='ltr'>forte</span> <span class='ocrx_word' id='word_1_943' title='bbox 1374 2027 1415 2058; x_wconf 88' lang='lat' dir='ltr'>de</span> <span class='ocrx_word' id='word_1_944' title='bbox 1438 2027 1595 2059; x_wconf 87' lang='lat' dir='ltr'>nobilibus</span> <span class='ocrx_word' id='word_1_945' title='bbox 1619 2028 1716 2069; x_wconf 87' lang='lat' dir='ltr'>offert</span> <span class='ocrx_word' id='word_1_946' title='bbox 1735 2028 1847 2070; x_wconf 91' lang='lat' dir='ltr'>filium</span> <span class='ocrx_word' id='word_1_947' title='bbox 1867 2038 1963 2059; x_wconf 87' lang='lat' dir='ltr'>suum</span> <span class='ocrx_word' id='word_1_948' title='bbox 1989 2028 2059 2059; x_wconf 89' lang='lat' dir='ltr'>Deo</span> <span class='ocrx_word' id='word_1_949' title='bbox 2085 2029 2116 2058; x_wconf 91' lang='lat' dir='ltr'>in</span> <span class='ocrx_word' id='word_1_950' title='bbox 2137 2029 2343 2066; x_wconf 88' lang='lat' dir='ltr'>monasterio,</span> <span class='ocrx_word' id='word_1_951' title='bbox 2383 2031 2385 2034; x_wconf 85' lang='lat'>&#39;</span> 
     </span>
     <span class='ocr_line' id='line_1_121' title="bbox 1264 2072 2345 2114; baseline 0.002 -12"><span class='ocrx_word' id='word_1_952' title='bbox 1264 2073 1294 2102; x_wconf 86' lang='lat' dir='ltr'>si</span> <span class='ocrx_word' id='word_1_953' title='bbox 1317 2072 1384 2112; x_wconf 85' lang='lat' dir='ltr'>ipse</span> <span class='ocrx_word' id='word_1_954' title='bbox 1401 2082 1489 2113; x_wconf 85' lang='lat' dir='ltr'>puer</span> <span class='ocrx_word' id='word_1_955' title='bbox 1512 2074 1631 2103; x_wconf 85' lang='lat' dir='ltr'>minori</span> <span class='ocrx_word' id='word_1_956' title='bbox 1653 2078 1760 2104; x_wconf 84' lang='lat' dir='ltr'>aetate</span> <span class='ocrx_word' id='word_1_957' title='bbox 1783 2079 1846 2111; x_wconf 85' lang='lat' dir='ltr'>est,</span> <span class='ocrx_word' id='word_1_958' title='bbox 1866 2078 2023 2114; x_wconf 85' lang='lat' dir='ltr'>parentes</span> <span class='ocrx_word' id='word_1_959' title='bbox 2046 2073 2115 2103; x_wconf 88' lang='lat' dir='ltr'>eius</span> <span class='ocrx_word' id='word_1_960' title='bbox 2135 2072 2270 2114; x_wconf 89' lang='lat' dir='ltr'>saciant</span> <span class='ocrx_word' id='word_1_961' title='bbox 2286 2083 2345 2113; x_wconf 90' lang='lat' dir='ltr'>pe-</span> 
     </span>
     <span class='ocr_line' id='line_1_122' title="bbox 1266 2117 2345 2158; baseline 0.001 -11"><span class='ocrx_word' id='word_1_962' title='bbox 1266 2117 1421 2155; x_wconf 87' lang='lat' dir='ltr'>titionem,</span> <span class='ocrx_word' id='word_1_963' title='bbox 1442 2127 1539 2158; x_wconf 81' lang='lat' dir='ltr'>quam</span> <span class='ocrx_word' id='word_1_964' title='bbox 1558 2128 1659 2158; x_wconf 89' lang='lat' dir='ltr'>supra</span> <span class='ocrx_word' id='word_1_965' title='bbox 1679 2118 1841 2149; x_wconf 84' lang='lat' dir='ltr'>diximus:</span> <span class='ocrx_word' id='word_1_966' title='bbox 1860 2123 1890 2148; x_wconf 87' lang='lat' dir='ltr'>et</span> <span class='ocrx_word' id='word_1_967' title='bbox 1909 2128 1981 2148; x_wconf 87' lang='lat' dir='ltr'>cum</span> <span class='ocrx_word' id='word_1_968' title='bbox 1997 2118 2156 2148; x_wconf 89' lang='lat' dir='ltr'>oblatione</span> <span class='ocrx_word' id='word_1_969' title='bbox 2175 2119 2276 2158; x_wconf 82' lang='lat' dir='ltr'>ipsam</span> <span class='ocrx_word' id='word_1_970' title='bbox 2286 2127 2345 2158; x_wconf 86' lang='lat' dir='ltr'>pe-</span> 
     </span>
     <span class='ocr_line' id='line_1_123' title="bbox 1266 2162 2346 2203; baseline 0.001 -11"><span class='ocrx_word' id='word_1_971' title='bbox 1266 2162 1410 2192; x_wconf 84' lang='lat' dir='ltr'>titionem</span> <span class='ocrx_word' id='word_1_972' title='bbox 1430 2168 1461 2193; x_wconf 83' lang='lat' dir='ltr'>et</span> <span class='ocrx_word' id='word_1_973' title='bbox 1482 2173 1614 2194; x_wconf 86' lang='lat' dir='ltr'>manum</span> <span class='ocrx_word' id='word_1_974' title='bbox 1634 2164 1732 2203; x_wconf 87' lang='lat' dir='ltr'>pueri</span> <span class='ocrx_word' id='word_1_975' title='bbox 1751 2163 1918 2194; x_wconf 79' lang='lat' dir='ltr'>involvant</span> <span class='ocrx_word' id='word_1_976' title='bbox 1937 2164 1969 2193; x_wconf 89' lang='lat' dir='ltr'>in</span> <span class='ocrx_word' id='word_1_977' title='bbox 1989 2162 2082 2203; x_wconf 83' lang='lat' dir='ltr'>palla</span> <span class='ocrx_word' id='word_1_978' title='bbox 2107 2162 2234 2200; x_wconf 81' lang='lat' dir='ltr'>altaris,</span> <span class='ocrx_word' id='word_1_979' title='bbox 2251 2168 2281 2193; x_wconf 88' lang='lat' dir='ltr'>et</span> <span class='ocrx_word' id='word_1_980' title='bbox 2299 2163 2346 2193; x_wconf 89' lang='lat' dir='ltr'>sic</span> 
     </span>
     <span class='ocr_line' id='line_1_124' title="bbox 1267 2206 2345 2248; baseline 0.001 -12"><span class='ocrx_word' id='word_1_981' title='bbox 1267 2216 1340 2237; x_wconf 88' lang='lat' dir='ltr'>eum</span> <span class='ocrx_word' id='word_1_982' title='bbox 1360 2206 1511 2247; x_wconf 88' lang='lat' dir='ltr'>offerant.</span> <span class='ocrx_word' id='word_1_983' title='bbox 1528 2207 1604 2245; x_wconf 92' lang='lat' dir='ltr'>Quo</span> <span class='ocrx_word' id='word_1_984' title='bbox 1624 2207 1697 2238; x_wconf 94' lang='lat' dir='ltr'>loco</span> <span class='ocrx_word' id='word_1_985' title='bbox 1718 2207 1937 2248; x_wconf 90' lang='lat' dir='ltr'>Disquisitoris</span> <span class='ocrx_word' id='word_1_986' title='bbox 1957 2207 2264 2238; x_wconf 84' lang='lat' dir='ltr'>animadversionem</span> <span class='ocrx_word' id='word_1_987' title='bbox 2279 2217 2345 2237; x_wconf 90' lang='lat' dir='ltr'>non</span> 
     </span>
     <span class='ocr_line' id='line_1_125' title="bbox 1268 2251 2344 2293; baseline 0 -11"><span class='ocrx_word' id='word_1_988' title='bbox 1268 2251 1502 2292; x_wconf 87' lang='lat' dir='ltr'>praetermitto:</span> <span class='ocrx_word' id='word_1_989' title='bbox 1527 2266 1540 2279; x_wconf 81' lang='grc'>«</span> <span class='ocrx_word' id='word_1_990' title='bbox 1563 2253 1629 2283; x_wconf 90' lang='lat' dir='ltr'>Nec</span> <span class='ocrx_word' id='word_1_991' title='bbox 1653 2262 1852 2293; x_wconf 87' lang='lat' dir='ltr'>quemquam</span> <span class='ocrx_word' id='word_1_992' title='bbox 1872 2251 2088 2293; x_wconf 82' lang='lat' dir='ltr'>(inquientis)</span> <span class='ocrx_word' id='word_1_993' title='bbox 2115 2251 2181 2282; x_wconf 87' lang='lat' dir='ltr'>fore</span> <span class='ocrx_word' id='word_1_994' title='bbox 2201 2251 2344 2290; x_wconf 87' lang='lat' dir='ltr'>arbitror,</span> 
     </span>
     <span class='ocr_line' id='line_1_126' title="bbox 1270 2296 2346 2337; baseline -0.001 -10"><span class='ocrx_word' id='word_1_995' title='bbox 1270 2309 1285 2323; x_wconf 57' lang='grc' dir='ltr'><strong>ν</strong></span> <span class='ocrx_word' id='word_1_996' title='bbox 1308 2296 1364 2337; x_wconf 86' lang='lat' dir='ltr'>qui</span> <span class='ocrx_word' id='word_1_997' title='bbox 1380 2296 1546 2327; x_wconf 83' lang='lat' dir='ltr'>Thomarn</span> <span class='ocrx_word' id='word_1_998' title='bbox 1565 2307 1635 2327; x_wconf 91' lang='lat' dir='ltr'>vere</span> <span class='ocrx_word' id='word_1_999' title='bbox 1656 2297 1847 2337; x_wconf 88' lang='lat' dir='ltr'>proprieque</span> <span class='ocrx_word' id='word_1_1000' title='bbox 1867 2297 1937 2327; x_wconf 86' lang='lat' dir='ltr'>Deo</span> <span class='ocrx_word' id='word_1_1001' title='bbox 1958 2296 2103 2326; x_wconf 91' lang='lat' dir='ltr'>oblatum</span> <span class='ocrx_word' id='word_1_1002' title='bbox 2123 2306 2141 2326; x_wconf 90' lang='lat' dir='ltr'>a</span> <span class='ocrx_word' id='word_1_1003' title='bbox 2164 2296 2346 2336; x_wconf 90' lang='lat' dir='ltr'>parentibus</span> 
     </span>
     <span class='ocr_line' id='line_1_127' title="bbox 1272 2339 2346 2383; baseline -0.001 -11"><span class='ocrx_word' id='word_1_1004' title='bbox 1272 2354 1285 2367; x_wconf 86' lang='lat'>»</span> <span class='ocrx_word' id='word_1_1005' title='bbox 1310 2348 1420 2381; x_wconf 88' lang='lat' dir='ltr'>neget,</span> <span class='ocrx_word' id='word_1_1006' title='bbox 1445 2341 1534 2382; x_wconf 91' lang='lat' dir='ltr'>quod</span> <span class='ocrx_word' id='word_1_1007' title='bbox 1565 2351 1621 2381; x_wconf 87' lang='lat' dir='ltr'>per</span> <span class='ocrx_word' id='word_1_1008' title='bbox 1651 2341 1730 2372; x_wconf 86' lang='lat' dir='ltr'>alios</span> <span class='ocrx_word' id='word_1_1009' title='bbox 1754 2340 1970 2383; x_wconf 85' lang='lat' dir='ltr'>(maximeque</span> <span class='ocrx_word' id='word_1_1010' title='bbox 1999 2339 2171 2383; x_wconf 84' lang='lat' dir='ltr'>nutricem)</span> <span class='ocrx_word' id='word_1_1011' title='bbox 2195 2341 2235 2371; x_wconf 89' lang='lat' dir='ltr'>ad</span> <span class='ocrx_word' id='word_1_1012' title='bbox 2259 2340 2346 2372; x_wconf 89' lang='lat' dir='ltr'>Casi-</span> 
     </span>
     <span class='ocr_line' id='line_1_128' title="bbox 1272 2385 2346 2423; baseline 0.001 -8"><span class='ocrx_word' id='word_1_1013' title='bbox 1272 2399 1285 2411; x_wconf 82' lang='lat'>»</span> <span class='ocrx_word' id='word_1_1014' title='bbox 1310 2395 1406 2416; x_wconf 88' lang='lat' dir='ltr'>nense</span> <span class='ocrx_word' id='word_1_1015' title='bbox 1430 2386 1662 2417; x_wconf 81' lang='lat' dir='ltr'>Monasterium</span> <span class='ocrx_word' id='word_1_1016' title='bbox 1688 2385 1804 2416; x_wconf 87' lang='lat' dir='ltr'>missus</span> <span class='ocrx_word' id='word_1_1017' title='bbox 1828 2386 1867 2416; x_wconf 90' lang='lat' dir='ltr'>ab</span> <span class='ocrx_word' id='word_1_1018' title='bbox 1891 2385 1928 2416; x_wconf 90' lang='lat' dir='ltr'>iis</span> <span class='ocrx_word' id='word_1_1019' title='bbox 1953 2385 2055 2416; x_wconf 86' lang='lat' dir='ltr'>fuerit.</span> <span class='ocrx_word' id='word_1_1020' title='bbox 2081 2385 2181 2423; x_wconf 91' lang='lat' dir='ltr'>Quasi</span> <span class='ocrx_word' id='word_1_1021' title='bbox 2204 2395 2280 2416; x_wconf 91' lang='lat' dir='ltr'>vero</span> <span class='ocrx_word' id='word_1_1022' title='bbox 2304 2386 2346 2416; x_wconf 91' lang='lat' dir='ltr'>le-</span> 
     </span>
     <span class='ocr_line' id='line_1_129' title="bbox 1273 2430 2347 2472; baseline 0.001 -12"><span class='ocrx_word' id='word_1_1023' title='bbox 1273 2444 1286 2456; x_wconf 84' lang='lat'>»</span> <span class='ocrx_word' id='word_1_1024' title='bbox 1309 2430 1437 2470; x_wconf 88' lang='lat' dir='ltr'>gatione</span> <span class='ocrx_word' id='word_1_1025' title='bbox 1463 2440 1595 2472; x_wconf 92' lang='lat' dir='ltr'>quoque</span> <span class='ocrx_word' id='word_1_1026' title='bbox 1622 2430 1688 2462; x_wconf 88' lang='lat' dir='ltr'>fieri</span> <span class='ocrx_word' id='word_1_1027' title='bbox 1713 2430 1832 2462; x_wconf 88' lang='lat' dir='ltr'>oblatio</span> <span class='ocrx_word' id='word_1_1028' title='bbox 1852 2440 1919 2461; x_wconf 90' lang='lat' dir='ltr'>non</span> <span class='ocrx_word' id='word_1_1029' title='bbox 1939 2436 2063 2471; x_wconf 85' lang='lat' dir='ltr'>posset:</span> <span class='ocrx_word' id='word_1_1030' title='bbox 2084 2440 2160 2460; x_wconf 90' lang='lat' dir='ltr'>cum</span> <span class='ocrx_word' id='word_1_1031' title='bbox 2183 2437 2214 2461; x_wconf 90' lang='lat' dir='ltr'>et</span> <span class='ocrx_word' id='word_1_1032' title='bbox 2233 2430 2347 2462; x_wconf 89' lang='lat' dir='ltr'>othlo-</span> 
     </span>
     <span class='ocr_line' id='line_1_130' title="bbox 1272 2474 2347 2517; baseline 0.003 -14"><span class='ocrx_word' id='word_1_1033' title='bbox 1272 2488 1286 2502; x_wconf 82' lang='lat'>»</span> <span class='ocrx_word' id='word_1_1034' title='bbox 1310 2485 1390 2505; x_wconf 90' lang='lat' dir='ltr'>num</span> <span class='ocrx_word' id='word_1_1035' title='bbox 1414 2475 1544 2515; x_wconf 89' lang='lat' dir='ltr'>perinde</span> <span class='ocrx_word' id='word_1_1036' title='bbox 1568 2475 1811 2517; x_wconf 90' lang='lat' dir='ltr'>quinquennem</span> <span class='ocrx_word' id='word_1_1037' title='bbox 1835 2486 1853 2506; x_wconf 85' lang='lat' dir='ltr'>a</span> <span class='ocrx_word' id='word_1_1038' title='bbox 1881 2482 2027 2515; x_wconf 87' lang='lat' dir='ltr'>parente,</span> <span class='ocrx_word' id='word_1_1039' title='bbox 2052 2474 2149 2505; x_wconf 84' lang='lat' dir='ltr'>missa</span> <span class='ocrx_word' id='word_1_1040' title='bbox 2172 2475 2347 2515; x_wconf 88' lang='lat' dir='ltr'>legatione,</span> 
     </span>
     <span class='ocr_line' id='line_1_131' title="bbox 1273 2519 2346 2560; baseline 0 -10"><span class='ocrx_word' id='word_1_1041' title='bbox 1273 2533 1286 2546; x_wconf 76' lang='lat'>&gt;›</span> <span class='ocrx_word' id='word_1_1042' title='bbox 1310 2520 1456 2551; x_wconf 88' lang='lat' dir='ltr'>oblatum</span> <span class='ocrx_word' id='word_1_1043' title='bbox 1475 2520 1546 2551; x_wconf 90' lang='lat' dir='ltr'>Deo</span> <span class='ocrx_word' id='word_1_1044' title='bbox 1565 2520 1709 2560; x_wconf 89' lang='lat' dir='ltr'>legamus</span> <span class='ocrx_word' id='word_1_1045' title='bbox 1723 2520 1755 2550; x_wconf 89' lang='lat' dir='ltr'>in</span> <span class='ocrx_word' id='word_1_1046' title='bbox 1775 2520 1849 2551; x_wconf 86' lang='lat' dir='ltr'>Vita</span> <span class='ocrx_word' id='word_1_1047' title='bbox 1867 2520 1966 2550; x_wconf 89' lang='lat' dir='ltr'>sancti</span> <span class='ocrx_word' id='word_1_1048' title='bbox 1990 2519 2164 2558; x_wconf 86' lang='lat' dir='ltr'>Bonifacii,</span> <span class='ocrx_word' id='word_1_1049' title='bbox 2189 2520 2290 2560; x_wconf 90' lang='lat' dir='ltr'>capite</span> <span class='ocrx_word' id='word_1_1050' title='bbox 2309 2527 2346 2550; x_wconf 87' lang='lat'>11:</span> 
     </span>
     <span class='ocr_line' id='line_1_132' title="bbox 1273 2564 2347 2606; baseline 0.002 -13"><span class='ocrx_word' id='word_1_1051' title='bbox 1273 2578 1286 2592; x_wconf 88' lang='lat'>»</span> <span class='ocrx_word' id='word_1_1052' title='bbox 1310 2564 1358 2595; x_wconf 84' lang='lat' dir='ltr'>Ab</span> <span class='ocrx_word' id='word_1_1053' title='bbox 1372 2570 1566 2606; x_wconf 80' lang='lat' dir='ltr'>aegrotante</span> <span class='ocrx_word' id='word_1_1054' title='bbox 1578 2570 1678 2606; x_wconf 86' lang='lat' dir='ltr'>patre</span> <span class='ocrx_word' id='word_1_1055' title='bbox 1690 2575 1754 2606; x_wconf 86' lang='lat' dir='ltr'>per</span> <span class='ocrx_word' id='word_1_1056' title='bbox 1768 2565 1894 2606; x_wconf 83' lang='lat' dir='ltr'>legatos</span> <span class='ocrx_word' id='word_1_1057' title='bbox 1908 2565 2039 2596; x_wconf 87' lang='lat' dir='ltr'>idoneos</span> <span class='ocrx_word' id='word_1_1058' title='bbox 2052 2565 2096 2595; x_wconf 81' lang='lat' dir='ltr'>ad</span> <span class='ocrx_word' id='word_1_1059' title='bbox 2110 2566 2347 2596; x_wconf 88' lang='lat' dir='ltr'>Monasterium</span> 
     </span>
     <span class='ocr_line' id='line_1_133' title="bbox 1273 2608 2348 2650; baseline 0.002 -13"><span class='ocrx_word' id='word_1_1060' title='bbox 1273 2622 1287 2637; x_wconf 83' lang='lat'>»</span> <span class='ocrx_word' id='word_1_1061' title='bbox 1310 2609 1453 2640; x_wconf 87' lang='lat' dir='ltr'>directus</span> <span class='ocrx_word' id='word_1_1062' title='bbox 1477 2615 1533 2640; x_wconf 88' lang='lat' dir='ltr'>est.</span> <span class='ocrx_word' id='word_1_1063' title='bbox 1557 2622 1570 2637; x_wconf 67' lang='lat'>&gt;⁹</span> <span class='ocrx_word' id='word_1_1064' title='bbox 1597 2610 1705 2647; x_wconf 87' lang='lat' dir='ltr'>Quam</span> <span class='ocrx_word' id='word_1_1065' title='bbox 1729 2610 1851 2650; x_wconf 87' lang='lat' dir='ltr'>egregie</span> <span class='ocrx_word' id='word_1_1066' title='bbox 1875 2609 1986 2640; x_wconf 89' lang='lat' dir='ltr'>miscet</span> <span class='ocrx_word' id='word_1_1067' title='bbox 2009 2608 2133 2640; x_wconf 86' lang='lat' dir='ltr'>omnia!</span> <span class='ocrx_word' id='word_1_1068' title='bbox 2157 2609 2348 2640; x_wconf 91' lang='lat' dir='ltr'>Edmundus</span> 
     </span>
     <span class='ocr_line' id='line_1_134' title="bbox 1270 2654 2347 2695; baseline 0 -11"><span class='ocrx_word' id='word_1_1069' title='bbox 1270 2655 1412 2685; x_wconf 88' lang='lat' dir='ltr'>Martene</span> <span class='ocrx_word' id='word_1_1070' title='bbox 1435 2654 1469 2684; x_wconf 91' lang='lat' dir='ltr'>in</span> <span class='ocrx_word' id='word_1_1071' title='bbox 1489 2654 1732 2686; x_wconf 89' lang='lat' dir='ltr'>Commentario</span> <span class='ocrx_word' id='word_1_1072' title='bbox 1757 2655 1797 2685; x_wconf 91' lang='lat' dir='ltr'>ad</span> <span class='ocrx_word' id='word_1_1073' title='bbox 1821 2661 1916 2695; x_wconf 89' lang='lat' dir='ltr'>caput</span> <span class='ocrx_word' id='word_1_1074' title='bbox 1935 2664 1986 2684; x_wconf 77' lang='lat' dir='ltr'>mx</span> <span class='ocrx_word' id='word_1_1075' title='bbox 2005 2654 2156 2694; x_wconf 87' lang='lat' dir='ltr'>Regulae,</span> <span class='ocrx_word' id='word_1_1076' title='bbox 2181 2654 2224 2685; x_wconf 91' lang='lat' dir='ltr'>sic</span> <span class='ocrx_word' id='word_1_1077' title='bbox 2239 2654 2347 2684; x_wconf 86' lang='lat' dir='ltr'>habet:</span> 
     </span>
     <span class='ocr_line' id='line_1_135' title="bbox 1270 2699 2348 2740; baseline -0.001 -10"><span class='ocrx_word' id='word_1_1078' title='bbox 1270 2699 1425 2730; x_wconf 87' lang='lat' dir='ltr'>Poterant</span> <span class='ocrx_word' id='word_1_1079' title='bbox 1449 2704 1556 2730; x_wconf 86' lang='lat' dir='ltr'>tamen</span> <span class='ocrx_word' id='word_1_1080' title='bbox 1574 2705 1732 2740; x_wconf 90' lang='lat' dir='ltr'>parentes</span> <span class='ocrx_word' id='word_1_1081' title='bbox 1750 2709 1814 2740; x_wconf 88' lang='lat' dir='ltr'>per</span> <span class='ocrx_word' id='word_1_1082' title='bbox 1835 2699 1929 2737; x_wconf 90' lang='lat' dir='ltr'>alios,</span> <span class='ocrx_word' id='word_1_1083' title='bbox 1943 2699 2038 2740; x_wconf 84' lang='lat' dir='ltr'>filios</span> <span class='ocrx_word' id='word_1_1084' title='bbox 2061 2708 2137 2730; x_wconf 86' lang='lat' dir='ltr'>suos</span> <span class='ocrx_word' id='word_1_1085' title='bbox 2160 2699 2291 2739; x_wconf 86' lang='lat' dir='ltr'>offerre,</span> <span class='ocrx_word' id='word_1_1086' title='bbox 2313 2704 2348 2729; x_wconf 89' lang='lat' dir='ltr'>ut</span> 
     </span>
     <span class='ocr_line' id='line_1_136' title="bbox 1264 2743 2346 2785; baseline -0.002 -10"><span class='ocrx_word' id='word_1_1087' title='bbox 1264 2749 1358 2784; x_wconf 86' lang='lat' dir='ltr'>patet</span> <span class='ocrx_word' id='word_1_1088' title='bbox 1381 2754 1424 2775; x_wconf 89' lang='lat' dir='ltr'>ex</span> <span class='ocrx_word' id='word_1_1089' title='bbox 1450 2743 1590 2775; x_wconf 88' lang='lat' dir='ltr'>Othlono</span> <span class='ocrx_word' id='word_1_1090' title='bbox 1614 2745 1646 2775; x_wconf 90' lang='lat' dir='ltr'>in</span> <span class='ocrx_word' id='word_1_1091' title='bbox 1672 2745 1736 2775; x_wconf 87' lang='lat' dir='ltr'>vita</span> <span class='ocrx_word' id='word_1_1092' title='bbox 1761 2746 1866 2775; x_wconf 88' lang='lat' dir='ltr'>sancti</span> <span class='ocrx_word' id='word_1_1093' title='bbox 1887 2743 2068 2785; x_wconf 76' lang='lat' dir='ltr'>Bonifacii,</span> <span class='ocrx_word' id='word_1_1094' title='bbox 2094 2745 2198 2784; x_wconf 87' lang='lat' dir='ltr'>capite</span> <span class='ocrx_word' id='word_1_1095' title='bbox 2217 2754 2247 2773; x_wconf 90' lang='lat'>11.</span> <span class='ocrx_word' id='word_1_1096' title='bbox 2272 2744 2346 2773; x_wconf 93' lang='lat' dir='ltr'>Non</span> 
     </span>
     <span class='ocr_line' id='line_1_137' title="bbox 1271 2788 2348 2829; baseline -0.001 -10"><span class='ocrx_word' id='word_1_1097' title='bbox 1271 2788 1465 2826; x_wconf 89' lang='lat' dir='ltr'>Othlonum,</span> <span class='ocrx_word' id='word_1_1098' title='bbox 1488 2789 1544 2819; x_wconf 91' lang='lat' dir='ltr'>sed</span> <span class='ocrx_word' id='word_1_1099' title='bbox 1566 2789 1770 2820; x_wconf 84' lang='lat' dir='ltr'>Bonifacium</span> <span class='ocrx_word' id='word_1_1100' title='bbox 1795 2799 1851 2829; x_wconf 91' lang='lat' dir='ltr'>per</span> <span class='ocrx_word' id='word_1_1101' title='bbox 1879 2789 1969 2827; x_wconf 78' lang='lat' dir='ltr'>ahos,</span> <span class='ocrx_word' id='word_1_1102' title='bbox 1989 2799 2088 2829; x_wconf 89' lang='lat' dir='ltr'>quam</span> <span class='ocrx_word' id='word_1_1103' title='bbox 2114 2798 2170 2829; x_wconf 90' lang='lat' dir='ltr'>per</span> <span class='ocrx_word' id='word_1_1104' title='bbox 2193 2794 2348 2828; x_wconf 87' lang='lat' dir='ltr'>parentes,</span> 
     </span>
     <span class='ocr_line' id='line_1_138' title="bbox 1272 2832 2348 2874; baseline -0.002 -10"><span class='ocrx_word' id='word_1_1105' title='bbox 1272 2833 1418 2864; x_wconf 87' lang='lat' dir='ltr'>oblatum</span> <span class='ocrx_word' id='word_1_1106' title='bbox 1442 2834 1531 2871; x_wconf 92' lang='lat' dir='ltr'>Deo,</span> <span class='ocrx_word' id='word_1_1107' title='bbox 1556 2841 1646 2864; x_wconf 89' lang='lat' dir='ltr'>notat</span> <span class='ocrx_word' id='word_1_1108' title='bbox 1675 2835 1834 2872; x_wconf 66' lang='lat' dir='ltr'>Martem,</span> <span class='ocrx_word' id='word_1_1109' title='bbox 1865 2834 2043 2874; x_wconf 90' lang='lat' dir='ltr'>probatque</span> <span class='ocrx_word' id='word_1_1110' title='bbox 2073 2843 2110 2863; x_wconf 84' lang='lat' dir='ltr'>ex</span> <span class='ocrx_word' id='word_1_1111' title='bbox 2142 2833 2287 2864; x_wconf 91' lang='lat' dir='ltr'>Othlono</span> <span class='ocrx_word' id='word_1_1112' title='bbox 2315 2832 2348 2862; x_wconf 91' lang='lat' dir='ltr'>in</span> 
     </span>
     <span class='ocr_line' id='line_1_139' title="bbox 1272 2877 2349 2918; baseline -0.002 -9"><span class='ocrx_word' id='word_1_1113' title='bbox 1272 2878 1417 2909; x_wconf 89' lang='lat' dir='ltr'>eiusdem</span> <span class='ocrx_word' id='word_1_1114' title='bbox 1439 2877 1596 2909; x_wconf 83' lang='lat' dir='ltr'>Bonifacii</span> <span class='ocrx_word' id='word_1_1115' title='bbox 1629 2878 1709 2909; x_wconf 87' lang='lat' dir='ltr'>vita:</span> <span class='ocrx_word' id='word_1_1116' title='bbox 1742 2878 1797 2908; x_wconf 88' lang='lat' dir='ltr'>sed</span> <span class='ocrx_word' id='word_1_1117' title='bbox 1829 2878 1937 2918; x_wconf 90' lang='lat' dir='ltr'>ipsum</span> <span class='ocrx_word' id='word_1_1118' title='bbox 1963 2878 2163 2915; x_wconf 89' lang='lat' dir='ltr'>Othlonum,</span> <span class='ocrx_word' id='word_1_1119' title='bbox 2188 2877 2283 2907; x_wconf 90' lang='lat' dir='ltr'>missa</span> <span class='ocrx_word' id='word_1_1120' title='bbox 2306 2877 2349 2907; x_wconf 91' lang='lat' dir='ltr'>le-</span> 
     </span>
     <span class='ocr_line' id='line_1_140' title="bbox 1272 2919 2348 2964; baseline -0.003 -10"><span class='ocrx_word' id='word_1_1121' title='bbox 1272 2923 1411 2964; x_wconf 87' lang='lat' dir='ltr'>gatione,</span> <span class='ocrx_word' id='word_1_1122' title='bbox 1427 2923 1497 2954; x_wconf 92' lang='lat' dir='ltr'>Deo</span> <span class='ocrx_word' id='word_1_1123' title='bbox 1518 2923 1663 2954; x_wconf 89' lang='lat' dir='ltr'>oblatum</span> <span class='ocrx_word' id='word_1_1124' title='bbox 1678 2923 1830 2954; x_wconf 81' lang='lat' dir='ltr'>intellexit</span> <span class='ocrx_word' id='word_1_1125' title='bbox 1848 2923 2052 2964; x_wconf 90' lang='lat' dir='ltr'>Disquisitor,</span> <span class='ocrx_word' id='word_1_1126' title='bbox 2068 2923 2245 2962; x_wconf 84' lang='lat' dir='ltr'>probatque</span> <span class='ocrx_word' id='word_1_1127' title='bbox 2265 2919 2348 2964; x_wconf 90' lang='lat' dir='ltr'>(per-</span> 
     </span>
     <span class='ocr_line' id='line_1_141' title="bbox 1273 2966 2348 3010; baseline -0.003 -11"><span class='ocrx_word' id='word_1_1128' title='bbox 1273 2978 1383 3008; x_wconf 90' lang='lat' dir='ltr'>peram</span> <span class='ocrx_word' id='word_1_1129' title='bbox 1420 2967 1559 3010; x_wconf 86' lang='lat' dir='ltr'>scilicet)</span> <span class='ocrx_word' id='word_1_1130' title='bbox 1593 2979 1630 2999; x_wconf 85' lang='lat' dir='ltr'>ex</span> <span class='ocrx_word' id='word_1_1131' title='bbox 1660 2968 1724 2999; x_wconf 90' lang='lat' dir='ltr'>vita</span> <span class='ocrx_word' id='word_1_1132' title='bbox 1757 2979 1781 2998; x_wconf 91' lang='lat' dir='ltr'>s.</span> <span class='ocrx_word' id='word_1_1133' title='bbox 1806 2967 1972 2998; x_wconf 87' lang='lat' dir='ltr'>Bonifacii.</span> <span class='ocrx_word' id='word_1_1134' title='bbox 2005 2967 2147 2997; x_wconf 91' lang='lat' dir='ltr'>Huiusce</span> <span class='ocrx_word' id='word_1_1135' title='bbox 2179 2966 2278 2996; x_wconf 89' lang='lat' dir='ltr'>vitam</span> <span class='ocrx_word' id='word_1_1136' title='bbox 2310 2967 2348 2996; x_wconf 91' lang='lat' dir='ltr'>ab</span> 
     </span>
     <span class='ocr_line' id='line_1_142' title="bbox 1273 3011 2349 3050; baseline -0.002 -7"><span class='ocrx_word' id='word_1_1137' title='bbox 1273 3012 1419 3044; x_wconf 90' lang='lat' dir='ltr'>Othlono</span> <span class='ocrx_word' id='word_1_1138' title='bbox 1451 3012 1675 3044; x_wconf 89' lang='lat' dir='ltr'>concinnatam</span> <span class='ocrx_word' id='word_1_1139' title='bbox 1705 3013 1872 3043; x_wconf 88' lang='lat' dir='ltr'>ediderunt</span> <span class='ocrx_word' id='word_1_1140' title='bbox 1895 3012 2060 3050; x_wconf 89' lang='lat' dir='ltr'>Canisius,</span> <span class='ocrx_word' id='word_1_1141' title='bbox 2085 3011 2258 3048; x_wconf 89' lang='lat' dir='ltr'>Serrarius,</span> <span class='ocrx_word' id='word_1_1142' title='bbox 2283 3011 2349 3042; x_wconf 91' lang='lat' dir='ltr'>Ma-</span> 
     </span>
     <span class='ocr_line' id='line_1_143' title="bbox 1273 3055 2350 3097; baseline -0.003 -9"><span class='ocrx_word' id='word_1_1143' title='bbox 1273 3057 1425 3088; x_wconf 88' lang='lat' dir='ltr'>billonius</span> <span class='ocrx_word' id='word_1_1144' title='bbox 1449 3057 1577 3088; x_wconf 92' lang='lat' dir='ltr'>saeculo</span> <span class='ocrx_word' id='word_1_1145' title='bbox 1598 3058 1638 3087; x_wconf 92' lang='lat'>111</span> <span class='ocrx_word' id='word_1_1146' title='bbox 1659 3057 1875 3089; x_wconf 81' lang='lat' dir='ltr'>Benedictino.</span> <span class='ocrx_word' id='word_1_1147' title='bbox 1897 3056 2009 3097; x_wconf 88' lang='lat' dir='ltr'>Capite</span> <span class='ocrx_word' id='word_1_1148' title='bbox 2029 3067 2050 3086; x_wconf 85' lang='lat'>11</span> <span class='ocrx_word' id='word_1_1149' title='bbox 2070 3056 2176 3093; x_wconf 90' lang='lat' dir='ltr'>citato,</span> <span class='ocrx_word' id='word_1_1150' title='bbox 2200 3056 2277 3086; x_wconf 89' lang='lat' dir='ltr'>haec</span> <span class='ocrx_word' id='word_1_1151' title='bbox 2296 3055 2350 3086; x_wconf 91' lang='lat' dir='ltr'>ha-</span> 
     </span>
     <span class='ocr_line' id='line_1_144' title="bbox 1273 3101 2350 3143; baseline -0.003 -10"><span class='ocrx_word' id='word_1_1152' title='bbox 1273 3103 1388 3133; x_wconf 89' lang='lat' dir='ltr'>bentur</span> <span class='ocrx_word' id='word_1_1153' title='bbox 1410 3103 1522 3132; x_wconf 82' lang='lat' dir='ltr'>verba:</span> <span class='ocrx_word' id='word_1_1154' title='bbox 1546 3103 1662 3140; x_wconf 88' lang='lat' dir='ltr'>Pater,</span> <span class='ocrx_word' id='word_1_1155' title='bbox 1687 3103 1743 3143; x_wconf 82' lang='lat' dir='ltr'>qui</span> <span class='ocrx_word' id='word_1_1156' title='bbox 1765 3102 1855 3132; x_wconf 86' lang='lat' dir='ltr'>solus</span> <span class='ocrx_word' id='word_1_1157' title='bbox 1878 3107 1949 3132; x_wconf 89' lang='lat' dir='ltr'>erat</span> <span class='ocrx_word' id='word_1_1158' title='bbox 1972 3101 2213 3141; x_wconf 88' lang='lat' dir='ltr'>impedimento,</span> <span class='ocrx_word' id='word_1_1159' title='bbox 2239 3110 2350 3141; x_wconf 86' lang='lat' dir='ltr'>repen-</span> 
     </span>
     <span class='ocr_line' id='line_1_145' title="bbox 1274 3146 2348 3188; baseline -0.002 -11"><span class='ocrx_word' id='word_1_1160' title='bbox 1274 3148 1342 3177; x_wconf 88' lang='lat' dir='ltr'>tina</span> <span class='ocrx_word' id='word_1_1161' title='bbox 1367 3147 1556 3188; x_wconf 86' lang='lat' dir='ltr'>infirmitate</span> <span class='ocrx_word' id='word_1_1162' title='bbox 1586 3152 1771 3187; x_wconf 87' lang='lat' dir='ltr'>correptus,</span> <span class='ocrx_word' id='word_1_1163' title='bbox 1790 3147 1968 3187; x_wconf 81' lang='lat' dir='ltr'>pristinam</span> <span class='ocrx_word' id='word_1_1164' title='bbox 1999 3146 2115 3176; x_wconf 84' lang='lat' dir='ltr'>mentis</span> <span class='ocrx_word' id='word_1_1165' title='bbox 2132 3146 2348 3185; x_wconf 87' lang='lat' dir='ltr'>pertinaciam</span> 
     </span>
     <span class='ocr_line' id='line_1_146' title="bbox 1273 3190 2350 3232; baseline -0.003 -10"><span class='ocrx_word' id='word_1_1166' title='bbox 1273 3192 1436 3232; x_wconf 87' lang='lat' dir='ltr'>deposuit,</span> <span class='ocrx_word' id='word_1_1167' title='bbox 1462 3201 1668 3232; x_wconf 84' lang='lat' dir='ltr'>puerumque</span> <span class='ocrx_word' id='word_1_1168' title='bbox 1694 3201 1758 3232; x_wconf 87' lang='lat' dir='ltr'>per</span> <span class='ocrx_word' id='word_1_1169' title='bbox 1790 3192 1916 3232; x_wconf 85' lang='lat' dir='ltr'>legatos</span> <span class='ocrx_word' id='word_1_1170' title='bbox 1949 3191 2079 3221; x_wconf 82' lang='lat' dir='ltr'>idoneos</span> <span class='ocrx_word' id='word_1_1171' title='bbox 2110 3190 2154 3220; x_wconf 86' lang='lat' dir='ltr'>ad</span> <span class='ocrx_word' id='word_1_1172' title='bbox 2186 3191 2350 3220; x_wconf 86' lang='lat' dir='ltr'>Monaste-</span> 
     </span>
     <span class='ocr_line' id='line_1_147' title="bbox 1274 3234 2352 3274; baseline -0.003 -7"><span class='ocrx_word' id='word_1_1173' title='bbox 1274 3237 1359 3267; x_wconf 90' lang='lat' dir='ltr'>rium</span> <span class='ocrx_word' id='word_1_1174' title='bbox 1371 3259 1379 3267; x_wconf 96' lang='lat'>.</span> <span class='ocrx_word' id='word_1_1175' title='bbox 1391 3259 1399 3267; x_wconf 96' lang='lat'>.</span> <span class='ocrx_word' id='word_1_1176' title='bbox 1411 3259 1418 3267; x_wconf 93' lang='lat'>.</span> <span class='ocrx_word' id='word_1_1177' title='bbox 1430 3236 1559 3267; x_wconf 87' lang='lat' dir='ltr'>direxit.</span> <span class='ocrx_word' id='word_1_1178' title='bbox 1577 3236 1674 3273; x_wconf 86' lang='lat' dir='ltr'>Quod</span> <span class='ocrx_word' id='word_1_1179' title='bbox 1695 3236 1762 3266; x_wconf 88' lang='lat' dir='ltr'>aliis</span> <span class='ocrx_word' id='word_1_1180' title='bbox 1782 3235 2001 3266; x_wconf 89' lang='lat' dir='ltr'>monumentis</span> <span class='ocrx_word' id='word_1_1181' title='bbox 2021 3242 2052 3265; x_wconf 90' lang='lat' dir='ltr'>et</span> <span class='ocrx_word' id='word_1_1182' title='bbox 2070 3234 2222 3274; x_wconf 85' lang='lat' dir='ltr'>exemplis</span> <span class='ocrx_word' id='word_1_1183' title='bbox 2237 3234 2352 3265; x_wconf 86' lang='lat' dir='ltr'>evincit</span> 
     </span>
     <span class='ocr_line' id='line_1_148' title="bbox 1273 3281 1595 3311; baseline 0.003 -1"><span class='ocrx_word' id='word_1_1184' title='bbox 1273 3281 1421 3311; x_wconf 88' lang='lat' dir='ltr'>laudatus</span> <span class='ocrx_word' id='word_1_1185' title='bbox 1445 3281 1595 3311; x_wconf 90' lang='lat' dir='ltr'>Martene.</span> 
     </span>
    </p>

    <p class='ocr_par' dir='ltr' id='par_1_26' title="bbox 1273 3323 2352 3675">
     <span class='ocr_line' id='line_1_149' title="bbox 1341 3323 2350 3365; baseline -0.003 -10"><span class='ocrx_word' id='word_1_1186' title='bbox 1341 3324 1507 3355; x_wconf 90' lang='lat' dir='ltr'>Petitionis</span> <span class='ocrx_word' id='word_1_1187' title='bbox 1538 3325 1715 3365; x_wconf 89' lang='lat' dir='ltr'>praedictae</span> <span class='ocrx_word' id='word_1_1188' title='bbox 1738 3335 1774 3355; x_wconf 90' lang='lat' dir='ltr'>ac</span> <span class='ocrx_word' id='word_1_1189' title='bbox 1798 3324 1969 3355; x_wconf 89' lang='lat' dir='ltr'>oblationis</span> <span class='ocrx_word' id='word_1_1190' title='bbox 1993 3324 2166 3354; x_wconf 83' lang='lat' dir='ltr'>formulam</span> <span class='ocrx_word' id='word_1_1191' title='bbox 2199 3323 2350 3361; x_wconf 89' lang='lat' dir='ltr'>exhibeo,</span> 
     </span>
     <span class='ocr_line' id='line_1_150' title="bbox 1274 3367 2352 3410; baseline -0.003 -11"><span class='ocrx_word' id='word_1_1192' title='bbox 1274 3379 1374 3410; x_wconf 87' lang='lat' dir='ltr'>quarn</span> <span class='ocrx_word' id='word_1_1193' title='bbox 1404 3375 1528 3399; x_wconf 88' lang='lat' dir='ltr'>erutam</span> <span class='ocrx_word' id='word_1_1194' title='bbox 1558 3379 1596 3399; x_wconf 87' lang='lat' dir='ltr'>ex</span> <span class='ocrx_word' id='word_1_1195' title='bbox 1625 3379 1684 3399; x_wconf 90' lang='lat' dir='ltr'>ms.</span> <span class='ocrx_word' id='word_1_1196' title='bbox 1711 3369 1819 3400; x_wconf 93' lang='lat' dir='ltr'>codice</span> <span class='ocrx_word' id='word_1_1197' title='bbox 1850 3368 2015 3399; x_wconf 89' lang='lat' dir='ltr'>Casinensi</span> <span class='ocrx_word' id='word_1_1198' title='bbox 2046 3367 2193 3398; x_wconf 87' lang='lat' dir='ltr'>describit</span> <span class='ocrx_word' id='word_1_1199' title='bbox 2223 3367 2352 3397; x_wconf 84' lang='lat' dir='ltr'>Gattula</span> 
     </span>
     <span class='ocr_line' id='line_1_151' title="bbox 1273 3411 2351 3454; baseline -0.002 -11"><span class='ocrx_word' id='word_1_1200' title='bbox 1273 3414 1348 3444; x_wconf 93' lang='lat' dir='ltr'>loco</span> <span class='ocrx_word' id='word_1_1201' title='bbox 1368 3413 1475 3452; x_wconf 91' lang='lat' dir='ltr'>citato,</span> <span class='ocrx_word' id='word_1_1202' title='bbox 1496 3413 1693 3454; x_wconf 89' lang='lat' dir='ltr'>protulitque</span> <span class='ocrx_word' id='word_1_1203' title='bbox 1713 3413 1906 3453; x_wconf 89' lang='lat' dir='ltr'>Disquisitor</span> <span class='ocrx_word' id='word_1_1204' title='bbox 1927 3423 1964 3443; x_wconf 85' lang='lat' dir='ltr'>ex</span> <span class='ocrx_word' id='word_1_1205' title='bbox 1982 3412 2096 3452; x_wconf 86' lang='lat' dir='ltr'>Angeli</span> <span class='ocrx_word' id='word_1_1206' title='bbox 2115 3412 2154 3442; x_wconf 92' lang='lat' dir='ltr'>de</span> <span class='ocrx_word' id='word_1_1207' title='bbox 2180 3412 2270 3442; x_wconf 92' lang='lat' dir='ltr'>Nuce</span> <span class='ocrx_word' id='word_1_1208' title='bbox 2289 3411 2351 3441; x_wconf 90' lang='lat' dir='ltr'>dis-</span> 
     </span>
     <span class='ocr_line' id='line_1_152' title="bbox 1274 3455 2352 3497; baseline -0.002 -9"><span class='ocrx_word' id='word_1_1209' title='bbox 1274 3457 1453 3488; x_wconf 88' lang='lat' dir='ltr'>sertatione.</span> <span class='ocrx_word' id='word_1_1210' title='bbox 1473 3457 1615 3497; x_wconf 90' lang='lat' dir='ltr'>Nempe:</span> <span class='ocrx_word' id='word_1_1211' title='bbox 1642 3470 1656 3484; x_wconf 72' lang='grc' dir='ltr'><em>α</em></span> <span class='ocrx_word' id='word_1_1212' title='bbox 1675 3458 1745 3497; x_wconf 90' lang='lat' dir='ltr'>Ego</span> <span class='ocrx_word' id='word_1_1213' title='bbox 1764 3458 1803 3487; x_wconf 89' lang='lat' dir='ltr'>N.</span> <span class='ocrx_word' id='word_1_1214' title='bbox 1824 3457 1991 3497; x_wconf 87' lang='lat' dir='ltr'>Princeps,</span> <span class='ocrx_word' id='word_1_1215' title='bbox 2015 3457 2066 3486; x_wconf 92' lang='lat' dir='ltr'>vel</span> <span class='ocrx_word' id='word_1_1216' title='bbox 2081 3456 2211 3494; x_wconf 86' lang='lat' dir='ltr'>Comes,</span> <span class='ocrx_word' id='word_1_1217' title='bbox 2235 3455 2268 3486; x_wconf 92' lang='lat' dir='ltr'>in</span> <span class='ocrx_word' id='word_1_1218' title='bbox 2292 3455 2352 3486; x_wconf 89' lang='lat' dir='ltr'>Dei</span> 
     </span>
     <span class='ocr_line' id='line_1_153' title="bbox 1277 3500 2352 3541; baseline -0.001 -10"><span class='ocrx_word' id='word_1_1219' title='bbox 1277 3515 1291 3529; x_wconf 83' lang='lat'>»</span> <span class='ocrx_word' id='word_1_1220' title='bbox 1315 3501 1546 3541; x_wconf 88' lang='lat' dir='ltr'>omnipotentis</span> <span class='ocrx_word' id='word_1_1221' title='bbox 1570 3501 1702 3531; x_wconf 88' lang='lat' dir='ltr'>nomine</span> <span class='ocrx_word' id='word_1_1222' title='bbox 1725 3501 1812 3532; x_wconf 93' lang='lat' dir='ltr'>hunc</span> <span class='ocrx_word' id='word_1_1223' title='bbox 1836 3500 1940 3531; x_wconf 87' lang='lat' dir='ltr'>filium</span> <span class='ocrx_word' id='word_1_1224' title='bbox 1967 3511 2078 3531; x_wconf 87' lang='lat' dir='ltr'>meum</span> <span class='ocrx_word' id='word_1_1225' title='bbox 2101 3501 2140 3531; x_wconf 89' lang='lat' dir='ltr'>N.</span> <span class='ocrx_word' id='word_1_1226' title='bbox 2163 3510 2271 3531; x_wconf 89' lang='lat' dir='ltr'>coram</span> <span class='ocrx_word' id='word_1_1227' title='bbox 2295 3500 2352 3531; x_wconf 92' lang='lat' dir='ltr'>do-</span> 
     </span>
     <span class='ocr_line' id='line_1_154' title="bbox 1277 3544 2351 3585; baseline 0.003 -12"><span class='ocrx_word' id='word_1_1228' title='bbox 1277 3559 1291 3573; x_wconf 84' lang='lat'>»</span> <span class='ocrx_word' id='word_1_1229' title='bbox 1315 3545 1405 3576; x_wconf 91' lang='lat' dir='ltr'>mino</span> <span class='ocrx_word' id='word_1_1230' title='bbox 1428 3546 1468 3576; x_wconf 88' lang='lat' dir='ltr'>N.</span> <span class='ocrx_word' id='word_1_1231' title='bbox 1493 3545 1634 3584; x_wconf 87' lang='lat' dir='ltr'>Abbate‚</span> <span class='ocrx_word' id='word_1_1232' title='bbox 1659 3552 1690 3576; x_wconf 93' lang='lat' dir='ltr'>et</span> <span class='ocrx_word' id='word_1_1233' title='bbox 1714 3552 1828 3584; x_wconf 85' lang='lat' dir='ltr'>cuncta</span> <span class='ocrx_word' id='word_1_1234' title='bbox 1858 3545 2103 3585; x_wconf 88' lang='lat' dir='ltr'>congregatione</span> <span class='ocrx_word' id='word_1_1235' title='bbox 2133 3544 2230 3575; x_wconf 90' lang='lat' dir='ltr'>huius</span> <span class='ocrx_word' id='word_1_1236' title='bbox 2253 3545 2351 3576; x_wconf 88' lang='lat' dir='ltr'>sancti</span> 
     </span>
     <span class='ocr_line' id='line_1_155' title="bbox 1277 3589 2352 3628; baseline 0.002 -10"><span class='ocrx_word' id='word_1_1237' title='bbox 1277 3603 1291 3618; x_wconf 77' lang='lat'><strong>»</strong></span> <span class='ocrx_word' id='word_1_1238' title='bbox 1314 3589 1389 3628; x_wconf 91' lang='lat' dir='ltr'>loci,</span> <span class='ocrx_word' id='word_1_1239' title='bbox 1416 3589 1506 3620; x_wconf 87' lang='lat' dir='ltr'>trado</span> <span class='ocrx_word' id='word_1_1240' title='bbox 1529 3589 1564 3619; x_wconf 91' lang='lat' dir='ltr'>in</span> <span class='ocrx_word' id='word_1_1241' title='bbox 1586 3589 1649 3620; x_wconf 92' lang='lat' dir='ltr'>hoc</span> <span class='ocrx_word' id='word_1_1242' title='bbox 1672 3589 1867 3620; x_wconf 87' lang='lat' dir='ltr'>Monasterio</span> <span class='ocrx_word' id='word_1_1243' title='bbox 1890 3600 1914 3620; x_wconf 87' lang='lat' dir='ltr'>s.</span> <span class='ocrx_word' id='word_1_1244' title='bbox 1935 3589 2138 3620; x_wconf 83' lang='lat' dir='ltr'>Confessoris</span> <span class='ocrx_word' id='word_1_1245' title='bbox 2157 3589 2275 3620; x_wconf 88' lang='lat' dir='ltr'>Christi</span> <span class='ocrx_word' id='word_1_1246' title='bbox 2292 3589 2352 3620; x_wconf 92' lang='lat' dir='ltr'>Be-</span> 
     </span>
     <span class='ocr_line' id='line_1_156' title="bbox 1277 3633 2352 3675; baseline 0.002 -12"><span class='ocrx_word' id='word_1_1247' title='bbox 1277 3647 1291 3662; x_wconf 80' lang='lat'>»</span> <span class='ocrx_word' id='word_1_1248' title='bbox 1316 3634 1444 3673; x_wconf 90' lang='lat' dir='ltr'>nedicti,</span> <span class='ocrx_word' id='word_1_1249' title='bbox 1465 3634 1557 3666; x_wconf 91' lang='lat' dir='ltr'>cuius</span> <span class='ocrx_word' id='word_1_1250' title='bbox 1581 3644 1697 3675; x_wconf 90' lang='lat' dir='ltr'>corpus</span> <span class='ocrx_word' id='word_1_1251' title='bbox 1716 3634 1767 3665; x_wconf 91' lang='lat' dir='ltr'>hic</span> <span class='ocrx_word' id='word_1_1252' title='bbox 1787 3634 1977 3673; x_wconf 85' lang='lat' dir='ltr'>continetur,</span> <span class='ocrx_word' id='word_1_1253' title='bbox 1998 3644 2106 3667; x_wconf 86' lang='lat' dir='ltr'>coram</span> <span class='ocrx_word' id='word_1_1254' title='bbox 2127 3633 2258 3665; x_wconf 87' lang='lat' dir='ltr'>testibus</span> <span class='ocrx_word' id='word_1_1255' title='bbox 2277 3644 2352 3665; x_wconf 89' lang='lat' dir='ltr'>cum</span> 
     </span>
    </p>
   </div>
   <div class='ocr_carea' id='block_1_22' title="bbox 2191 3699 2207 3723">
    <p class='ocr_par' dir='ltr' id='par_1_27' title="bbox 2191 3699 2207 3723">
     <span class='ocr_line' id='line_1_157' title="bbox 2191 3699 2207 3723; baseline 0 0"><span class='ocrx_word' id='word_1_1256' title='bbox 2191 3699 2207 3723; x_wconf 90' lang='lat'>8</span> 
     </span>
    </p>
   </div>
  </div>
 </body>
</html>
