2548 4192
201 285 307 311 CLXVI

203 358 359 394 quantum
384 354 416 384 in
441 354 487 383 eis
517 358 617 390 esset,
642 353 675 382 in
706 353 886 383 societatem
919 352 1140 382 scholasticam
1171 355 1201 380 et
1230 350 1275 380 ad

207 398 454 428 Universitatem
478 398 692 428 Parisiensem
717 398 904 436 reciperent.
922 396 1008 426 Haec
1024 395 1118 424 verba
1136 393 1272 433 legimus

202 442 236 472 in
259 441 425 472 Pontificia
449 440 686 472 Constitutione
709 441 761 471 die
782 449 801 470 2
824 440 961 470 octobris
983 439 1063 469 anni
1081 438 1160 477 1257
1190 438 1272 476 data,

203 496 267 527 qua
291 486 423 517 demum
446 486 580 516 dissidiis
604 484 820 525 optatissimus
843 483 914 513 finis
937 482 1108 523 impositus
1132 488 1188 512 est.

271 531 308 562 ΙΙ.
333 531 368 560 111
396 530 508 560 urbem
540 539 615 569 ergo
647 528 820 559 Parisinarn
848 527 946 558 redux
975 527 1120 557 Thomas
1149 526 1272 566 princi-

196 576 290 615 pium
316 575 484 615 regiminis
506 573 616 603 habuit
639 573 672 602 in
700 572 772 602 aula
804 571 995 611 episcopali,
1020 575 1273 610 conventumque

202 620 321 659 recepit
347 619 380 648 in
412 617 572 656 theologia
599 626 635 646 ac
666 615 847 646 Parisiensis
879 615 1028 655 magister
1055 613 1180 654 agnitus
1208 620 1271 644 est:

202 663 291 704 quod
314 662 365 692 alii
389 661 536 692 accidisse
555 666 668 700 putant
682 659 796 690 eodem
811 669 920 689 mense
939 659 1061 690 octobri
1080 657 1153 688 anni
1177 658 1270 695 1256,

201 707 254 737 alii
278 715 362 736 anno
390 705 574 745 insequente
606 710 680 744 post
712 703 829 734 editam
859 703 911 734 die
937 712 956 734 2
979 703 1116 734 octobris
1147 711 1271 731 memo-

201 757 300 781 ratam
325 748 606 780 Constitutionem.
632 748 803 778 Biennium
826 747 900 778 inde
923 747 1092 788 magisterii
1117 746 1156 776 de
1178 755 1269 775 more

200 794 320 835 peregit
343 792 500 833 Aquinas:
526 798 620 833 atque
644 802 729 822 anno
753 792 879 832 primo,
904 802 978 823 cum
1000 792 1065 822 iarn
1088 790 1271 823 Sententias

200 847 285 868 anno
315 838 394 867 1255
420 842 451 867 et
478 837 559 866 1256
584 836 749 866 turbarum
771 843 915 876 tempore
936 836 1141 877 explanasset,
1160 843 1270 868 earum

197 882 271 913 loco
299 881 509 918 Quaestiones
531 881 571 911 de
595 880 743 918 Veritate‚
769 887 806 911 ut
828 880 1036 921 appellantur,
1052 879 1269 921 pertractavit:

199 926 361 966 alteroque
391 925 577 955 succedente
605 934 690 955 anno
715 925 875 965 generales
891 925 1119 966 disputationes
1148 923 1269 962 habuit,

198 970 232 1000 in
255 969 371 1010 quibus
394 979 454 1000 sex
479 968 690 1007 Quodlibeta,
714 975 751 999 ut
779 969 918 1007 aiebant,
943 970 1181 1001 determinavit:
1205 979 1269 1011 qua

199 1014 238 1044 de
260 1023 293 1044 re
316 1013 410 1044 latius
442 1023 502 1044 suo
534 1013 608 1044 loco
641 1014 810 1053 agendum.
830 1014 915 1044 Hinc
946 1024 1022 1044 vero
1051 1014 1090 1044 de
1113 1021 1268 1055 tempore,

199 1068 265 1099 quo
289 1057 434 1088 Thomas
466 1057 745 1088 commentarium
776 1057 809 1088 in
833 1057 1015 1089 Sententias
1043 1058 1149 1097 edidit,
1173 1069 1269 1099 agens

198 1102 403 1133 Ptolomaeus
427 1101 466 1132 de
489 1102 596 1132 Luca:
620 1101 718 1142 Infra
751 1103 952 1143 trigesimum
976 1113 1119 1140 annum,
1144 1103 1267 1144 inquit,

199 1147 382 1177 Sententias
404 1146 484 1187 legit
507 1151 538 1177 et
561 1151 749 1177 conventum
775 1147 807 1176 in
831 1147 992 1188 theologia
1015 1148 1083 1178 sive
1106 1148 1267 1178 licentiam

198 1192 326 1231 recepit.
343 1190 435 1230 Legit
457 1200 573 1231 nempe
592 1190 774 1221 Sententias
796 1191 835 1221 ab
859 1201 944 1222 anno
973 1193 1054 1222 1253
1075 1192 1205 1222 cadente
1229 1192 1268 1222 ad

198 1245 320 1266 annum
349 1235 441 1265 1256.
462 1235 534 1265 Hoc
557 1244 643 1265 anno
665 1235 746 1265 1256
762 1235 903 1274 ineunte,
919 1235 990 1266 data
1007 1236 1110 1266 eidem
1129 1237 1167 1266 ab
1185 1236 1267 1267 Can-

199 1279 324 1310 cellario
357 1279 574 1310 Universitatis
607 1279 736 1310 licentia
749 1287 761 1310 .·
790 1279 923 1310 11111111118
955 1287 1061 1310 18111811
1099 1282 1269 1321 regiminis

190 1324 389 1364 principium
413 1323 452 1353 ab
477 1333 515 1353 eo
539 1323 684 1354 habitum
708 1324 749 1353 ob
773 1323 827 1353 illa
850 1323 997 1362 dissidia,
1021 1334 1104 1365 quae
1131 1325 1268 1355 narravi-

197 1378 280 1398 mus.
302 1367 500 1408 Compositis
524 1367 661 1408 denique
684 1367 842 1406 fluctibus,
862 1367 1010 1408 magister
1033 1368 1157 1408 agnitus
1181 1379 1266 1400 anno

198 1412 327 1443 cadente
356 1413 437 1442 1256
461 1412 511 1442 vel
534 1412 730 1452 insequente,
754 1411 920 1442 biennium
944 1412 1114 1451 magisterii
1137 1412 1267 1444 inchoa-

196 1456 242 1487 vit
265 1456 466 1497 perfecitque.
493 1457 593 1487 Porro
626 1456 716 1497 infra
749 1457 971 1497 magisterium
997 1454 1129 1498 (laudati
1158 1457 1267 1488 Ptolo-

197 1501 280 1531 maei
302 1501 397 1531 verba
415 1499 503 1543 sunt)
518 1506 658 1541 quatuor
673 1501 772 1531 libros
777 1500 864 1541 fecit
877 1510 976 1541 super
991 1500 1182 1532 Sententias.
1200 1502 1267 1532 18111

198 1555 272 1585 ergo
297 1545 402 1585 scripti
433 1546 471 1575 ab
497 1545 656 1586 Aquinate
686 1544 916 1576 Commentarii
940 1543 1107 1575 definitum
1139 1551 1266 1586 tempus

195 1589 307 1620 habes:
331 1599 398 1630 quo
422 1599 543 1619 annum
566 1589 674 1620 aetatis
697 1589 892 1619 tricesimum
908 1590 1020 1629 agebat
1033 1589 1097 1627 ille,
1114 1589 1140 1619 si
1161 1589 1266 1620 eidem

193 1634 382 1664 Ptolomaeo
407 1633 574 1671 credimus,
591 1633 647 1674 qui
661 1633 759 1663 totius
773 1633 855 1663 vitae
878 1633 985 1664 solum
1003 1640 1148 1665 numerat
1164 1644 1265 1665 annos

194 1678 413 1719 quadraginta
438 1683 468 1708 et
491 1683 560 1708 octo
568 1685 581 1715 ;
603 1677 653 1708 vel
669 1677 777 1718 potius
793 1677 901 1708 aetatis
925 1688 1046 1709 annum
1064 1679 1115 1717 32,
1132 1685 1168 1710 ut
1191 1689 1264 1719 pro-

192 1721 327 1752 babilior
350 1721 408 1752 fert
441 1721 594 1752 sententia
626 1722 665 1752 de
697 1722 760 1753 vita
784 1722 932 1753 Thomae
955 1722 996 1753 ad
1023 1732 1123 1754 annos
1146 1733 1189 1763 49
1213 1724 1264 1754 vel

192 1766 286 1797 etiam
313 1767 353 1796 50
376 1766 542 1796 inchoatos
566 1772 715 1806 protensa

568 1864 767 1902 CAPUT
809 1865 884 1901 111.

193 1961 406 1994 Quamplurimae
423 1960 547 1994 praeclari
566 1960 661 1994 Operis
681 1960 814 1989 editiones..
829 1967 897 1993 quae
915 1965 1041 1994 prostant,
1055 1961 1114 1987 labe
1131 1962 1203 1987 omni
1218 1963 1262 1988 de—

262 1996 418 2029 pravationis
443 1996 558 2021 invectae
586 1996 716 2021 immunes
744 1995 912 2021 vindicantur.
936 1996 1067 2023 Vindiciae
1094 2005 1142 2031 pro
1166 1998 1263 2023 Cosma

262 2032 391 2057 Morelles.

190 2122 213 2152 1.
328 2121 410 2161 peris
443 2120 683 2162 praeclarissimi
716 2120 840 2152 codices
873 2131 948 2152 mss.
973 2122 1179 2163 quamplures
1209 2123 1262 2153 ad-

327 2172 452 2196 servant
488 2164 715 2195 bibliothecae:
749 2171 887 2206 postque
923 2165 1079 2197 invectam
1114 2173 1262 2208 typogra-

188 2210 298 2251 phiam
317 2210 473 2250 plurimae
487 2215 631 2250 prostant
646 2209 811 2240 editiones.
830 2210 982 2240 Iacobum
1005 2210 1187 2242 Echardum
1203 2211 1262 2243 hac

189 2255 227 2285 de
251 2264 283 2284 re
307 2253 463 2284 uberrime
496 2253 700 2284 disserentem
732 2254 872 2285 consule.
902 2254 1109 2286 Calumniam
1137 2256 1261 2288 amoliri

187 2299 294 2337 liceat,
318 2308 417 2340 quam
440 2298 601 2328 sodalibus
631 2297 804 2338 impactam
827 2298 937 2336 video,
961 2309 997 2330 88
1021 2299 1047 2330 si
1070 2300 1155 2341 typis
1179 2301 1262 2332 edita

188 2343 331 2383 exempla
354 2342 586 2383 interpolatrice
609 2352 707 2372 11181111
726 2342 843 2373 violata
858 2342 984 2383 prodire
1009 2344 1193 2375 curaverint.
1212 2345 1262 2376 ln-

188 2387 310 2427 signem
333 2387 411 2417 tanti
445 2383 591 2417 facinoris
620 2386 730 2417 locum
764 2386 930 2426 exhibent,
960 2388 1190 2429 depromptum
1224 2400 1261 2421 ex

188 2431 280 2462 tertio
297 2430 530 2462 Sententiarum
545 2431 638 2468 libro,
659 2430 729 2461 dist.
747 2441 791 2470 111,
807 2441 838 2472 q.
856 2442 878 2470 1,
895 2438 951 2463 art.
969 2442 990 2471 1,
1014 2433 1210 2474 quaestiunc.
1226 2444 1259 2472 n,

189 2475 243 2506 ubi
268 2475 311 2505 sic
336 2475 418 2506 edita
441 2475 572 2506 habent:
595 2475 775 2506 Dicendum
800 2476 885 2516 quod
906 2477 1118 2518 sanctificatio
1148 2478 1261 2509 beatae

195 2520 337 2561 Virginis
356 2529 419 2550 non
438 2520 546 2559 potuit
568 2528 636 2550 esse
649 2519 799 2550 decenter
814 2525 890 2550 ante
903 2520 1097 2562 infusionem
1117 2523 1258 2560 anionae,

189 2565 265 2605 quia
287 2564 418 2604 gratiae
436 2573 543 2604 capax
566 2563 706 2594 nondum
731 2569 822 2601 erat;
853 2565 910 2594 sed
933 2574 992 2596 nec
1014 2567 1109 2596 etiam
1134 2567 1166 2597 in
1191 2568 1260 2608 ipso

189 2609 324 2639 instanti
339 2607 522 2648 infusionis,
535 2613 571 2638 ut
579 2608 700 2638 scilicet
712 2617 776 2648 per
788 2609 931 2648 gratiam
948 2614 1024 2640 tunc
1037 2610 1097 2640 sibi
1115 2610 1258 2651 infusam

189 2657 438 2683 conservaretur
466 2662 506 2682 ne
538 2650 664 2692 culpam
698 2653 891 2693 originalem
921 2654 1112 2685 incurreret.
1140 2655 1258 2686 Addita

189 2697 339 2738 inquiunt
361 2697 456 2727 verba
478 2696 551 2734 illa,
579 2696 644 2726 Sed
666 2706 724 2726 nec
747 2697 842 2727 etiam
867 2697 899 2727 in
924 2698 992 2738 ipso
1016 2699 1150 2730 instanti
1172 2698 1259 2740 insu-

187 2742 287 2772 sionis
311 2748 368 2772 etc.
393 2751 474 2782 quae
498 2740 584 2781 piam
609 2739 756 2771 exhibent
779 2740 984 2780 opinionem,
1014 2742 1118 2783 deque
1140 2743 1260 2774 addita-

188 2793 297 2817 mento
321 2785 466 2816 incusant
489 2785 729 2816 Dominicanos
759 2785 810 2815 Ad
833 2785 921 2825 piam
943 2786 1033 2826 quod
1057 2786 1167 2818 attinet
1189 2787 1260 2827 opi-

188 2831 330 2868 nionem,
347 2829 635 2871 obsequentissimo
659 2829 768 2860 animo
792 2829 939 2860 mandata
954 2830 1112 2861 Ecclesiae
1136 2838 1260 2862 sanctae

188 2876 353 2906 Romanae
376 2874 568 2914 amplector;
591 2874 748 2904 invectam
771 2883 910 2914 pernego
935 2884 952 2904 a
975 2874 1194 2905 Dominicanis
1213 2875 1260 2906 in-

188 2919 442 2960 terpolationem.
467 2921 536 2958 Age
558 2925 651 2949 vero:
677 2917 924 2948 audacissimum
943 2918 1202 2960 interpolatorem
1225 2926 1261 2950 ut

188 2964 304 3004 prodas
326 2963 467 3004 postulo.
497 2963 607 2994 Petrus
629 2962 667 2993 de
683 2961 764 2992 Alva
784 2962 908 2994 incusat
922 2963 1204 2994 Bartholomaeum
1221 2965 1260 2995 de

189 3007 304 3048 Spina,
329 3007 383 3048 qui
408 3017 526 3037 novam
550 3006 645 3038 huius
669 3006 774 3047 operis
798 3006 971 3038 editionem
995 3018 1080 3038 anno
1105 3009 1188 3048 1534
1211 3019 1260 3040 ac—

190 3051 327 3082 curavit:
358 3051 522 3082 Thornam
543 3050 688 3089 Nerium,
705 3051 814 3091 paullo
836 3051 991 3092 sequioris
1013 3052 1079 3082 aevi
1101 3052 1259 3083 ornatissi-

190 3106 282 3126 mum
298 3095 413 3133 virum,
435 3096 580 3127 Silvester
600 3096 639 3126 de
655 3095 819 3126 Saavedra.
844 3098 1052 3127 Accusatores
1072 3096 1136 3126 iam
1157 3097 1260 3129 habeo

190 3140 383 3170 dissidentes.
411 3140 551 3170 Rursum
576 3140 715 3170 criminis
741 3149 812 3170 reus
835 3149 902 3170 non
925 3140 1018 3171 fuerit
1036 3140 1160 3179 Nerius,
1185 3151 1260 3172 cum

189 3184 222 3214 in
241 3184 345 3224 priore
369 3184 442 3214 anni
473 3185 555 3223 1534
578 3183 716 3215 editione
735 3185 829 3215 verba
845 3183 896 3214 illa
915 3184 1108 3216 habeantur:
1133 3186 1187 3216 sed
1206 3195 1259 3216 ne·

189 3238 252 3270 que
285 3228 419 3259 incusari
453 3228 492 3258 de
522 3228 766 3268 interpolatione
797 3228 1061 3260 Bartholomaeus
1092 3229 1130 3260 de
1162 3229 1260 3270 Spina

189 3279 313 3313 potest,
344 3280 510 3313 propterea
533 3273 622 3313 quod
652 3273 762 3303 eadem
787 3274 881 3304 verba
905 3273 937 3303 in
968 3283 1027 3304 suo
1053 3273 1093 3304 de
1122 3274 1260 3305 Veritate

191 3317 414 3358 Conceptionis
436 3323 567 3348 tractatu
590 3323 677 3357 parte
693 3317 746 3353 vl,
764 3318 864 3358 capite
882 3328 935 3348 xm
962 3319 1166 3358 praecedente
1194 3329 1260 3350 sae-

190 3361 262 3391 culo
287 3361 490 3401 descripserat
513 3361 647 3392 loannes
671 3362 709 3392 de
733 3362 981 3393 Turrecremata.
1000 3362 1083 3394 Hinc
1102 3363 1134 3393 in
1154 3362 1258 3394 virum

190 3405 274 3436 hunc
298 3405 537 3436 celeberrimum
566 3406 761 3446 corruptelae
791 3406 943 3437 invidiam
971 3406 1063 3438 refert
1085 3407 1195 3438 Petrus
1219 3408 1258 3438 de

189 3449 284 3486 Alva,
309 3460 366 3480 sua
389 3459 504 3490 nempe
527 3449 559 3480 in
584 3450 782 3482 accusatione
806 3450 864 3482 sibi
884 3450 1015 3482 minime
1038 3459 1196 3482 constans.
1217 3454 1259 3483 At

190 3492 342 3532 integram
352 3494 609 3525 Turrecrematae
621 3493 715 3525 fidem
726 3494 864 3526 vindicat
873 3495 1061 3536 Capreolus,
1071 3506 1157 3527 anno
1177 3505 1259 3536 1444

192 3537 342 3575 danatus,
367 3538 422 3579 qui
447 3538 603 3578 praedicta
627 3538 689 3569 divi
723 3539 870 3570 Thomae
893 3540 1004 3578 verba,
1029 3550 1064 3571 ac
1087 3540 1140 3571 illa
1163 3540 1259 3571 etiam

193 3590 273 3619 quae
290 3582 327 3611 ad
344 3581 494 3612 invidiam
512 3583 729 3621 traducuntur,
747 3583 866 3624 profert
889 3584 997 3615 01111118
1013 3584 1046 3615 111
1062 3585 1173 3616 eadem
1197 3585 1259 3616 dis-

193 3624 358 3655 stinctione
382 3626 480 3665 tertia,
505 3633 624 3666 quaest.
642 3626 745 3665 unica,
762 3628 895 3658 articulo
919 3628 1034 3668 primo.

918 271 1377 309 DISSERTATIONES
1407 271 1655 308 CRITICAE

1395 350 1543 381 Vetustas
1573 350 1606 380 in
1634 350 1767 381 huiusce
1799 350 1843 381 rei
1876 350 2152 381 confirmationem
2184 351 2400 391 praetermitto

1329 394 1492 425 editiones.
1525 394 1767 425 Vetustissimus
1799 395 2020 435 quaestionem
2053 395 2172 425 dirimit
2208 395 2306 425 codex
2338 406 2399 426 ms.

1328 448 1426 478 quem
1450 448 1492 468 ex
1514 435 1878 470 bibliothecaAbbatiae
1902 440 2073 470 Parcensis
2092 449 2196 480 prope
2219 440 2399 470 Lovanium

1328 481 1415 512 affert
1438 482 1623 513 Franciscus
1647 483 1790 513 Ianssens
1814 483 1926 523 Elinga
1941 483 1974 513 in
1991 484 2161 524 opusculo,
2179 484 2268 525 quod
2291 484 2399 514 inscri-

1327 532 1431 566 ptum,
1450 527 1637 557 Auctoritas
1661 527 1727 557 divi
1760 527 1899 558 Thomae
1916 528 2087 568 Aquinatis
2106 535 2164 559 etc.
2181 528 2265 569 typis
2281 528 2400 568 prodiit

1329 570 1479 601 Gandavi
1487 571 1576 611 apud
1584 571 1849 601 Maximilianum
1862 571 1963 602 Graet
1971 582 2058 602 anno
2069 571 2164 609 1664.
2177 573 2399 603 Venerandam

1327 614 1444 644 codicis
1468 615 1688 655 antiquitatem
1721 616 1835 655 probat
1858 622 1935 646 nota
1967 626 2123 657 sequens,
2147 627 2229 658 quae
2257 617 2289 647 in
2314 617 2398 647 88188

1325 657 1425 698 ipsius
1445 658 1562 689 codicis
1585 659 1709 699 legitur,
1730 659 1850 699 publici
1866 660 1979 690 notarii
1995 659 2057 690 fide
2073 661 2214 692 munita:
2235 661 2303 692 Hic
2318 661 2400 692 liber

1326 708 1566 733 consummatus
1589 708 1636 734 est
1659 713 1746 734 anno
1769 704 1903 734 Domini
1924 703 2002 734 1282
2026 706 2059 735 in
2084 706 2196 746 vigilia
2221 706 2306 736 beati
2331 706 2398 736 An-

1325 745 1424 776 dreae
1454 746 1617 786 Apostoli:
1639 757 1732 787 quem
1765 747 1862 778 scribi
1875 748 1962 788 fecit
1966 748 2021 789 fr.
2054 749 2240 780 Wilhelmus
2262 749 2303 780 de
2325 750 2398 780 Lib-

1324 789 1400 819 beke
1423 790 1467 820 ad
1487 799 1581 821 suam
1601 796 1632 821 et
1654 801 1852 821 communem
1872 791 2024 832 fratrum
2049 793 2214 824 Ecclesiae
2235 793 2276 824 de
2293 794 2398 824 Pareo

1324 834 1503 864 utilitatem.
1524 834 1607 865 Octo
1631 841 1706 874 post
1727 835 1896 876 Aquinatis
1919 836 2045 867 obitum
2075 838 2165 867 annis
2188 848 2287 868 manu
2311 837 2398 868 codi-

1325 887 1394 908 cem
1418 874 1579 908 e'xaratum
1602 878 1764 918 intelligis,
1780 879 1814 909 in
1837 889 1904 920 quo
1929 880 2038 911 omnia
2053 887 2084 911 et
2102 881 2227 921 singula
2241 882 2399 913 habentur

1322 923 1417 952 verba
1440 922 1631 953 Thomistici
1654 929 1767 961 textus,
1785 933 1852 964 quo
1876 924 1915 953 de
1934 924 2045 964 agitur.
2063 925 2248 966 Eademque
2265 926 2398 957 demum

1323 967 1418 997 verba
1432 966 1534 1007 legere
1557 967 1631 998 licet
1653 966 1686 997 in
1709 967 1875 998 volumine
1890 969 2134 999 membranaceo
2150 979 2209 1000 ms.
2227 970 2260 1000 in
2276 970 2398 1001 Veneta

1324 1021 1363 1041 ss.
1390 1011 1516 1042 Ioannis
1550 1018 1580 1042 et
1602 1011 1693 1042 Pauli
1725 1011 1916 1042 bibliotheca
1948 1013 2132 1051 adservato,
2157 1014 2246 1054 quod
2279 1014 2396 1045 librum

1323 1057 1451 1086 tertium
1472 1055 1712 1086 Sententiarum
1730 1056 1959 1096 complectitur.
1977 1058 2064 1088 Haec
2080 1058 2236 1088 habentur
2251 1057 2285 1088 in
2302 1058 2396 1089 calce:

1322 1100 1466 1140 Explicit
1488 1101 1603 1131 tertius
1625 1100 1864 1131 Sententiarum
1897 1103 2002 1132 sancti
2038 1102 2196 1133 nomae:
2219 1102 2274 1133 ubi
2301 1103 2398 1133 verba

1322 1144 1386 1182 illa,
1406 1144 1646 1175 Sententiarum
1667 1146 1773 1176 sancti
1801 1145 1949 1184 Thomae,
1968 1156 2066 1176 manu
2090 1147 2262 1177 recentiore
2282 1147 2396 1187 scripta

1323 1195 1407 1220 sunt.
1441 1191 1532 1226 Quae
1556 1189 1660 1229 prius,
1686 1189 1784 1220 totius
1809 1189 1926 1220 codicis
1950 1190 2146 1229 charactere,
2176 1197 2298 1222 exarata
2328 1191 2395 1222 fue-

1322 1239 1402 1271 rant,
1418 1233 1519 1264 deleta
1533 1233 1694 1264 videntur:
1716 1234 1801 1264 unde
1820 1241 1901 1274 puto
1920 1235 2108 1275 primigenia
2127 1245 2224 1266 manu
2241 1235 2396 1276 scriptum

1322 1277 1430 1316 fuisse,
1452 1278 1582 1309 Fratris
1610 1278 1750 1309 Thomae
1771 1278 1812 1309 de
1833 1279 1971 1319 Aquino.
1988 1279 2072 1310 Hinc
2095 1286 2285 1311 vetustatem
2309 1280 2396 1311 codi-

1322 1321 1365 1351 cis
1388 1321 1504 1362 habes,
1529 1332 1611 1363 quae
1642 1322 1783 1363 genuino
1811 1323 1980 1364 Aquinatis
2003 1323 2101 1354 textui
2115 1325 2118 1328 ’
2133 1323 2230 1355 fidem
2262 1334 2396 1356 omnem

1322 1366 1477 1397 conciliat.
1628 1368 1631 1373 ’

1389 1410 1426 1440 11.
1447 1410 1571 1441 Festiva
1594 1411 1736 1452 sequitur
1758 1411 1934 1450 historiola,
1951 1422 2050 1452 quam
2073 1419 2177 1444 narrat
2191 1412 2396 1454 Theophilus

1321 1454 1516 1495 Raynaudus
1539 1461 1631 1485 tomo
1655 1456 1727 1486 Vlll
1751 1455 1784 1486 in
1807 1456 1930 1487 Pietate
1947 1456 2162 1497 Lugdunensi
2176 1467 2247 1498 pag.
2266 1467 2341 1499 291,
2358 1464 2396 1490 ut

1320 1497 1460 1528 invectae
1482 1498 1515 1528 in
1539 1498 1647 1539 Opera
1669 1499 1733 1529 divi
1761 1500 1909 1531 Thomae
1933 1501 2129 1541 corruptelae
2159 1511 2251 1532 reum
2274 1509 2346 1542 agat
2364 1509 2395 1534 et

1321 1542 1443 1572 evincat
1466 1542 1621 1573 Cosmam
1640 1543 1805 1583 Morelles,
1836 1545 1892 1585 qui
1914 1545 2181 1585 Antuerpiensem
2205 1556 2260 1577 seu
2284 1547 2394 1587 potius

1321 1585 1549 1617 Coloniensem
1565 1586 1711 1628 Operum
1730 1587 1798 1618 eius
1822 1588 1995 1619 editionem
2019 1599 2104 1620 anno
2127 1590 2208 1620 1612
2225 1591 2392 1622 accuravit.

1319 1631 1445 1662 Locum
1476 1630 1636 1672 integrum
1668 1631 1780 1663 refero.
1811 1645 1825 1660 ‹
1846 1632 1979 1664 Sanctus
2012 1633 2118 1675 itaque
2142 1634 2288 1665 Thomas
2309 1634 2344 1665 in
2368 1635 2394 1674 1,

1319 1675 1390 1706 dist.
1406 1685 1489 1714 κων,
1506 1682 1627 1716 quaest.
1644 1676 1748 1714 unica,
1765 1683 1821 1708 art.
1838 1687 1882 1715 111,
1903 1677 1945 1707 ad
1963 1678 1980 1708 3
1998 1677 2042 1708 sic
2061 1677 2183 1709 scribit:
2199 1678 2392 1717 Dicendum,

1321 1731 1335 1746 t
1358 1720 1444 1760 quod
1451 1721 1585 1761 puritas
1600 1721 1779 1751 intenditur
1787 1731 1852 1762 per
1867 1731 2027 1752 recessum
2046 1732 2068 1752 a
2084 1724 2262 1754 contrario:
2277 1728 2308 1754 et
2322 1723 2394 1755 ideo

1321 1776 1335 1791 »
1352 1769 1460 1804 potest
1482 1765 1607 1805 aliquid
1636 1771 1779 1796 creatum
1811 1767 1970 1804 inveniri,
1996 1776 2058 1807 quo
2083 1767 2165 1797 nihil
2180 1768 2302 1808 purius
2324 1777 2394 1800 esse

1320 1820 1335 1836 ›
1351 1809 1456 1849 possit
1479 1809 1512 1839 in
1536 1809 1632 1840 rebus
1654 1811 1791 1847 creatis,
1816 1811 1846 1840 si
1869 1811 1961 1841 nulla
1985 1811 2179 1852 contagione
2201 1813 2330 1852 peccati
2351 1813 2395 1844 sit

1320 1865 1335 1880 ι
1357 1854 1571 1894 inquinatum.
1588 1853 1632 1884 Et
1655 1854 1730 1885 talis
1743 1853 1818 1895 fuit
1834 1855 1967 1895 puritas
1996 1855 2109 1886 beatae
2140 1855 2294 1897 Virginis,
2310 1866 2395 1897 quae

1320 1909 1335 1925 2
1356 1907 1378 1928 a
1395 1902 1530 1938 peccato
1554 1898 1712 1939 originali
1734 1904 1765 1929 et
1786 1899 1909 1930 actuali
1932 1899 2172 1941 immunissuit.
2189 1900 2267 1931 Fuit
2284 1906 2392 1933 tamen

1320 1954 1334 1970 w
1355 1941 1415 1972 sub
1436 1942 1528 1980 Deo,
1548 1943 1738 1983 inquantum
1762 1948 1834 1974 erat
1854 1944 1886 1974 in
1898 1944 2044 1984 potentia
2059 1944 2104 1974 ad
2112 1944 2325 1984 peccandum.
2339 1944 2394 1978 sic

1320 1998 1334 2014 »
1357 1986 1452 2017 habet
1465 1986 1518 2016 hic
1533 1986 1624 2018 locus
1639 1987 1674 2017 in
1689 1986 1828 2018 editione
1843 1987 1990 2018 Romana
2005 1987 2093 2019 iussu
2103 1988 2152 2019 Pii
2161 1989 2190 2021 V
2205 1988 2392 2028 emaculata,

1320 2043 1334 2058 »
1358 2037 1389 2061 et
1406 2030 1440 2061 in
1456 2030 1648 2062 editionibus
1663 2031 1890 2062 Parisiensibus
1906 2031 1981 2062 anni
1996 2043 2006 2063 1
2016 2033 2078 2073 529
2093 2038 2125 2064 et
2145 2043 2155 2063 1
2165 2033 2239 2072 532,
2250 2043 2308 2064 nec
2323 2043 2392 2065 11011

1320 2087 1335 2103 1»
1356 2074 1391 2105 in
1411 2075 1550 2106 editione
1564 2075 1685 2106 Veneta
1700 2075 1775 2106 anni
1795 2087 1805 2106 1
1814 2077 1888 2107 555.
1897 2076 1940 2107 Et
1955 2086 2030 2107 cum
2044 2077 2130 2108 bona
2144 2077 2250 2108 anima
2264 2076 2393 2110 Claudii

1320 2131 1334 2147 ›
1356 2119 1500 2161 Donyoli
1523 2129 1560 2150 ex
1583 2129 1623 2150 eo
1646 2119 1720 2150 loco
1743 2130 1762 2150 8
1785 2130 1838 2151 1118
1861 2127 2130 2160 commonstrato,
2150 2131 2209 2162 pro
2234 2122 2392 2159 Immacuff

1319 2176 1334 2191 ι
1356 2163 1419 2195 lata
1438 2163 1658 2204 Conceptione
1674 2164 1737 2194 divi
1754 2164 1902 2195 Thomae
1925 2165 2146 2196 auctoritatem
2166 2173 2291 2206 urgeret
2305 2165 2397 2208 apud

1319 2219 1334 2236 ›
1357 2209 1396 2239 D.
1407 2207 1635 2249 chrysantum,
1644 2208 1830 2240 Carthusiae
1840 2209 2007 2240 cuiusdam
2016 2209 2050 2240 in
2060 2217 2198 2241 extrema
2205 2208 2393 2247 Arecomice

1319 2265 1333 2280 ιι
1356 2263 1413 2284 ora
1435 2253 1595 2291 Priorem;
1619 2263 1668 2283 res
1692 2253 1787 2293 digna
1810 2253 1910 2284 Priori
1939 2253 2006 2284 visa
2029 2261 2094 2293 est,
2118 2264 2177 2295 pro
2201 2264 2265 2296 qua
2288 2261 2394 2290 textus,

1318 2309 1332 2324 »
1354 2297 1422 2338 ipse
1455 2297 1553 2328 sancti
1586 2297 1734 2328 Thomae
1765 2298 1913 2329 adiretur.
1940 2298 2075 2330 Factum
2106 2305 2171 2337 est,
2195 2305 2328 2340 sumpto
2342 2298 2392 2342 „iu

1318 2353 1333 2370 ι
1355 2351 1470 2372 manus
1493 2341 1658 2373 volumine
1689 2351 1731 2373 ex
1753 2342 1891 2373 editione
1911 2343 2141 2384 Antuerpiensi
2152 2353 2217 2385 per
2229 2343 2390 2377 Keerbert-

1318 2399 1332 2414 »
1353 2387 1446 2428 giam
1470 2387 1586 2417 emissa
1609 2396 1697 2417 anno
1720 2385 1804 2418 1612.
1822 2386 1883 2417 Sed
1903 2387 1982 2418 nihil
2005 2387 2068 2419 tale
2085 2386 2119 2418 in
2138 2394 2224 2419 textu
2248 2393 2391 2428 apparet,

1318 2443 1332 2458 »
1355 2430 1448 2472 quale
1471 2430 1506 2461 in
1529 2430 1597 2461 aliis
1620 2430 1831 2469 editionibus;
1856 2431 1942 2462 unde
1961 2441 2075 2472 parum
2099 2431 2210 2470 abfuit,
2230 2431 2309 2473 quin
2332 2432 2390 2467 bo-

1317 2488 1332 2503 »
1354 2485 1415 2506 nus
1429 2475 1483 2506 ille
1498 2475 1674 2506 Nathanael
1689 2475 1811 2507 audiret
1825 2475 1992 2516 impostor.
2010 2476 2131 2508 Verum
2145 2486 2212 2507 non
2226 2475 2270 2508 ita
2285 2475 2390 2508 multo

1317 2532 1330 2547 ι
1353 2526 1428 2560 post
1459 2519 1512 2550 alii
1535 2519 1630 2550 multi
1653 2519 1778 2550 codices
1805 2520 1921 2561 prolati
1945 2526 2039 2558 sunt,
2069 2520 2186 2562 quibus
2210 2519 2289 2552 fides
2311 2520 2386 2552 aue-

1317 2575 1331 2591 »
1353 2563 1456 2604 gantis
1479 2570 1526 2595 est
1547 2564 1688 2602 liberata,
1705 2574 1770 2595 non
1794 2565 1913 2606 absque
1931 2564 2134 2605 sugillatione
2149 2565 2308 2596 audaciae
2325 2564 2386 2599 Co-

1317 2620 1331 2636 »
1353 2618 1443 2639 smae
1473 2608 1629 2639 Morelles
1650 2608 1878 2646 Dominicani,
1909 2608 1965 2650 qui
1998 2609 2129 2640 editioni
2160 2608 2386 2650 Antuerpienai

1317 2665 1331 2680 »
1354 2652 1542 2692 praefuerat.
1561 2665 1576 2680 ιο
1599 2652 1687 2683 Haec
1710 2653 1821 2683 eadem
1844 2653 1954 2693 paucis
1972 2653 2075 2684 verbis
2098 2652 2250 2684 intentata
2272 2653 2312 2685 ab
2330 2662 2385 2685 eo-

1315 2696 1389 2726 dem
1411 2696 1590 2738 Raynaudo
1614 2696 1771 2727 accusatio
1794 2696 1908 2736 legitur
1931 2697 1990 2727 sub
2013 2696 2144 2727 nomine
2163 2696 2246 2728 Petri
2261 2706 2280 2727 a
2295 2696 2391 2727 Valle-

1315 2740 1421 2771 clausa
1442 2739 1477 2770 in
1499 2739 1640 2770 Diatriba
1663 2740 1706 2772 VI
1730 2740 1770 2771 de
1792 2739 2001 2771 Immunitate
2022 2741 2200 2772 Auctorum
2227 2740 2386 2782 Cyriacu-

1314 2794 1387 2815 rum
1410 2794 1431 2815 a
1455 2793 1604 2815 censura.

1381 2828 1427 2859 Ita
1450 2835 1542 2858 sane:
1562 2827 1722 2865 audaciae,
1739 2827 1933 2866 temeritatis,
1950 2827 2146 2869 imposturae
2168 2828 2386 2870 iniquissimae

1315 2882 1386 2903 reus
1410 2879 1519 2912 agatur
1542 2871 1677 2903 Cosmas
1701 2872 1859 2911 Morelles,
1876 2872 1902 2903 si
1925 2882 1983 2903 sua
2005 2873 2137 2914 quidem
2160 2873 2387 2914 Antuerpiensi

1314 2917 1346 2947 in
1371 2916 1509 2948 editione
1532 2916 1716 2957 expunxerit
1731 2917 1887 2957 praedicta
1910 2917 2015 2955 verba,
2031 2927 2052 2948 a
2066 2922 2200 2958 peccato
2215 2918 2384 2959 originali,

1314 2971 1396 3002 quae
1419 2961 1452 2992 in
1475 2961 1623 2992 Romana
1644 2960 1733 2991 iussu
1763 2961 1810 2991 Pii
1841 2961 1869 2992 V
1893 2968 2000 2993 curata
2027 2961 2158 3003 aliisque
2182 2961 2214 2992 in
2239 2961 2385 2996 editioni-

1314 3006 1373 3036 bus
1396 3005 1560 3036 habentur.
1577 3005 1706 3036 Praesto
1722 3005 1800 3036 mihi
1817 3012 1923 3036 tamen
1943 3012 1989 3037 est
2005 3005 2235 3037 Commentarii
2258 3006 2291 3037 in
2307 3016 2387 3048 qua-

1314 3057 1388 3081 tuor
1406 3049 1638 3081 Sententiarum
1657 3049 1755 3080 libros
1772 3050 1867 3080 editio
1886 3060 1980 3087 nova,
2001 3051 2248 3091 quamplurimis
2270 3050 2389 3092 quibus,

1313 3094 1454 3125 scatebat
1469 3094 1592 3125 mendis
1622 3099 1812 3125 correcta....
1823 3104 1887 3135 per
1899 3094 1938 3125 R.
1955 3094 1991 3125 P.
2008 3095 2045 3126 F.
2066 3094 2214 3126 Cosmum
2231 3095 2386 3127 Morelles

1317 3138 1451 3170 Ordinis
1472 3139 1748 3177 Praedicatorum,
1771 3139 1970 3180 Antuerpiae
1993 3139 2080 3180 apud
2102 3139 2258 3170 Ioannem
2281 3138 2386 3172 Kent-

1314 3183 1459 3224 bergium
1483 3193 1571 3213 anno
1594 3181 1668 3214 1612
1690 3182 1723 3213 in
1747 3182 1803 3214 fol.
1827 3183 1938 3214 Oculis
1962 3182 2103 3224 metipsis
2126 3183 2237 3221 video,
2264 3183 2383 3222 lustro,

1314 3228 1442 3268 perlego
1465 3227 1697 3258 distinctionem
1717 3227 2000 3269 quadragesimam
2019 3233 2169 3269 quartam
2187 3226 2258 3258 libri
2278 3225 2385 3268 primi,

1314 3278 1345 3302 et
1366 3273 1583 3313 quaestionem
1600 3273 1740 3309 unicam,
1759 3278 1789 3302 et
1807 3273 1980 3303 articulum
1998 3273 2138 3309 tertium,
2159 3278 2190 3304 et
2205 3270 2384 3312 responsio·

1314 3326 1385 3347 nem
1409 3316 1453 3347 ad
1475 3317 1625 3347 tertium:
1643 3326 1743 3357 eaque
1766 3317 1880 3354 verba,
1906 3326 1988 3358 quae
2011 3326 2068 3357 per
2090 3316 2224 3348 nimiam
2246 3313 2383 3357 Μαι-81111

1313 3360 1479 3391 audaciam
1494 3367 1650 3401 expuncta
1673 3361 1832 3398 dicuntur,
1849 3360 1981 3392 minime
1997 3368 2152 3401 expuncta
2169 3358 2383 3401 deprehendo,

1313 3405 1367 3436 sed
1382 3405 1488 3436 nitidis
1507 3414 1650 3446 expressa
1667 3404 1895 3436 characteribus
1911 3405 2002 3446 lego:
2022 3405 2065 3436 Et
2080 3405 2155 3436 talis
2167 3402 2242 3445 fuit
2251 3403 2382 3444 puritas

1313 3449 1424 3480 beatae
1440 3449 1591 3491 Virginis,
1603 3459 1686 3490 quae
1701 3459 1721 3480 a
1739 3454 1874 3490 peccato
1897 3449 2054 3491 originali
2076 3454 2107 3480 et
2123 3447 2246 3480 actuali
2268 3447 2381 3478 immu-

1314 3495 1364 3524 nis
1377 3493 1460 3534 fuit.
1481 3493 1562 3531 Quis
1580 3504 1654 3534 ergo
1671 3493 1703 3525 in
1720 3493 1896 3532 hominem,
1914 3493 1970 3535 qui
1986 3492 2185 3535 putidissime
2200 3491 2277 3522 haec
2293 3500 2381 3521 men-

1314 3538 1411 3575 dacia,
1428 3545 1464 3569 ut
1486 3538 1705 3569 Dominicanis
1722 3537 1874 3569 invidiam
1898 3545 1990 3575 creet,
2007 3537 2129 3578 pudore
2145 3535 2234 3566 omni
2258 3534 2382 3566 abiecto

1312 3582 1471 3620 venditat,
1497 3593 1563 3613 non
1587 3580 1758 3613 irascatur?
1783 3582 1863 3613 Satis
1894 3581 1961 3612 imo
1985 3580 2098 3618 fuerit,
2122 3578 2257 3611 Morellii
2285 3578 2382 3610 fidem

1313 3626 1481 3667 optimam,
1498 3626 1735 3667 editionemque
1752 3626 1898 3667 Operum
1913 3625 2060 3656 Thomae
2076 3624 2115 3655 ab
2138 3623 2209 3664 ipso
2229 3630 2382 3662 curatam,
