2788 4204
100 434 109 443 ·
114 439 158 455 asc
163 432 273 455 omittunt
278 438 313 454 ee-

99 459 197 482 cundum
229 465 314 481 conse-

99 486 226 515 quentiam.

1215 295 1326 332 CAP.
1356 296 1410 343 x,
1440 295 1591 332 LECT.
1622 296 1654 331 11

343 371 436 412 dum
465 377 584 423 quam
613 373 889 423 expositionem
918 374 1119 412 attenditur
1147 373 1350 411 similitudo
1372 382 1408 411 et

342 425 607 465 dissimilitudo
628 427 841 464 secundum
857 427 1168 476 consequentiam
1182 428 1202 448 *
1216 427 1407 464 affirmati-

341 491 480 518 varum
509 480 558 517 ad
576 481 781 528 negativas.
802 481 914 518 Unde
935 481 1032 518 dicit:
1063 482 1246 527 Quarum,
1271 481 1410 517 scilicet

344 541 507 583 quatuor
533 534 843 582 praemissarum,
872 534 970 570 duae
997 535 1163 582 quidem,
1199 534 1338 571 scilicet
1357 534 1408 570 af-

342 586 569 634 firmativae,
599 588 762 635 quarum
790 599 868 625 una
896 594 951 623 est
979 588 1139 636 simplex
1167 596 1203 624 et
1231 587 1302 624 alia
1326 587 1409 624 infi-

343 640 436 688 nita,
470 652 509 677 se
543 641 739 677 habebunt
771 641 982 697 secundum
1018 640 1328 690 consequentiam
1362 640 1410 677 ad

397 818 468 842 Haec
486 818 660 851 interpretatio
678 826 731 843 non
750 823 790 843 est
814 819 846 843 ad
864 818 1035 851 propositum,
1051 818 1111 851 quia
1129 818 1282 843 Aristoteles
1301 826 1353 842 non
1373 818 1410 842 lo-

344 853 432 886 quitur
455 853 496 878 hic
520 854 552 878 de
570 853 791 886 propositionibus
814 852 971 878 affirmativis
997 859 1040 878 aut
1058 853 1181 886 negativis
1203 853 1352 886 simpliciter
1369 853 1410 877 vel

343 888 486 913 secundum
512 888 589 921 quid,
615 889 661 913 sed
686 890 718 913 de
737 889 828 914 ordine
848 887 923 923 (κατὰ
944 885 973 914 τὸ
1000 887 1132 924 στοιχοῧν)
1152 888 1360 922 propositionum
1379 889 1411 913 ad

344 923 454 948 invicem
473 925 617 949 secundum
644 925 864 957 consequentiam.

704 995 894 1028 Interpretatio
912 995 1054 1020 Ammonii.

345 1065 417 1090 PARs
435 1072 550 1090 PmnA.-
564 1065 637 1090 Duae
655 1066 846 1098 propositiones
866 1066 955 1091 infiniti
978 1066 1114 1099 praedicati
1139 1073 1168 1090 se
1186 1065 1283 1090 habent
1301 1066 1333 1089 ad
1351 1072 1411 1105 pro-

531 1100 673 1132 positiones
687 1100 779 1132 finitas,
794 1102 861 1126 sicut
879 1103 911 1126 ad
925 1102 987 1127 istas
1002 1110 1031 1127 se
1044 1102 1140 1126 habent
1156 1100 1347 1133 propositiones
1360 1108 1412 1132 pri—

531 1135 638 1166 vativae,
654 1136 688 1161 ita
706 1137 803 1162 scilicet
815 1142 845 1162 ut
858 1137 886 1172 a)
906 1139 938 1162 ad
957 1137 1133 1162 affirmativam
1152 1135 1250 1160 finitam
1269 1143 1412 1175 consequa-

531 1175 574 1195 tur
591 1176 648 1195 tum
667 1172 811 1204 propositio
830 1173 945 1205 negativa
963 1172 1052 1198 infiniti
1067 1171 1211 1205 praedicati,
1226 1175 1281 1195 tum
1296 1175 1412 1203 negativa

530 1206 667 1238 privativa;
689 1212 715 1231 et
738 1207 869 1232 viceversa
890 1207 916 1241 β)
937 1209 1053 1241 negativa
1071 1207 1141 1232 finita
1159 1211 1283 1238 sequatur
1306 1211 1363 1230 tum
1383 1213 1412 1230 ex

532 1240 683 1266 affirmativa
701 1241 791 1267 infiniti
810 1244 947 1276 praedicati
966 1249 1022 1269 tum
1041 1251 1070 1268 ex
1090 1241 1239 1268 affirmativa
1262 1241 1393 1274 privativa.

798 1311 924 1334 scm-:m
939 1313 956 1334 Ι.

351 1377 553 1642 „3
871 1376 887 1392 α

499 1756 554 1958 ll

345 2013 420 2039 rm
436 2021 549 2039 Αιπιιᾼ.
561 2028 571 2033 -
581 2014 654 2039 Duae
672 2022 735 2040 vero
754 2015 868 2046 minime,
884 2025 979 2050 nempe
998 2016 1024 2052 α)
1045 2019 1076 2043 ad
1091 2018 1216 2044 infinitam
1235 2018 1412 2045 affirmativam

533 2050 652 2083 sequitur
670 2051 787 2083 negativa
800 2050 879 2082 finita,
894 2053 940 2077 sed
960 2061 1013 2078 non
1032 2054 1149 2087 sequitur
1162 2054 1311 2081 affirmativa
1330 2056 1414 2089 priva-

531 2085 594 2117 tiva;
614 2086 676 2111 item
691 2085 717 2121 β)
737 2087 853 2120 negativa
867 2087 963 2113 infinita
981 2089 1100 2123 sequitur
1118 2098 1148 2115 ex
1168 2090 1316 2117 affirmativa
1334 2090 1414 2122 finita,

533 2122 580 2146 sed
602 2129 655 2146 non
679 2122 795 2155 sequitur
819 2130 849 2148 ex
868 2124 984 2156 negativa
1003 2125 1134 2158 privativa.
1153 2126 1222 2151 idest
1240 2127 1306 2152 duae
1329 2126 1414 2152 finitae

533 2165 586 2182 non
605 2165 635 2182 se
653 2157 749 2183 habent
767 2159 798 2183 ad
817 2158 927 2184 infinitas
947 2162 1090 2186 secundum
1109 2163 1329 2195 consequentiam,
1349 2163 1415 2188 sicut

534 2193 566 2217 ad
584 2192 694 2218 infinitas
714 2201 742 2218 se
761 2193 857 2219 habent
875 2195 1022 2228 privativae.

578 1429 665 1454 Homo
684 1435 724 1454 est
742 1429 841 1461 iustus;

612 1471 678 1498 ergo

577 1500 666 1525 Homo
683 1508 736 1525 non
755 1506 794 1526 est
812 1509 866 1526 non
884 1501 976 1527 iustus.

576 1553 664 1578 Homo
682 1558 724 1578 est
741 1553 838 1585 iustus;

611 1596 677 1622 ergo

576 1625 664 1649 Homo
683 1633 736 1649 non
755 1630 796 1650 est
812 1626 931 1651 iniustus,

873 1686 887 1720 β

578 1748 667 1772 Homo
685 1753 726 1773 est
744 1757 797 1774 non
816 1750 912 1781 iustus;

612 1790 678 1816 ergo

578 1819 666 1844 Homo
685 1827 738 1844 non
757 1826 796 1845 est
814 1820 906 1846 iustus.

577 1873 666 1897 Homo
685 1878 725 1897 est
742 1873 855 1899 iniustus
863 1882 871 1905 3

613 1915 679 1941 ergo

578 1943 666 1968 Homo
685 1952 738 1968 non
757 1949 798 1969 est
816 1944 908 1970 iustus.

796 2263 923 2286 scm-:MA
938 2265 966 2287 11.

872 2326 889 2343 α

503 2387 512 2404 1
581 2380 669 2404 Homo
688 2385 728 2404 est
746 2388 799 2405 non
818 2381 914 2413 iustus;

615 2416 749 2448 sequitur:
762 2423 828 2450 ergo

580 2452 668 2476 Homo
687 2459 739 2476 non
759 2457 798 2476 est
816 2452 899 2477 iustus
906 2461 913 2484 ;

614 2487 663 2512 sed
680 2494 718 2511 ex

499 2529 512 2546 2
579 2523 666 2547 Homo
686 2527 726 2547 est
745 2531 798 2548 non
816 2523 911 2556 iustus;

615 2565 667 2583 non
686 2559 820 2591 sequitur:
834 2567 899 2593 ergo

579 2593 667 2618 Homo
686 2600 726 2620 est
744 2595 862 2621 iniustus.

871 2665 886 2699 β

579 2736 668 2760 Homo
687 2742 727 2761 est
745 2736 842 2769 iustus;

614 2772 748 2804 sequitur:
759 2780 825 2806 ergo

579 2807 667 2831 Homo
687 2816 739 2832 non
758 2813 798 2833 est
816 2816 869 2833 non
889 2809 971 2835 iustus
978 2818 985 2841 ;

614 2842 662 2867 sed
679 2850 717 2868 ex

501 2884 515 2901 2
578 2878 667 2903 Homo
685 2887 737 2904 non
757 2885 796 2904 est
813 2880 938 2912 iniustus;

615 2921 667 2939 non
686 2915 806 2948 sequitur

579 2949 668 2974 Homo
687 2958 739 2975 non
758 2956 799 2975 est
816 2959 868 2976 non
888 2951 980 2976 iustus.

526 3009 715 3042 Interpretatio
733 3011 886 3045 Porphyrii,
906 3012 1012 3038 Boethii
1029 3017 1056 3038 et
1073 3021 1094 3038 ε.
1117 3013 1240 3040 nomae.

348 3069 421 3094 Pm
439 3076 552 3095 rmus.-
566 3070 638 3095 Duae
656 3071 763 3103 quidem
790 3072 887 3097 scilicet
911 3072 1075 3099 affirmativae
1095 3073 1184 3109 (finita
1206 3081 1232 3100 et
1250 3075 1365 3111 infinita)
1386 3084 1415 3101 se

534 3105 631 3130 habent
648 3107 791 3131 secundum
810 3109 1022 3141 consequentiam
1036 3111 1068 3135 ad
1087 3110 1283 3136 affirmationem
1298 3117 1323 3136 et
1336 3120 1414 3145 nega-

535 3141 641 3172 tionem,
653 3146 682 3166 ut
700 3142 797 3168 scilicet
815 3142 843 3178 α)
862 3144 894 3168 ad
919 3143 1096 3170 affirmativam
1119 3147 1263 3179 simplicem
1291 3153 1415 3180 sequatur

535 3177 652 3208 negativa
669 3176 767 3202 infinita
777 3197 784 3209 ,
805 3183 831 3203 et
849 3177 875 3213 β)
895 3180 927 3204 ad
945 3179 1122 3206 affirmativam
1141 3181 1266 3207 infinitam
1290 3188 1416 3215 sequatur

533 3212 650 3244 negativa
673 3213 782 3246 simplex
806 3221 854 3239 seu
875 3213 1019 3240 finita.-Et
1036 3217 1154 3242 similiter
1175 3222 1216 3242 est
1234 3218 1266 3242 de
1283 3218 1413 3251 privativis

535 3247 567 3271 ad
585 3246 669 3273 finitas
687 3249 879 3281 propositiones
898 3251 985 3283 quoad
1002 3252 1120 3277 ordinem
1139 3253 1330 3286 consequendi.·

800 3316 927 3340 SCHEMA
941 3318 959 3340 Ι.

503 3441 511 3457 ι
579 3433 667 3458 Homo
685 3438 725 3459 est
743 3434 826 3459 iustus
836 3442 844 3466 ;

615 3476 680 3502 ergo

580 3505 668 3529 Homo
687 3512 740 3529 non
760 3510 800 3530 est
819 3513 872 3530 non
891 3505 983 3531 iustus-

501 3565 514 3583 2
580 3559 667 3583 Homo
686 3564 726 3584 est
744 3559 826 3584 iustus
836 3568 843 3591 ;

615 3601 695 3628 ergo-

580 3630 667 3654 Homo
686 3637 739 3654 non
757 3635 797 3655 est
815 3630 934 3655 iniustus.

2475 293 2522 329 83

1461 373 1755 412 affirmationem
1785 380 1822 410 et
1840 372 2099 420 negationem;
2123 379 2165 409 ut
2183 372 2322 409 scilicet
2341 371 2389 408 ad
2407 384 2525 408 unam

1463 427 1730 465 affirmativam
1759 434 1938 476 sequatur
1966 426 2116 463 alterius
2144 425 2329 473 negativa.
2355 425 2457 461 Nam
2477 424 2526 461 ad

1463 481 1732 518 affirmativam
1751 480 1964 529 simplicem
1984 479 2152 528 sequitur
2175 478 2350 526 negativa
2364 477 2525 536 infinita:

1465 542 1501 570 et
1538 534 1586 570 ad
1621 533 1889 570 affirmativam
1924 533 2109 570 infinitam
2152 531 2319 580 sequitur
2353 538 2527 578 negativa

1465 587 1634 635 simplex.
1663 588 1776 624 Duae
1801 598 1910 632 vero,
1946 586 2085 623 scilicet
2112 585 2326 633 negativae,
2355 584 2525 643 minime,

1464 640 1560 677 idest
1579 652 1657 677 non
1676 640 1726 677 ita
1745 652 1784 676 se
1804 640 1946 676 habent
1964 639 2012 676 ad
2046 638 2306 684 affirmativas,
2331 645 2373 674 ut
2391 637 2528 685 sellicet

1621 886 1629 902 1

1619 1008 1631 1025 2
1655 889 1672 1088 Ξ

1466 1133 1537 1157 Pius
1556 1140 1690 1157 ALTERA.-
1701 1133 1774 1156 Duae
1792 1140 1854 1156 vero
1874 1132 1987 1162 minime,
2003 1132 2099 1157 scilicet
2117 1132 2248 1165 negativae
2267 1140 2319 1157 non
2338 1132 2371 1157 ita
2389 1140 2418 1157 se
2437 1132 2532 1156 habent

1652 1168 1684 1191 ad
1703 1166 1874 1196 affirmativas,
1895 1173 1924 1191 ut
1943 1167 2039 1192 scilicet
2063 1176 2092 1192 ex
2111 1168 2160 1192 illis
2184 1173 2326 1200 sequantur
2350 1166 2530 1197 affirmativae,

1653 1203 1719 1227 sicut
1737 1210 1767 1227 ex
1786 1201 1942 1227 affirmativis
1966 1208 2110 1235 sequuntur
2129 1203 2289 1235 negativae.·
2302 1204 2334 1228 Et
2358 1203 2474 1228 similiter
2493 1207 2532 1227 est

1655 1238 1686 1262 de
1704 1237 1782 1262 finitis
1801 1243 1826 1262 et
1845 1238 1876 1262 de
1895 1238 2035 1270 privativis.

1623 1433 1631 1449 1

1620 1556 1633 1573 2
1658 1437 1675 1637 Ξ

1699 1621 1786 1645 Homo
1805 1625 1845 1645 est
1863 1621 1982 1647 iniustus.

1624 1761 1632 1777 1
1668 1767 1675 1776 ι
1700 1753 1788 1778 Homo
1798 1761 1851 1778 non
1861 1759 1900 1778 est
1914 1762 1967 1779 non
1982 1755 2065 1780 iustus
2076 1753 2148 1788 (sive,
2160 1755 2218 1779 Non
2228 1760 2267 1779 est
2277 1755 2356 1780 homo
2366 1763 2417 1780 non
2428 1755 2531 1790 iustus);

1718 1796 1768 1814 non
1788 1789 1922 1821 sequitur:
1936 1797 2001 1823 ergo

1621 1883 1634 1900 2
1659 1778 1675 1966 Ξ

1700 1825 1788 1849 Homo
1807 1830 1846 1849 est
1864 1825 1948 1850 iustus

1521 2009 1674 2034 Theodorus
1692 2009 1784 2041 Waitz,
1809 2011 1958 2043 praemissis
1982 2020 2048 2044 quae
2071 2013 2097 2037 in
2120 2014 2245 2047 superiori
2266 2019 2325 2039 nota
2344 2022 2354 2039 ε
2373 2015 2531 2047 transcripsi-

1468 2050 1544 2075 mus,
1568 2045 1602 2069 ita
1624 2045 1772 2070 immediate
1795 2047 1977 2079 prosequitur:
2008 2057 2022 2071 α
2039 2048 2091 2073 Res
2104 2049 2141 2074 sic
2166 2057 2195 2074 se
2218 2049 2296 2075 habet
2317 2047 2388 2075 κατῶ
2407 2047 2442 2075 τό
2462 2058 2532 2075 στοι-

1488 2081 1545 2110 οῑίν,
1567 2081 1709 2105 secundum
1724 2081 1826 2112 seriem,
1842 2090 1920 2114 quarn
1939 2083 1998 2108 illae
2016 2084 2207 2109 enunciationes
2226 2085 2328 2115 faciunt,
2343 2086 2391 2110 hoc
2410 2091 2456 2116 est,
2472 2086 2531 2110 κατ’

1468 2113 1636 2148 ακολουθὶαν,
1650 2117 1792 2141 secundum
1806 2118 1931 2149 ordinem,
1947 2127 2000 2151 quo
2013 2120 2091 2144 altera
2105 2120 2177 2145 alteri
2192 2122 2357 2154 consequitur
2375 2129 2457 2154 eaque
2472 2129 2532 2146 con-

1467 2153 1569 2177 tinetur.
1585 2152 1637 2176 Iam
1650 2152 1676 2176 in
1687 2153 1838 2195 Analyticss
1847 2153 2004 2184 (Prioribus,
2015 2162 2072 2187 cap.
2083 2156 2180 2187 ultim.)
2190 2156 2238 2181 hoc
2249 2157 2332 2189 tradit.
2342 2156 2380 2181 Sit
2389 2155 2415 2181 A
2425 2153 2454 2181 τὸ
2468 2150 2532 2182 εἶναι

1464 2186 1534 2219 ἴσον,
1545 2185 1567 2211 Β
1580 2183 1610 2211 τὸ
1625 2184 1658 2221 μὴ
1671 2180 1735 2212 εἶναι
1752 2196 1816 2219 ισον,
1830 2187 1852 2213 Γ
1865 2185 1895 2213 τὸ
1909 2182 1973 2214 εἶναι
1987 2188 2020 2224 μή
2036 2188 2107 2222 ἴσον,
2119 2189 2140 2215 Δ
2154 2189 2184 2217 τὸ
2200 2189 2234 2226 μὴ
2249 2190 2313 2216 εἶναι
2329 2189 2362 2226 μὴ
2374 2189 2442 2217 ἴσον.
2453 2193 2480 2217 ln
2491 2193 2531 2217 his

1467 2223 1543 2255 igitur
1561 2220 1584 2246 B
1602 2230 1765 2264 consequens
1784 2229 1824 2248 est
1842 2226 1890 2248 τοῦ
1908 2223 1940 2256 Γ,
1955 2230 1980 2250 et
1998 2224 2020 2250 Δ
2039 2234 2201 2258 consequens
2214 2229 2262 2252 τοῦ
2279 2226 2313 2252 Α.
2334 2228 2433 2252 Deinde
2449 2229 2531 2258 docet,

1468 2259 1490 2283 si
1509 2266 1525 2292 γ
1544 2258 1577 2283 sit
1595 2254 1624 2282 τὸ
1644 2266 1708 2282 ειναι
1728 2255 1814 2284 ἄνισον
1840 2264 1866 2283 et
1883 2259 1897 2284 δ
1922 2257 1951 2285 τὸ
1972 2259 2005 2294 μὴ
2024 2254 2088 2286 εἶναι
2108 2258 2210 2294 ἄνισον,
2231 2263 2292 2287 item
2317 2271 2375 2287 esse
2394 2261 2416 2287 B
2440 2271 2531 2288 conse-

1467 2301 1551 2326 quens
1570 2295 1618 2318 τοῦ
1636 2302 1660 2327 γ,
1675 2300 1700 2319 et
1718 2293 1732 2318 ὂ
1751 2302 1913 2326 consequens
1932 2298 1980 2320 τοῦ·
1998 2294 2037 2321 A:
2052 2302 2093 2321 est
2110 2297 2186 2329 igitur
2199 2299 2270 2331 quod
2290 2303 2378 2323 nostro
2397 2300 2454 2323 loco
2473 2299 2533 2323 dicit

1469 2327 1501 2354 τὰ
1521 2327 1566 2369 μὲν
1584 2327 1630 2353 δύο
1651 2327 1687 2363 (Γ
1707 2335 1732 2354 et
1750 2328 1786 2363 Δ)
1810 2328 1872 2363 πρὸς
1891 2328 1936 2362 τὴν
1955 2328 2099 2365 κατάφασιν
2122 2331 2178 2367 (A)
2198 2331 2240 2358 καὶ
2261 2328 2390 2367 ἀπόφασιν
2410 2332 2464 2368 (Β)
2484 2333 2531 2364 ἔξει

1469 2372 1535 2389 κατα
1555 2360 1584 2389 τὸ
1605 2366 1728 2399 στοιχοῦν
1760 2373 1872 2398 namque
1890 2364 1912 2391 B
1932 2375 2093 2399 consequens
2109 2373 2148 2393 est
2166 2371 2214 2393 τοῦ
2232 2367 2265 2401 Γ,
2284 2375 2308 2394 et
2327 2367 2349 2394 Δ
2369 2377 2531 2402 consequens

1469 2402 1517 2424 τοῦ
1535 2398 1576 2432 A)
1594 2399 1628 2429 ὡς
1642 2398 1668 2424 αἱ
1688 2408 1814 2434 στερησεις
1833 2399 1860 2435 (γ
1879 2407 1904 2427 et
1922 2401 1948 2426 δε
1971 2410 2030 2427 nam
2050 2404 2126 2428 etiam
2144 2402 2167 2428 B
2185 2412 2348 2437 consequens
2373 2411 2413 2430 est
2435 2407 2483 2430 τοῦ·
2524 2424 2530 2437 ,

1469 2441 1494 2460 et
1512 2434 1526 2458 δ
1545 2443 1708 2467 consequens
1727 2438 1774 2461 τοῦ·
1793 2435 1838 2471 Α).
1855 2437 1889 2462 Ut
1907 2438 1987 2470 signis
2001 2438 2187 2464 mathematicis
2205 2445 2268 2470 utar,
2288 2445 2327 2465 est
2344 2441 2477 2473 proportio
2495 2413 2531 2465 11:

1469 2469 1564 2503 B=Y=
1578 2469 1600 2495 B
1619 2476 1645 2495 et
1663 2469 1696 2495 A:
1710 2470 1808 2496 A=3=
1822 2470 1855 2497 A.
1873 2473 1939 2498 Nam
1957 2478 1986 2498 ut
1999 2472 2021 2499 Γ
2035 2479 2076 2499 est
2088 2476 2240 2500 antecedens
2260 2477 2307 2500 τοῦ
2329 2474 2359 2506 Β,
2373 2476 2409 2501 sic
2428 2476 2503 2501 etiam
2516 2485 2533 2510 γ

1470 2504 1494 2539 (ἠ
1515 2505 1641 2540 στέρησις)
1662 2512 1701 2532 est
1720 2508 1872 2532 antecedens
1892 2510 1940 2533 τοῦ
1958 2507 1991 2540 Β,
2005 2514 2031 2534 et
2048 2515 2077 2534 ut
2095 2509 2116 2534 Δ
2135 2516 2175 2535 est
2193 2518 2356 2544 consequens
2375 2513 2423 2536 τοῦ·
2441 2510 2477 2543 A,
2496 2512 2533 2536 sic

1469 2541 1545 2566 etiam
1564 2541 1578 2566 ὃ
1598 2540 1623 2574 (ἡ
1643 2541 1769 2576 στέρησις)
1790 2548 1830 2568 est
1848 2551 2011 2576 consequens
2030 2547 2079 2570 τοῦ
2096 2544 2131 2570 Α.
2145 2547 2223 2571 Addit
2242 2544 2273 2571 τὰ
2292 2544 2319 2571 δὲ
2338 2546 2384 2571 δύο
2408 2545 2453 2572 oli:
2472 2555 2531 2572 nam

1469 2575 1494 2602 A
1513 2582 1538 2601 et
1556 2575 1578 2602 B
1598 2585 1650 2602 non
1669 2578 1787 2602 eamdem
1805 2578 1931 2604 rationem
1950 2579 2045 2605 habent
2058 2581 2090 2605 ad
2108 2579 2130 2606 A
2149 2586 2174 2606 et
2191 2580 2221 2612 Γ,
2237 2590 2314 2614 quam
2334 2582 2428 2607 habent
2445 2581 2459 2606 δ
2478 2589 2503 2607 et
2516 2592 2533 2617 γ

1468 2612 1501 2637 ad
1519 2610 1541 2637 A
1560 2618 1584 2637 et
1602 2611 1633 2643 P,
1654 2614 1725 2645 quod
1742 2619 1772 2638 ut
1784 2614 1992 2640 demonstremus
2012 2624 2063 2641 non
2082 2624 2149 2649 opus
2168 2622 2238 2642 est.»
2258 2618 2451 2650 Expositionem
2470 2626 2532 2651 ergo

1468 2648 1600 2672 Ammonii
1619 2649 1737 2681 sequitur
1753 2649 1846 2680 Waitz,
1860 2650 1932 2675 cuius
1952 2651 2042 2676 eadem
2060 2652 2139 2677 verba
2153 2653 2179 2677 in
2195 2653 2359 2678 conclusione
2378 2658 2444 2684 sunt,
2459 2662 2487 2679 ac
2502 2662 2532 2679 ea

1469 2691 1536 2716 quae
1554 2683 1632 2708 habet
1650 2692 1672 2708 s.
1686 2684 1802 2709 Thomas
1825 2685 1851 2709 in
1870 2684 1921 2711 fine
1939 2695 1965 2711 n.
1984 2694 2028 2717 1¹3
2049 2688 2095 2712 sed
2114 2688 2196 2720 magis
2221 2689 2304 2721 placet
2326 2689 2451 2721 expositio
2469 2690 2532 2714 Por-

1469 2718 1553 2751 phyrii
1572 2719 1631 2752 quia
1650 2719 1791 2752 simplicior
1809 2725 1835 2745 et
1852 2721 1935 2754 magis
1954 2723 2109 2747 conveniens
2129 2723 2226 2748 litterae
2244 2724 2397 2749 Aristotelis.

1522 2754 1625 2779 Etenim
1643 2755 1798 2780 Ammonius
1823 2756 1885 2788 legit
1902 2757 2069 2782 Aristotelem
2092 2758 2141 2783 hoc
2164 2759 2256 2784 modo:
2273 2768 2286 2782 α
2312 2760 2398 2789 Quare
2422 2766 2533 2792 quatuor

1469 2794 1544 2814 erunt
1562 2790 1629 2821 illae,
1644 2798 1755 2823 quarum
1775 2792 1841 2816 duae
1865 2792 1970 2824 quidem
1990 2794 2022 2817 ad
2041 2792 2235 2818 affirmationem
2255 2799 2279 2818 et
2291 2795 2453 2826 negationem
2473 2804 2532 2821 sese

1469 2825 1565 2850 habent
1583 2826 1726 2850 secundum
1746 2828 1966 2859 consequentiam,
1987 2833 2016 2852 ut
2034 2829 2203 2861 privationes;
2225 2830 2291 2854 duae
2309 2838 2371 2855 vero
2390 2831 2495 2856 minime
2516 2841 2530 2855 »

1469 2868 1572 2893 nempe,
1588 2861 1657 2886 duae
1676 2869 1738 2886 vero
1757 2870 1809 2887 non
1824 2870 1879 2887 sese
1897 2863 1993 2888 habent
2006 2864 2148 2889 secundum
2168 2866 2380 2897 consequentiam
2399 2869 2429 2891 ut
2437 2867 2531 2898 priva-

1470 2896 1554 2921 tiones
1576 2896 1626 2929 (Cf.
1636 2905 1679 2929 op.
1691 2897 1731 2922 cit.
1743 2897 1785 2922 De
1798 2898 1935 2930 interpret.
1946 2904 2007 2923 sect.
2018 2900 2056 2929 111,
2068 2899 2092 2932 ξ.
2108 2907 2128 2930 ι,
2138 2899 2182 2924 fol.
2195 2899 2235 2929 25,
2250 2901 2298 2924 col.
2310 2898 2345 2935 2).
2355 2915 2367 2919 -
2377 2902 2402 2925 S.
2413 2901 2530 2926 Thomas

1469 2939 1529 2956 cum
1540 2931 1684 2964 Porphyrio
1695 2937 1720 2956 et
1729 2933 1838 2958 Boethio
1851 2934 1924 2966 legit:
1941 2943 1954 2957 α
1964 2935 2049 2965 Quare
2060 2939 2169 2966 quatuor
2178 2940 2254 2959 erunt
2267 2935 2331 2966 illae,
2342 2944 2451 2968 quarum
2465 2938 2531 2962 duae

1470 2967 1575 2999 quidem
1586 2967 1618 2991 ad
1627 2967 1822 2993 affirmationem
1833 2973 1858 2993 et
1867 2969 2029 3001 negationem
2039 2977 2097 2994 sese
2107 2970 2202 2994 habent
2216 2971 2359 2995 secundum
2369 2979 2531 3004 consequen-

1469 3002 1530 3027 tiam
1555 3007 1585 3026 ut
1603 3003 1772 3035 privationes;
1798 3004 1862 3028 duae
1884 3012 1946 3028 vero
1965 3005 2070 3029 minime
2082 3014 2095 3028 ²>
2116 3013 2216 3038 nempe,
2237 3006 2306 3031 duae
2325 3014 2387 3032 vero
2405 3015 2456 3032 non
2475 3015 2531 3033 sese

1469 3038 1566 3062 habent
1579 3038 1721 3063 secundum
1732 3040 1944 3071 consequentiam
1958 3040 1995 3064 ad
2004 3040 2208 3073 affirmationem
2223 3044 2250 3065 et
2262 3042 2437 3074 negationem.
2445 3057 2464 3061 -
2473 3044 2530 3068 Ari-

1469 3073 1575 3098 stoteles
1585 3078 1671 3098 autem
1686 3081 1746 3098 sese
1757 3074 1863 3099 remittit
1873 3075 1905 3099 ad
1916 3075 2009 3099 librum
2019 3076 2143 3100 Priorum
2157 3077 2362 3109 analyticorum.
2373 3078 2453 3102 Porro
2463 3079 2505 3103 lib.
2512 3079 2529 3110 1,

1470 3116 1525 3140 cap.
1535 3109 1589 3139 ult„
1604 3109 1757 3133 Aristoteles
1767 3110 1858 3141 probat
1872 3111 1943 3142 quod
1957 3109 1983 3144 α)
1995 3118 2024 3135 ex
2034 3110 2200 3136 affirmatione
2214 3112 2349 3143 praedicati
2362 3112 2424 3137 finiti
2442 3114 2530 3146 sequi-

1469 3148 1511 3168 tur
1529 3143 1630 3175 negatio
1649 3144 1784 3176 praedicati
1803 3144 1906 3176 infiniti;
1921 3146 1967 3170 sed
1982 3144 2006 3180 β)
2027 3154 2057 3170 ex
2075 3146 2209 3178 negatione
2222 3147 2358 3179 praedicati
2372 3147 2461 3173 infiniti
2477 3157 2530 3174 non

1469 3179 1536 3203 valet
1545 3179 1729 3211 consequentia
1739 3180 1770 3204 ad
1781 3179 1975 3205 affirmationem
1986 3181 2121 3213 praedicati
2131 3181 2202 3206 finiti.
2209 3182 2317 3214 Insuper
2323 3183 2413 3215 probat
2423 3185 2493 3216 quod
2501 3183 2528 3218 α)

1469 3221 1500 3238 ex
1513 3212 1682 3239 affirmatione
1694 3215 1830 3247 pmedicati
1844 3214 1933 3240 infiniti
1947 3217 2064 3248 sequitur
2082 3217 2183 3248 negatio
2197 3218 2332 3249 praedicati
2350 3217 2426 3249 finiti3
2443 3220 2488 3244 sed
2503 3218 2529 3254 β)

1469 3256 1522 3272 non
1532 3249 1650 3280 sequitur
1659 3248 1793 3274 affirmatio
1807 3250 1894 3275 infiniti
1909 3251 2045 3284 praedicati
2054 3260 2085 3276 ex
2098 3252 2233 3284 negatione
2247 3253 2381 3285 praedicati
2396 3253 2466 3279 finiti.
2476 3255 2530 3279 Ad-

1469 3283 1512 3308 dit:
1523 3283 1644 3308 Similiter
1654 3289 1740 3309 autem
1751 3293 1780 3309 se
1789 3285 1884 3310 habent
1893 3291 1919 3310 et
1928 3286 2085 3319 privationes
2095 3288 2126 3312 ad
2140 3288 2279 3319 categorias
2291 3288 2338 3313 hac
2349 3289 2531 3321 dispositione:

1478 3315 1585 3351 Ομοὶως
1606 3316 1720 3353 δ’ἕχουσι
1735 3317 1777 3344 καὶ
1799 3318 1824 3344 αἱ
1839 3319 1966 3354 στερήσεις
1988 3319 2051 3355 πρὸς
2066 3320 2110 3351 τὰς
2133 3320 2287 3356 κατηγορίας
2311 3322 2391 3357 ταύτῃ
2415 3326 2448 3358 τῇ
2461 3323 2530 3350 θέσει

1469 3351 1528 3387 (loc.
1539 3353 1579 3378 cit.
1593 3362 1617 3377 n.
1626 3353 1662 3387 7).
1675 3355 1758 3387 Supra
1772 3356 1884 3380 ostendit
1895 3357 1967 3388 quod
1982 3358 2113 3389 negativae
2128 3358 2317 3390 propositiones
2336 3365 2531 3392 consequuntur

1468 3396 1499 3413 ex
1513 3387 1678 3419 affirmativis,
1693 3390 1740 3414 sed
1754 3391 1825 3422 quod
1840 3389 2004 3416 affirmativae
2018 3401 2071 3417 non
2085 3398 2281 3425 consequuntur
2295 3401 2325 3418 ex
2337 3394 2470 3426 negativis.
2484 3396 2528 3420 Di—

1468 3423 1550 3447 cendo
1575 3424 1651 3456 igitur
1672 3424 1837 3449 Aristoteles:
1857 3425 1985 3456 Similiter,
2001 3425 2136 3461 'Op-oium,
2157 3436 2186 3452 se
2204 3428 2299 3452 habent
2317 3429 2472 3460 privationes
2496 3432 2528 3456 ad

1467 3459 1618 3490 categorias,
1633 3455 1696 3492 πρὸς
1715 3457 1760 3488 τὰς
1774 3458 1938 3493 κατηγορίας,
1951 3462 2007 3486 vult
2021 3462 2085 3486 inter
2099 3463 2229 3495 simplices
2243 3468 2269 3487 et
2282 3464 2417 3496 privativas
2432 3473 2528 3499 propo—

1467 3493 1573 3517 sitiones
1594 3494 1620 3518 in
1639 3494 1728 3518 ordine
1747 3495 1779 3519 ad
1798 3496 2009 3528 consequentiam
2033 3498 2075 3521 vel
2094 3505 2146 3522 non
2165 3499 2388 3531 consequentiam,
2409 3501 2527 3526 eamdem

1467 3529 1552 3560 legem
1570 3529 1671 3561 vigere,
1691 3537 1758 3561 quae
1773 3530 1831 3554 data
1844 3535 1884 3554 est
1897 3532 1984 3563 quoad
1997 3531 2080 3557 finitas
2096 3538 2123 3557 et
2136 3532 2253 3564 infinitas,
2266 3539 2295 3558 ut
2308 3534 2404 3560 scilicet
2417 3543 2447 3560 ex
2460 3535 2527 3561 affir-

1467 3563 1567 3588 mativis
1581 3569 1722 3596 sequantur
1736 3565 1875 3597 negativae,
1890 3567 1936 3591 sed
1951 3574 1981 3591 ex
1991 3567 2113 3599 negativis
2128 3576 2179 3593 non
2199 3574 2340 3601 sequantur
2354 3569 2527 3596 affirmativae.

1467 3598 1582 3624 Dilucide
1597 3607 1626 3624 ac
1639 3599 1721 3624 solide
1734 3599 1782 3625 hac
1792 3600 1824 3624 de
1837 3608 1866 3625 re
1878 3601 1903 3626 in
1914 3602 1923 3626 1
1937 3602 2070 3633 Priorum,
2085 3611 2141 3636 cap.
2151 3604 2242 3634 ultim„
2253 3610 2278 3629 et
2290 3605 2315 3629 in
2326 3605 2346 3629 11
2360 3606 2421 3630 Peri
2435 3606 2525 3636 herm„

1467 3641 1522 3666 cap.
1534 3642 1552 3664 ι,
1566 3634 1617 3667 agit
1630 3635 1761 3668 Sylvester
1779 3635 1883 3661 Maurus
1894 3655 1900 3667 ‚
1924 3637 1969 3670 qui
1987 3637 2188 3671 interpretationi
2206 3647 2228 3664 s.
2245 3639 2363 3665 Thomae
2381 3641 2513 3667 adhaeret,

1990 815 2004 849 β

1697 878 1784 903 Homo
1803 883 1844 903 est
1863 886 1915 902 non
1934 878 2035 909 iustus;

1732 921 1797 946 ergo

1696 949 1784 973 Homo
1804 956 1855 973 non
1874 953 1913 973 est
1932 948 2024 972 iustus.

1698 1001 1785 1025 Homo
1804 1005 1845 1025 est
1862 1000 1991 1030 iniustus;

1732 1043 1798 1069 ergo

1697 1071 1785 1095 Homo
1805 1079 1857 1095 non
1877 1075 1916 1095 est
1934 1071 2026 1095 iustus.

1916 1306 2041 1328 SCHEMA
2055 1307 2084 1328 11.

1995 1371 2010 1387 α

1700 1425 1788 1449 Homo
1801 1433 1852 1449 non
1868 1430 1907 1449 est
1921 1425 2005 1450 iustus
2026 1423 2097 1459 (sive,
2113 1426 2170 1450 Non
2185 1432 2223 1451 est
2238 1426 2316 1450 homo
2329 1425 2433 1460 iustus);

1718 1467 1769 1484 non
1788 1461 1923 1492 sequitur:
1935 1468 2001 1494 ergo

1700 1496 1787 1520 Homo
1802 1501 1842 1520 est
1855 1504 1907 1521 non
1922 1497 2005 1521 iustus
2021 1495 2093 1530 (sive,
2107 1497 2154 1522 Est
2168 1497 2248 1523 homo
2263 1505 2315 1522 non
2330 1496 2433 1531 iustus).

1699 1549 1787 1573 Homo
1805 1557 1857 1573 non
1877 1554 1917 1574 est
1935 1549 2034 1581 iustus;

1718 1592 1769 1609 non
1788 1585 1920 1617 sequitur:
1933 1593 1999 1618 ergo

2079 1824 2151 1859 (sive,
2166 1826 2212 1850 Est
2231 1826 2310 1851 homo
2330 1825 2434 1860 iustus).

1699 1878 1787 1902 Homo
1806 1885 1859 1902 non
1878 1884 1916 1903 est
1936 1879 2060 1910 iniustus3

1717 1920 1768 1938 non
1786 1914 1994 1948 sequitur-:ergo

1698 1949 1785 1973 Homo
1804 1955 1844 1974 est
1862 1950 1953 1975 iustus.
