2788 4204
31 1918 35 1927 '
64 1913 176 1937 mam.

64 2020 115 2049 ¹526
130 2019 207 2043 omitt.
221 2025 277 2046 non,

1156 301 1267 338 CAP.
1298 301 1350 346 x,
1390 300 1540 337 LECT.
1571 301 1620 337 111

296 378 358 411 sub
385 378 571 422 particulari
595 378 745 421 negativa
768 377 875 417 finita,
899 377 1102 421 particularis
1125 378 1276 421 negativa
1299 376 1370 410 infi-

296 427 364 460 nita
387 427 541 471 ponitur;
565 426 677 470 sicque
701 425 872 469 angulares
892 435 968 459 sunt
988 425 1124 469 disparis
1149 425 1322 470 qualitatis,
1338 434 1371 457 et

296 475 445 509 similiter
468 474 712 508 indefinitarum
735 473 876 517 figuram
899 473 1018 507 format
1041 474 1105 507 hoc
1130 473 1250 507 modo:

445 558 532 580 Omnis
547 558 620 580 homo
1033 558 1086 580 Non
1097 557 1174 579 omnis
1189 558 1262 579 homo

521 610 526 615 ,
682 596 698 600 -
719 583 947 606 Contradiotoriae
967 595 982 599 -
1121 610 1125 614 ⁵

471 615 507 633 est
520 614 595 632 iustus
1070 614 1105 632 est
1120 614 1196 632 iustus

1141 661 1145 676 ι

512 687 530 735 d>
732 702 770 741 ⁰0
909 695 940 727 ⁶·
1129 695 1152 736 ,ἓ

506 737 530 777 ’ξ
770 743 813 781 '⁹0
859 726 908 773 8⁹4
1135 737 1153 782 Ξ

513 778 530 794 Ι
1130 783 1152 793 vu

507 795 531 820 2.-
831 792 853 814 ><
1135 794 1152 827 g

513 821 531 855 g
772 821 811 864 §O
866 821 896 857 ‘Q
1130 830 1153 860 g

507 857 530 874 υ
749 862 771 882 9
894 854 927 886 ‘⁶9
1135 861 1152 878 n

520 895 524 910 Ι
732 883 750 899 0
926 886 943 902 ο
1130 880 1152 896 m

1141 915 1145 931 ι

427 956 513 979 omnis
527 956 599 977 homo
614 959 648 977 est
1014 955 1067 977 Non
1083 955 1160 977 omnis
1175 955 1248 977 homo

536 1008 541 1013 ,
614 1000 619 1001 γ
689 994 704 998 -
725 981 954 1005 Contradiotoriae
973 993 988 997 -
1153 1007 1158 1012 ,

473 1015 520 1031 non
535 1012 610 1030 iustus
1041 1011 1076 1029 est
1090 1013 1138 1030 non
1152 1011 1227 1029 iustus

475 1129 554 1150 Homo
571 1133 606 1151 est
1048 1127 1128 1149 Homo
1143 1134 1189 1149 non
1205 1131 1238 1149 est

506 1181 580 1203 iustus
1097 1180 1171 1201 iustus

737 1269 754 1288 Ο
914 1262 945 1291 0·

755 1286 813 1343 0⁹0
869 1289 915 1333 κέ»

833 1358 855 1380 Χ

374 1399 388 1403 ‘
766 1400 804 1440 §0
864 1385 910 1429 ‘Q‘

728 1438 766 1474 οφ
908 1429 938 1459 ⁸⁶

483 1525 565 1547 Homo
579 1528 614 1546 est
1068 1523 1147 1545 Homo
1162 1529 1208 1545 non
1224 1527 1259 1545 est

475 1584 522 1600 non
536 1577 611 1599 iustus
1085 1582 1131 1598 non
1146 1576 1220 1598 iustus

303 1637 440 1678 Quibus
463 1639 509 1670 ita
531 1636 715 1680 dispositis,
736 1636 781 1668 ait
797 1636 831 1668 in
854 1635 918 1668 hoc
949 1644 1032 1668 stare
1056 1634 1375 1675 dissimilitudinem,

305 1685 396 1731 quod
420 1685 594 1729 angulares
610 1684 853 1718 indefinitarum
877 1693 996 1717 mutuo
1012 1695 1046 1717 se
1070 1685 1211 1717 invicem
1231 1684 1375 1728 compel-

303 1735 378 1768 lunt
401 1734 442 1768 ad
465 1735 609 1768 veritatis
634 1733 815 1778 sequelam,
832 1734 875 1766 ita
898 1732 989 1777 quod
1012 1734 1111 1766 unius
1134 1732 1298 1776 angularis
1321 1745 1375 1766 ve-

304 1784 382 1817 ritas
398 1795 477 1817 suae
493 1782 657 1827 angularis
680 1783 851 1816 veritatem
867 1781 963 1815 infert
982 1781 1212 1826 undecumque
1229 1782 1376 1825 incipias.

305 1832 549 1866 Universalium
565 1842 645 1864 vero
660 1831 832 1874 angulares
849 1842 917 1863 non
933 1842 968 1863 se
981 1839 1099 1864 mutuo
1117 1831 1320 1874 compellunt
1335 1831 1376 1864 ad

61 1887 276 1916 ⁶⁹⁸2·an-ss572
303 1878 557 1920 veritatem-,sed
580 1891 620 1914 ex
640 1879 740 1912 altera
759 1887 849 1923 parte
861 1879 1037 1912 necessitas
1056 1878 1165 1912 deficit
1181 1878 1345 1912 illationis.
1361 1878 1376 1895 *

306 1928 343 1962 Si
365 1929 455 1961 enirn
478 1928 614 1971 incipias
638 1927 677 1960 ab
701 1927 813 1972 aliquo
838 1926 1074 1960 universalium
1090 1936 1123 1960 et
1146 1927 1186 1960 ad
1210 1938 1304 1960 suam
1321 1939 1376 1960 an-

65 1994 74 2005 ·
84 1993 144 2016 w,
154 1993 215 2016 v..,
228 1999 241 2015 c
255 1997 280 2015 et
305 1976 453 2021 gularem
469 1975 638 2020 procedas,
655 1977 773 2009 veritas
793 1976 987 2009 universalis
1003 1987 1072 2009 non
1084 1975 1156 2009 *ita
1173 1984 1282 2019 potest
1305 1987 1376 2009 esse

305 2025 404 2060 simul
427 2036 504 2058 cum
520 2026 654 2059 veritate
678 2024 854 2068 angularis,
871 2024 962 2068 quod
986 2024 1155 2068 compellit
1170 2036 1242 2058 eam
1267 2024 1307 2058 ad
1322 2037 1377 2058 ve-

305 2075 451 2109 ritatem:
469 2075 546 2119 quia
569 2074 596 2108 si
620 2073 812 2107 universalis
829 2082 878 2107 est
899 2085 987 2114 vera,
1005 2085 1063 2107 sua
1083 2073 1275 2107 universalis
1300 2085 1377 2107 con—

306 2124 402 2158 traria
426 2123 486 2156 erit
508 2122 604 2156 falsa:
622 2134 691 2156 non
715 2123 804 2155 enim
828 2130 969 2166 possunt
992 2133 1063 2155 esse
1087 2121 1185 2155 simul
1208 2133 1314 2155 verae.
1336 2123 1378 2156 Et

306 2173 334 2205 si
357 2173 418 2205 ista
442 2171 634 2206 universalis
659 2172 819 2204 contraria
850 2180 899 2204 est
920 2170 1018 2211 falsa,
1043 2182 1101 2203 sua
1125 2170 1377 2204 contradictoria

307 2219 521 2265 particulariS,
538 2232 621 2264 quae
646 2229 695 2253 est
711 2219 874 2263 angularis
891 2220 1016 2264 primae
1039 2219 1231 2252 universalis
1252 2231 1377 2252 assum-

307 2278 392 2313 ptae,
409 2269 470 2302 erit
493 2269 677 2302 necessario
700 2278 791 2302 vera:
817 2268 1020 2313 impossibile
1036 2277 1086 2301 est
1101 2269 1190 2301 enim
1215 2267 1377 2301 contradi-

307 2319 426 2352 ctorias
442 2329 513 2351 esse
537 2317 636 2353 simul
651 2317 756 2351 falsas.
776 2318 811 2351 Si
835 2327 945 2351 autem
965 2318 1102 2361 incipias
1118 2329 1136 2350 e
1160 2329 1320 2350 converso
1338 2317 1376 2350 ab

307 2367 416 2412 aliqua
439 2366 686 2410 particularium
701 2375 734 2400 et
749 2366 789 2400 ad
813 2378 907 2399 suam
924 2365 1113 2409 angularem
1137 2366 1307 2410 procedaS,
1323 2378 1377 2399 ve-

307 2415 384 2448 ritas
407 2414 610 2459 particularis
642 2415 686 2448 ita
709 2424 819 2458 potest
850 2424 933 2448 stare
958 2426 1035 2447 cum
1057 2415 1192 2448 veritate
1221 2426 1298 2447 suae
1322 2426 1377 2447 an-

308 2462 441 2507 gularis,
458 2463 549 2507 quod
573 2472 683 2496 tamen
699 2474 768 2495 non
785 2464 969 2496 necessario
986 2462 1082 2496 infert
1101 2464 1171 2496 eius
1188 2463 1376 2495 veritatem:

309 2513 387 2556 quia
403 2511 479 2546 licet
499 2521 670 2556 sequatur:
688 2511 894 2545 Particularis
911 2521 959 2545 est
976 2522 1066 2551 vera;
1083 2523 1162 2555 ergo
1177 2523 1235 2544 sua
1250 2512 1377 2544 univer-

308 2560 385 2594 salis
409 2560 661 2593 contradictoria
685 2569 734 2593 est
757 2559 856 2600 falsa;
880 2571 949 2593 non
968 2569 1078 2594 tamen
1095 2561 1243 2604 sequitur
1268 2559 1373 2593 ultra:

309 2609 375 2643 Ista
398 2607 590 2642 universalis
614 2608 865 2642 contradictoria
881 2618 930 2642 est
944 2608 1042 2649 falsa;
1063 2620 1142 2652 ergo
1166 2620 1225 2641 sua
1249 2609 1377 2641 univer·

308 2657 384 2693 salis
408 2658 587 2698 contraria,
611 2669 695 2701 quae
719 2666 768 2690 est
784 2657 948 2700 angularis
973 2658 1175 2702 particularis
1199 2658 1377 2701 assumpti,

308 2714 358 2739 est
379 2717 466 2739 vera.
484 2706 629 2738 Possunt
651 2706 740 2738 enim
765 2706 944 2739 contrariae
967 2717 1037 2738 esse
1061 2705 1160 2739 simul
1183 2705 1292 2739 falsae.

375 2765 405 2797 7.
418 2748 505 2788 sSed
532 2754 660 2788 videtur
687 2755 850 2798 expositio
878 2756 939 2787 ista
963 2754 1101 2788 deficere
1129 2754 1168 2787 ab
1192 2753 1377 2788 Aristotelis

308 2811 419 2839 mente
436 2802 546 2847 quoad
561 2802 700 2836 modum
716 2803 868 2836 sumendi
885 2804 1124 2847 oppositiones.
1135 2804 1215 2837 Non
1228 2805 1317 2837 enim
1333 2805 1379 2836 in-

310 2850 414 2884 tendit
427 2850 482 2884 hic
496 2851 588 2895 loqui
601 2851 641 2885 de
654 2851 867 2895 oppositione
881 2863 964 2896 quae
977 2861 1026 2885 est
1038 2853 1121 2885 inter
1133 2851 1240 2885 finitas
1265 2862 1297 2885 et
1310 2852 1379 2886 infi-

309 2899 404 2939 nitas,
421 2898 478 2932 sed
494 2898 535 2932 de
551 2911 590 2932 ea
605 2911 688 2943 quae
711 2908 761 2932 est
785 2901 868 2933 inter
891 2899 999 2934 finitas
1022 2901 1107 2933 inter
1130 2912 1176 2941 se,
1189 2910 1222 2933 et
1236 2901 1378 2934 infinitas

310 2947 394 2980 inter
409 2958 455 2980 se.
480 2947 515 2980 Si
531 2948 620 2981 enim
635 2947 675 2981 de
692 2957 833 2992 utroque
850 2948 952 2982 modo
969 2950 1191 2993 oppositionis
1215 2961 1379 2993 exponere

64 2046 106 2070 ned
120 2052 223 2070 erronee.

310 2995 486 3036 volumus,
510 2997 575 3028 iam
598 3007 667 3029 non
691 2996 790 3036 duas,
812 2996 869 3029 sed
892 3006 957 3030 tres
981 2999 1210 3042 oppositiones
1234 2999 1388 3040 invenie7

310 3053 403 3077 mus:
421 3045 561 3087 primam
585 3045 669 3078 inter
692 3045 810 3085 finitas,
827 3045 1007 3079 secundam
1032 3047 1115 3079 inter
1138 3047 1299 3087 infinitas,
1315 3056 1379 3080 ter-

309 3092 390 3124 tiam
417 3103 518 3136 quam
539 3093 611 3136 ipse
636 3093 815 3126 Herminus
847 3093 927 3126 dixit
954 3095 1038 3127 inter
1064 3094 1190 3128 finitam
1217 3104 1249 3128 et
1271 3095 1379 3128 infini—

311 3149 388 3173 tam.
405 3141 525 3183 Figura
548 3142 646 3174 etiam
670 3153 769 3185 quam
793 3141 956 3182 formavit,
974 3142 1152 3176 conformis
1173 3155 1242 3177 non
1266 3153 1315 3177 est
1338 3145 1378 3184 ei,

311 3200 410 3233 quam
423 3188 614 3222 Aristoteles
630 3190 664 3222 in
680 3189 744 3222 fine
761 3190 776 3223 Ι
796 3190 939 3224 Priorum
957 3190 1120 3232 formavit,
1141 3191 1181 3225 ad
1197 3205 1296 3236 quam
1317 3204 1378 3225 nos

310 3238 452 3276 remisit,
476 3248 553 3270 cum
577 3237 673 3271 dixit:
694 3238 781 3272 Haec
809 3239 902 3282 igitur
930 3240 1180 3284 quemadmodum
1202 3242 1234 3274 in
1257 3241 1379 3275 Resolu-

311 3287 393 3320 ton'is
416 3286 528 3319 dictum
551 3293 606 3326 est,
635 3288 676 3320 sic
697 3294 768 3320 sunt
790 3287 940 3332 disposita.
965 3290 1005 3322 In
1028 3289 1212 3322 Aristotelis
1236 3301 1378 3333 namque

310 3333 433 3377 figura,
457 3333 628 3377 angulares
652 3345 729 3368 sunt
752 3335 962 3370 affirmativae
987 3336 1205 3377 affirmativis,
1230 3347 1261 3370 et
1284 3349 1379 3380 nega-

311 3383 395 3416 tivae
419 3383 588 3426 negativis.

378 3431 410 3464 8.
426 3431 554 3465 Deinde
572 3443 648 3464 cum
664 3431 755 3465 dicit:
771 3433 843 3467 Hae
853 3434 946 3476 igitur
957 3433 1035 3466 duae
1051 3442 1124 3471 etc„
1135 3433 1303 3466 concludit
1318 3445 1378 3466 nu-

312 3491 441 3512 merum
465 3480 743 3523 propositionum.
760 3481 802 3513 Et
824 3490 933 3525 potest
957 3480 1130 3524 dupliciter
1153 3482 1293 3524 exponi;
1315 3482 1378 3525 pri-

311 3539 380 3569 mo,
397 3538 435 3561 ut
457 3528 491 3572 ly
512 3529 567 3562 hae
590 3528 792 3562 demonstret
815 3529 1030 3569 universales,
1055 3537 1087 3561 et
1110 3529 1156 3561 sic
1179 3538 1229 3562 est
1251 3541 1378 3569 sensus,

313 3577 404 3621 quod
420 3576 481 3610 hae
498 3576 697 3610 universales
713 3576 823 3610 finitae
840 3586 871 3610 et
887 3577 1031 3610 infinitae
1044 3577 1164 3611 habent
1176 3578 1256 3611 duas
1274 3589 1378 3621 oppo-

313 3626 460 3666 sitiones,
477 3637 557 3669 quas
575 3637 673 3669 supra
689 3625 940 3667 declaravimus;
957 3625 1114 3667 secundo,
1131 3635 1240 3670 potest
1259 3627 1378 3671 exponi

457 3693 527 3726 Opp.
546 3693 577 3718 D.
596 3693 711 3717 Tuomst:
730 3693 761 3718 T.
782 3694 799 3717 1.

67 3102 202 3125 Herminus.

2439 299 2487 348 89

1428 385 1463 409 ut
1496 377 1530 421 ly
1553 377 1608 410 hae
1638 376 1840 410 demonstret
1871 376 2118 409 enunciationes
2152 376 2259 410 finitas
2290 386 2322 410 et
2353 377 2494 411 infinitas

1430 425 1539 469 quoad
1570 425 1792 470 praedicatum
1820 425 1888 458 sive
1919 425 2118 458 universales
2142 426 2210 459 sive
2238 425 2439 467 indefinitas,
2462 435 2494 460 et

1430 482 1507 506 tunc
1531 483 1580 507 est
1604 486 1731 514 sensus,
1748 473 1838 518 quod
1862 473 1922 507 hae
1946 475 2192 507 enunciationes
2215 474 2416 518 supradictae
2439 475 2494 508 ha—

1429 521 1508 555 bent
1539 522 1619 556 duas
1644 523 1890 566 oppositiones,
1914 522 2047 556 alteram
2080 524 2163 556 inter
2186 522 2436 556 affirmationem
2458 523 2495 556 fi-

1430 571 1532 603 nitam
1564 580 1596 604 et
1623 572 1693 604 eius
1725 572 1952 614 negationem,
1976 572 2110 605 alteram
2133 573 2217 605 inter
2244 571 2494 605 affirmationem

1430 618 1590 651 infinitam
1615 628 1646 652 et
1669 620 1739 652 eius
1770 620 1991 662 negationem.
2010 620 2119 653 Placet
2149 629 2259 653 autem
2287 620 2367 653 mihi
2391 622 2494 664 magis

1430 667 1573 700 secunda
1597 668 1770 711 expositio,
1788 668 1945 712 quoniam
1969 667 2108 701 brevitas
2133 669 2185 701 cui
2213 669 2405 702 Aristoteles
2429 678 2494 702 stu-

1431 714 1536 755 debat,
1553 715 1800 759 replicationem
1817 728 1885 749 non
1909 716 2068 760 exigebat,
2085 716 2141 750 sed
2166 718 2276 761 potius
2293 718 2370 762 quia
2393 729 2495 751 enun-

1431 764 1588 796 ciationes
1604 763 1712 796 finitas
1735 773 1768 797 et
1783 764 1925 797 infinitas
1946 764 2055 809 quoad
2072 765 2293 809 praedicatum
2313 765 2495 799 secundum

1431 811 1574 844 diversas
1599 813 1795 856 quantitates
1819 822 2075 853 enumeraverat,
2100 813 2139 846 ad
2163 813 2243 847 duas
2268 815 2495 858 oppositiones

1431 871 1546 893 omnes
1570 859 1736 900 reducere,
1760 861 1966 894 terminando
1990 873 2102 894 earum
2125 871 2312 903 tractatum,
2335 863 2449 896 voluit.

1497 920 1528 951 9.
1546 908 1675 942 Deinde
1699 920 1775 941 cum
1799 908 1893 942 dicit:
1910 910 2002 943 Aliae
2024 917 2123 943 autem
2147 911 2187 944 ad
2209 911 2241 944 id
2257 912 2337 955 quod
2359 918 2400 945 est
2422 921 2495 952 etc.,

1430 957 1569 990 intendit
1593 956 1755 990 declarare
1787 956 2006 990 diversitatem
2037 959 2305 992 enunciationum
2330 960 2369 993 de
2400 962 2496 994 tertio

1431 1004 1608 1041 adiacente,
1626 1005 1660 1037 in
1685 1004 1804 1048 quibus
1825 1004 1995 1038 subiicitur
2011 1018 2133 1039 nomen
2157 1007 2332 1041 infinitum.
2349 1009 2390 1042 Et
2413 1010 2496 1042 circa

1430 1053 1494 1085 hoc
1511 1054 1571 1085 tria
1588 1052 1681 1086 facit:
1704 1054 1822 1097 primo,
1840 1055 1996 1097 proponit
2013 1063 2045 1087 et
2062 1055 2231 1099 distinguit
2246 1067 2318 1097 eas;
2338 1058 2496 1098 secundo,

1432 1101 1575 1134 ostendit
1599 1101 1690 1145 quod
1713 1113 1781 1134 non
1805 1102 1923 1135 dantur
1946 1103 2055 1147 plures
2079 1104 2289 1147 supradictis;
2315 1105 2376 1138 ibi:
2393 1107 2496 1150 Magis

1430 1156 1530 1182 autem
1542 1149 1557 1166 *
1570 1158 1644 1189 etc.;
1666 1151 1773 1190 tertio,
1791 1150 1932 1183 ostendit
1956 1151 2179 1184 habitudinem
2196 1153 2330 1186 istarum
2347 1154 2387 1187 ad
2399 1155 2495 1196 alias;

1431 1197 1485 1230 ibi:
1503 1198 1575 1231 Hae
1594 1204 1693 1231 autem
1713 1205 1799 1232 extra
1811 1198 1826 1215 *
1838 1207 1898 1232 etc.
1924 1199 1976 1232 Ad
2000 1200 2195 1233 evidentiam
2216 1203 2312 1245 primi
2329 1203 2495 1236 adverten-

1431 1245 1511 1279 dum
1524 1255 1573 1279 est
1590 1255 1655 1279 tres
1670 1258 1740 1279 esse
1757 1247 1882 1291 species
1903 1249 2172 1281 enunciationum
2188 1249 2228 1282 de
2244 1251 2352 1291 inesse,
2371 1253 2403 1284 in
2428 1253 2496 1296 qui·

1431 1294 1492 1327 bus
1507 1295 1657 1339 explicite
1669 1296 1805 1339 ponitur
1817 1296 1880 1328 hoc
1893 1296 2029 1329 verbum
2043 1303 2111 1329 ω.-
2126 1298 2298 1337 Quaedam
2312 1309 2398 1338 sunt,
2412 1313 2495 1345 quae

1432 1343 1579 1377 subiecto
1596 1345 1664 1377 sive
1680 1343 1774 1377 finito
1791 1345 1859 1377 sive
1876 1344 2005 1378 infinito
2021 1345 2102 1378 nihil
2119 1346 2238 1379 habent
2254 1347 2399 1381 additum
2412 1350 2496 1384 ultra

1431 1392 1586 1432 verbum,
1610 1403 1658 1434 ut,
1675 1393 1760 1426 homo
1781 1400 1832 1434 est,
1851 1405 1911 1427 non
1927 1394 2011 1427 homo
2036 1401 2107 1427 est.-
2122 1395 2294 1435 Quaedam
2321 1409 2399 1430 vero
2420 1408 2496 1432 sunt

1432 1452 1515 1485 quae
1539 1441 1686 1475 subiecto
1715 1441 1809 1475 finito
1833 1442 1962 1483 habent,
1980 1452 2106 1487 praeter
2129 1443 2277 1485 verbum,
2298 1444 2419 1489 aliquid
2441 1447 2495 1481 ad-

1432 1489 1537 1523 ditum
1567 1491 1635 1524 sive
1666 1490 1796 1524 finitum
1820 1493 1888 1524 sive
1919 1491 2103 1533 infinitum,
2129 1502 2181 1533 ut,
2204 1493 2288 1526 homo
2319 1501 2360 1527 est
2381 1496 2494 1537 iustus,

1430 1538 1516 1571 bomo
1539 1545 1580 1572 est
1601 1551 1662 1572 non
1685 1541 1809 1573 iustus.-
1823 1540 1998 1580 Quaedam
2015 1550 2126 1574 autem
2150 1551 2226 1575 sunt
2242 1554 2326 1586 quae
2349 1543 2496 1578 subiecto

1430 1587 1570 1628 infinito,
1587 1597 1713 1632 praeter
1729 1588 1877 1629 verbum,
1898 1589 2019 1623 habent
2036 1589 2159 1634 aliquid
2182 1590 2329 1624 additum
2344 1593 2412 1625 sive
2428 1593 2497 1626 fini-

1430 1643 1501 1668 tum
1525 1637 1593 1669 sive
1618 1636 1794 1677 infinitum,
1819 1646 1866 1677 ut,
1890 1649 1950 1670 non
1973 1638 2057 1671 homo
2077 1644 2118 1671 est
2139 1639 2248 1678 iustus,
2265 1651 2325 1672 non
2347 1640 2432 1674 homo
2457 1649 2498 1675 est

1429 1695 1490 1717 non
1512 1685 1617 1717 iustus.
1636 1685 1677 1718 Et
1700 1686 1777 1729 quia
1793 1685 1833 1719 de
1850 1686 1963 1729 primis
1988 1687 2053 1719 iam
2070 1686 2322 1721 determinatum
2346 1698 2405 1730 est,
2422 1690 2496 1723 ideo

1430 1733 1470 1766 de
1494 1733 1617 1766 ultimis
1645 1742 1780 1767 tractare
1810 1734 1944 1774 volens,
1968 1736 2026 1768 ait:
2051 1736 2142 1769 Aliae
2172 1743 2271 1780 autem
2298 1744 2386 1778 sunt,
2412 1750 2495 1782 quae

1429 1779 1550 1814 habent
1572 1781 1713 1826 aliquid,
1737 1782 1859 1816 scilicet
1882 1783 2115 1826 praedicatum,
2133 1784 2280 1818 additum
2304 1797 2402 1830 supra
2425 1799 2495 1820 ver-

1429 1829 1509 1863 bum
1531 1837 1590 1871 est,
1615 1830 1655 1864 ad
1675 1831 1707 1864 id
1731 1831 1822 1876 quod
1845 1841 1908 1872 est,
1931 1844 1992 1866 non
2008 1832 2105 1873 homo,
2123 1835 2215 1877 quasi
2234 1834 2274 1867 ad
2294 1835 2496 1876 subiectum,

1430 1878 1513 1912 idest
1535 1879 1576 1912 ad
1599 1879 1784 1913 subiectum
1808 1880 1982 1913 infinitum.
2000 1882 2092 1914 Dixit
2115 1891 2225 1915 autem
2241 1885 2340 1927 quasi,
2363 1885 2439 1928 quia
2456 1886 2496 1917 si-

1431 1936 1485 1960 cut
1501 1939 1625 1961 nomen
1641 1927 1806 1961 infinitum
1823 1928 1931 1962 deficit
1954 1941 1972 1962 a
1993 1930 2117 1962 ratione
2134 1932 2278 1964 nominis
2290 1931 2317 1971 ²⁸,
2330 1933 2374 1965 ita
2390 1932 2498 1966 deficit

1430 1988 1447 2009 a
1464 1978 1589 2010 ratione
1614 1976 1760 2010 subiecti.
1780 1977 2008 2021 Significatum
2030 1978 2191 2023 siquidem
2211 1981 2356 2013 nominis
2379 1981 2497 2014 infiniti

1430 2037 1498 2058 non
1530 2026 1661 2069 proprie
1694 2025 1910 2059 substernitur
1939 2028 2172 2070 compositioni
2204 2040 2280 2061 cum
2311 2029 2496 2073 praedicato

1431 2085 1530 2118 quam
1554 2075 1720 2118 importat,
1744 2081 1796 2115 est,
1821 2075 1953 2108 tertium
1977 2075 2136 2108 adiacens.
2162 2077 2341 2110 Enumerat
2365 2090 2497 2123 quoque

1431 2132 1573 2167 quatuor
1596 2124 1843 2156 enunciationes
1869 2133 1901 2156 et
1925 2123 2005 2156 duas
2030 2126 2257 2168 oppositiones
2274 2127 2307 2159 in
2331 2126 2395 2160 hoc
2412 2127 2497 2161 ordi-

1430 2183 1483 2211 ne,
1509 2173 1593 2204 sicut
1616 2181 1648 2204 et
1671 2173 1704 2204 in
1734 2172 1956 2216 superioribus
1985 2172 2070 2206 fecit.
2095 2174 2277 2218 Distinguit
2300 2176 2397 2208 etiam
2421 2177 2497 2209 istas

1431 2233 1471 2254 ex
1492 2220 1616 2253 finitate
1640 2220 1692 2253 vel
1721 2220 1878 2254 infinitate
1910 2221 2102 2264 praedicata.
2129 2223 2226 2256 Unde
2254 2225 2380 2267 prim0,
2404 2226 2498 2268 ponit

1431 2270 1658 2314 oppositiones
1690 2271 1773 2302 inter
1803 2269 2029 2303 affirmativam
2061 2280 2093 2303 et
2122 2273 2307 2314 negativam
2343 2273 2497 2307 habentes

1431 2318 1615 2351 subiectum
1632 2318 1797 2351 infinitum
1824 2326 1855 2350 et
1879 2318 2101 2361 praedicatum
2124 2318 2266 2360 finitum,
2290 2319 2417 2353 dicens:
2445 2322 2496 2362 Ut,

1431 2379 1490 2401 non
1507 2368 1592 2400 homo
1608 2373 1649 2400 est
1664 2368 1772 2407 iustus,
1789 2378 1849 2400 non
1866 2367 1951 2400 homo
1967 2379 2027 2400 non
2043 2374 2084 2400 est
2098 2369 2204 2401 iustus.
2223 2369 2387 2409 Secundo,
2404 2371 2499 2413 ponit

1432 2417 1678 2460 oppositionem
1696 2415 1830 2448 alteram
1846 2416 1929 2449 inter
1946 2415 2173 2449 affirmativam
2185 2426 2219 2450 et
2234 2419 2430 2461 negativam,
2443 2419 2498 2451 ha-

1431 2464 1544 2497 bentes
1561 2463 1746 2496 subiectum
1769 2462 1942 2497 infinitum*
1958 2473 1991 2497 et
2011 2464 2233 2508 praedicatum
2255 2465 2430 2506 infinitum,
2453 2467 2498 2500 di-

1432 2523 1526 2547 cens:
1543 2514 1599 2553 Ut,
1617 2524 1676 2546 non
1693 2513 1777 2546 homo
1788 2519 1902 2546 estnon
1917 2514 2024 2553 iustus,
2038 2525 2098 2546 non
2108 2513 2192 2546 homo
2203 2526 2263 2547 non
2273 2521 2314 2547 est
2323 2526 2383 2548 non
2393 2516 2497 2548 iustus.

1502 2573 1551 2595 10.
1569 2561 1698 2595 Deinde
1716 2574 1792 2595 cum
1809 2561 1903 2595 dicit:
1928 2562 2032 2605 Magis
2055 2569 2155 2596 autem
2175 2563 2279 2606 plures
2296 2572 2369 2603 etc„
2390 2573 2497 2596 osten-

1432 2610 1478 2644 dit
1502 2610 1592 2655 quod
1616 2622 1686 2644 non
1706 2610 1824 2643 dantur
1847 2609 1957 2653 plures
1974 2611 2203 2653 oppositiones
2227 2612 2497 2645 enunciationum

1432 2659 1636 2704 supradictis.
1662 2659 1727 2693 Ubi
1744 2659 1926 2692 notandum
1950 2667 1999 2692 est
2014 2658 2106 2703 quod
2129 2660 2376 2692 enunciationes
2397 2660 2436 2693 de
2452 2661 2498 2693 in-

1432 2720 1500 2749 esse,
1519 2710 1553 2741 in
1577 2708 1695 2752 quibus
1712 2708 1862 2752 explicite
1885 2709 2020 2752 ponitur
2036 2708 2100 2741 hoc
2124 2708 2260 2741 verbum
2283 2715 2340 2748 est,
2358 2710 2425 2741 sive
2450 2721 2498 2742 se-

1434 2758 1592 2798 cundum,
1608 2759 1676 2791 sive
1700 2759 1832 2790 tertium
1856 2757 2018 2796 adiacenS,
2035 2757 2074 2790 de
2099 2757 2217 2800 quibus
2234 2757 2412 2801 loquimur,
2429 2769 2498 2790 non

1433 2816 1574 2851 possunt
1589 2819 1660 2840 esse
1676 2807 1786 2851 plures
1803 2819 1902 2851 quam
1915 2806 2091 2840 duodecim
2107 2818 2204 2850 supra
2220 2808 2356 2850 positae;
2374 2815 2405 2839 et
2421 2819 2498 2840 con-

1434 2865 1608 2900 sequenter
1638 2855 1866 2899 oppositiones
1890 2866 2002 2888 earum
2033 2854 2214 2887 secundum
2246 2854 2497 2888 affirmationem

1433 2914 1465 2938 et
1488 2905 1698 2947 negationem
1722 2915 1790 2936 non
1815 2912 1891 2936 sunt
1914 2904 1976 2935 nisi
2000 2915 2066 2935 sex.
2085 2903 2172 2936 Cum
2197 2904 2284 2935 enim
2308 2904 2342 2935 in
2366 2912 2429 2936 tres
2446 2916 2496 2936 or—

1433 2954 1525 2988 dines
1549 2953 1671 2986 divisae
1696 2954 1760 2985 sint
1790 2953 2054 2991 enunciationes,
2078 2951 2201 2984 scilicet
2223 2953 2257 2984 in
2288 2952 2356 2985 illas
2385 2952 2425 2985 de
2449 2965 2497 2986 se-

1433 3001 1543 3035 cundo
1567 3001 1752 3040 adiacente,
1776 3001 1809 3033 in
1834 3000 1903 3033 illas
1935 2999 1973 3033 de
1998 3000 2093 3032 tertio
2125 3000 2259 3032 subiecti
2284 3000 2383 3040 finiti,
2408 3010 2440 3033 et
2463 3002 2496 3034 in

1432 3049 1503 3082 illas
1527 3049 1567 3083 de
1591 3051 1687 3083 tertio
1712 3048 1847 3082 subiecti
1873 3048 2000 3087 infiniti,
2025 3057 2057 3080 et
2073 3049 2106 3080 in
2131 3047 2276 3091 quolibet
2299 3048 2413 3081 ordine
2433 3050 2497 3082 sint

1433 3107 1574 3142 quatuor
1598 3098 1855 3135 enunciationes;
1872 3096 1955 3129 fiunt
1971 3108 2086 3128 ornnes
2104 3097 2350 3129 enunciationes
2373 3096 2496 3130 duode-

1433 3149 1508 3187 cim,
1532 3156 1564 3180 et
1588 3147 1814 3191 oppositiones
1846 3157 1912 3178 sex.
1934 3146 1975 3178 Et
1998 3146 2154 3190 quoniam
2178 3145 2360 3178 subiectum
2384 3158 2495 3179 earum

1433 3197 1466 3228 in
1491 3195 1638 3239 quolibet
1661 3194 1775 3227 ordine
1799 3203 1908 3237 potest
1931 3194 2183 3238 quadrupliciter
2207 3194 2419 3237 quandficari,
2437 3195 2496 3227 sci-

1432 3245 1508 3277 licet
1531 3244 1783 3283 universalitate,
1800 3242 2061 3286 particularitate,
2085 3252 2116 3275 et
2140 3242 2371 3286 singularitate,
2393 3251 2424 3275 et
2447 3244 2496 3275 in-

1433 3292 1641 3331 definitione;
1666 3292 1741 3325 ideo
1766 3294 1843 3325 istae
1868 3291 2043 3324 duodecim
2074 3291 2332 3334 multiplicantur
2360 3291 2393 3322 in
2417 3302 2495 3334 qua-

1432 3341 1579 3384 draginta
1603 3349 1690 3372 octo.
1716 3341 1844 3380 Quater
1868 3341 1956 3373 enim
1984 3339 2158 3372 duodecim
2183 3339 2395 3383 quadraginta
2419 3347 2495 3372 octo

1432 3388 1563 3421 faciunt.
1588 3388 1660 3421 Nec
1689 3388 1843 3431 possibile
1867 3397 1916 3420 est
1939 3388 2048 3431 plures
2072 3387 2122 3419 his
2147 3388 2325 3430 imaginari.
2350 3387 2391 3420 Et
2421 3387 2496 3420 licet

1432 3436 1623 3470 Aristoteles
1636 3437 1768 3468 nonnisi
1784 3437 1899 3479 viginti
1912 3436 2028 3468 harum
2041 3437 2243 3479 expresserit,
2253 3444 2328 3468 octo
2342 3436 2375 3467 in
2388 3436 2495 3479 primo

1433 3484 1558 3523 ordine,
1575 3493 1651 3517 octo
1668 3485 1702 3516 in
1718 3484 1874 3522 secundo,
1892 3493 1923 3517 et
1939 3493 2080 3528 quatuor
2102 3485 2135 3516 in
2152 3485 2259 3521 tertio,
2276 3493 2418 3516 attamen
2438 3495 2496 3527 per

1432 3544 1485 3565 eas
1509 3532 1649 3576 reliquas
1674 3532 1778 3564 voluit
1800 3532 1947 3575 intelligi.
1965 3532 2048 3565 Sunt
2064 3541 2174 3565 autem
2194 3533 2240 3564 sic
2255 3532 2495 3565 enumerandae

1433 3589 1465 3613 et
1481 3580 1679 3614 ordInandae
1702 3579 1883 3613 secundum
1904 3579 2054 3623 singulos
2076 3580 2218 3620 ordines,
2236 3589 2272 3612 ut
2287 3579 2494 3613 affirmationi

1432 3630 1563 3672 negatio
1587 3630 1692 3673 prima
1715 3640 1755 3661 ex
1777 3629 1933 3672 opposito
1963 3629 2119 3669 situetur,
2144 3637 2182 3661 ut
2204 3629 2424 3672 oppositionis
2447 3629 2494 3660 in-

2294 3692 2351 3716 12*

2524 1161 2532 1168 '
2543 1158 2614 1180 Num.
2626 1164 2674 1186 seq.

2522 1212 2533 1223 ⁴
2544 1211 2606 1233 Infra
2620 1217 2684 1233 num.
2696 1216 2721 1232 n.

2525 1941 2532 1948 ·
2541 1939 2575 1960 Cf.
2585 1939 2737 1966 lib.1.lect.1v,

2524 1971 2547 1987 n.
2560 1972 2588 1994 ¹3-
