2788 4204
89 321 98 327 ⁶
113 325 126 339 ι.
134 326 141 338 .·
156 320 199 339 est.

89 684 96 692 ·
111 683 167 705 Ideo
181 689 228 704 orn.
250 690 273 704 o.

186 743 195 758 Ε

85 1060 92 1066 ·
108 1057 169 1078 Lect.
182 1063 228 1078 xiii.

85 1113 92 1119 ·
113 1116 126 1130 Α
147 1116 193 1130 non
217 1113 294 1131 recte:

83 1138 120 1157 est
134 1137 192 1157 enim
212 1136 281 1164 quod.

183 1164 198 1193 ζ

83 1266 89 1272 ·
111 1270 155 1285 nn:
173 1265 218 1289 sil‚·
234 1270 274 1285 BL:

83 1290 137 1311 sint.
145 1298 154 1316 ς
163 1297 191 1311 n:
203 1293 246 1313 est.

179 1379 194 1402 η

82 1429 89 1434 “
102 1426 171 1453 Quod
179 1432 228 1448 om.
238 1434 293 1449 uuo.

81 1453 103 1463 ⁴·
117 1459 130 1473 Λ
146 1460 163 1474 s.
176 1460 215 1476 m.:
230 1461 293 1476 vere.

80 1481 87 1488 ·
103 1479 134 1500 Et
153 1487 201 1502 om.
222 1481 292 1503 codd.

81 1535 88 1543 ·
103 1533 135 1554 ΕΙ
148 1540 195 1555 om.
210 1540 249 1556 1³0.

178 1582 190 1607 0

78 1701 88 1710 ·
108 1706 122 1721 Ν
146 1706 192 1721 non
214 1704 292 1722 recte:

78 1726 125 1747 Sic.

78 1967 87 1977 “
101 1973 156 1988 nor:
174 1970 292 1994 possunt,-

78 1999 135 2014 urn:
147 1996 255 2020 possent.

78 2028 174 2056 Opinio.

185 2073 193 2089 ι

76 2098 85 2108 “
101 2098 175 2119 Codd.
185 2110 195 2114 -
205 2105 225 2120 Ρ.
241 2105 290 2121 om.

77 2130 130 2146 non.
147 2125 183 2147 ef.
193 2129 248 2147 text.

328 225 404 261 320

329 305 436 350 bere3
458 315 502 340 ac
532 303 563 339 si
588 302 687 340 dicat
706 303 811 351 quod
837 303 1043 339 intellectus
1063 299 1155 336 nihil
1184 299 1287 336 aliud
1307 298 1353 334 sit
1375 299 1395 319 ’¹‘

329 369 446 406 quam
480 356 672 405 quaedam
706 356 862 392 scientia
896 352 1253 390 indemonstrabilis.
1292 351 1397 388 Sicut

330 411 432 446 enim
470 409 624 446 scientia
658 409 835 457 importat
873 406 1134 443 certitudinem
1173 404 1396 452 cognitionis

328 475 397 511 per
432 461 793 499 demonstrationem
837 459 1078 508 acquisitam,
1109 459 1159 495 ita
1188 457 1396 496 intellectus

330 517 507 564 importat
536 514 797 552 certitudinem
828 512 1050 560 cognitionis
1070 512 1214 561 absque
1236 511 1395 549 demon-

329 568 526 615 stratione;
552 578 628 604 non
647 574 802 615 propter
830 566 1020 602 defectum
1051 565 1394 612 demonstrationis,

329 622 396 659 sed
425 622 514 670 quia
543 621 580 658 id
606 621 653 657 de
682 632 760 668 quo
791 618 973 656 certitudo
1002 619 1178 665 habetur,
1210 625 1264 655 est
1293 618 1396 655 inde-

328 674 571 712 monstrabile
593 681 627 709 et
639 685 713 722 per
730 685 770 709 se
798 678 939 709 notum.
960 672 1009 708 Et
1029 671 1115 708 ideo
1136 671 1156 692 ²¹⁴
1172 672 1221 709 ad
1240 672 1315 708 hoc
1335 684 1396 708 ex-

325 727 568 777 ponendum,
600 726 726 763 subdit
754 725 860 775 quod
885 725 1040 762 scientia
1069 725 1366 762 demonstrativa
1385 732 1396 746 ε

326 781 416 818 nihil
440 780 541 816 aliud
562 787 617 816 est
640 792 757 828 quarn
779 786 879 816 certa
900 778 1125 815 existimatio
1150 778 1395 816 immediatae

325 833 604 882 propositionis.
633 833 751 879 Quod
771 839 900 869 autem
929 832 1138 869 intellectus
1167 832 1213 868 sit
1242 832 1396 869 scientia

326 885 668 922 indemonstrabilis
687 893 790 935 patet
805 898 851 922 ex
870 887 946 923 hoc
960 886 1043 934 ipso
1063 885 1169 935 quod
1185 885 1275 922 dicit
1289 887 1395 934 quod

326 946 380 976 est
393 939 622 987 principium
643 939 830 976 scientiae.
853 940 955 976 Cum
972 939 1074 976 enim
1096 939 1250 975 scientia
1270 939 1315 975 sit
1330 952 1394 976 ne-

325 992 592 1039 cessariorum,
619 999 654 1028 et
677 992 889 1029 necessaria
916 1005 995 1030 non
1025 992 1299 1029 concludantur
1324 993 1395 1029 nisi

324 1058 369 1082 ex
392 1045 627 1093 necessariis,
652 1053 694 1083 ut
718 1059 832 1095 supra
856 1048 875 1065 *⁶
899 1047 1105 1095 probatum
1135 1053 1209 1093 est,
1238 1058 1394 1083 necesse

324 1107 378 1135 est
395 1101 414 1121 *
430 1099 536 1148 quod
556 1099 775 1147 intellectus,
794 1099 860 1149 qui
885 1107 940 1137 est
953 1099 1183 1148 principium
1204 1098 1392 1147 scientiae,

323 1165 400 1189 non
429 1153 475 1189 sit
504 1153 803 1201 contingentium
824 1152 849 1190 ζ.

374 1219 412 1253 4.
449 1207 615 1243 Ostenso
649 1219 738 1255 ergo
776 1206 883 1255 quod
916 1218 1040 1255 neque
1075 1205 1230 1243 scientia
1267 1219 1392 1255 neque

322 1259 530 1296 intellectus
558 1267 645 1297 sunt
665 1262 685 1282 *
715 1260 1025 1308 contingentium,
1047 1259 1154 1312 ponit
1181 1260 1392 1309 quamdam

323 1313 561 1350 divisionem.
597 1315 646 1350 Et
681 1313 770 1351 dicit
802 1313 908 1363 quod
938 1312 1117 1360 contingit
1143 1325 1281 1349 verum
1311 1325 1392 1350 esse

323 1374 359 1403 et
386 1367 609 1404 intellectum
635 1374 670 1404 et
692 1367 886 1404 scientiam
907 1373 942 1402 et
967 1366 1180 1414 opinionem
1194 1371 1209 1389 '¹
1234 1373 1270 1402 et
1293 1366 1396 1414 quod

318 1432 389 1468 per·
410 1422 482 1457 hoc
500 1421 646 1467 dicitur,
662 1421 756 1458 idest
775 1419 911 1468 quod*
922 1419 1144 1456 enunciatur
1157 1431 1254 1455 voce
1267 1420 1311 1441 ²¹²*
1324 1432 1394 1468 per

321 1474 552 1511 intellectum
568 1481 604 1511 et
615 1475 635 1495 ’¹²
655 1473 850 1511 scientiam
872 1479 908 1509 et
922 1472 1146 1521 opinionem
1161 1484 1307 1509 veram.
1324 1473 1392 1509 Est

322 1528 423 1564 enim
443 1540 579 1564 verum
601 1535 636 1564 et
654 1528 674 1548 *
694 1527 731 1564 in
748 1526 1027 1574 compositione
1057 1533 1093 1562 et
1120 1525 1309 1563 divisione
1337 1525 1392 1562 in-

319 1582 487 1618 tellectus
501 1579 525 1628 ⁰,
544 1588 579 1617 et
599 1581 636 1617 in
657 1580 922 1618 enunciatione
944 1579 1129 1626 exteriori,
1151 1580 1188 1616 in
1204 1586 1391 1628 quantum

320 1634 504 1682 significat
541 1634 758 1671 interiorem
790 1634 990 1671 veritatem
1025 1632 1239 1682 opinionis,
1270 1632 1390 1670 scien-

318 1687 390 1724 tiae
411 1689 472 1724 vel
489 1687 707 1725 intellectus.
730 1687 804 1724 Si*
820 1699 909 1735 ergo
931 1687 1131 1724 cuiuslibet
1148 1686 1229 1724 veri
1252 1687 1314 1723 vel
1336 1694 1391 1723 est

319 1741 531 1787 intellectus,
552 1742 614 1778 vel
642 1741 808 1787 scientia,
828 1741 890 1778 vel
920 1741 1058 1789 opinio,
1089 1748 1126 1777 et
1153 1746 1240 1778 sunt
1273 1752 1389 1789 quae-

320 1795 408 1832 dam
438 1807 530 1832 vera
564 1794 838 1843 contingentia,
869 1806 1035 1843 quorum
1073 1806 1152 1831 non
1181 1800 1236 1830 est
1265 1805 1389 1842 neque

319 1848 473 1885 scientia
501 1861 626 1898 neque
656 1848 882 1894 intellectus;
911 1847 1131 1896 relinquitur
1157 1847 1264 1896 quod
1293 1847 1390 1884 circa

319 1901 539 1939 huiusmodi
559 1903 604 1939 sit
625 1902 772 1951 opinio,
803 1901 883 1938 sive
904 1902 976 1938 sint
995 1908 1081 1938 actu
1100 1913 1193 1938 vera
1212 1900 1293 1937 sive
1318 1899 1391 1937 sint

319 1961 405 1992 actu
433 1956 536 2003 falsa,
562 1956 777 1993 dummodo
806 1954 952 2004 possint
983 1955 1002 1976 '¹‘
1031 1954 1136 1992 aliter
1167 1967 1207 1991 se
1236 1954 1390 1991 habere.

376 2009 408 2046 5.
439 2010 488 2045 Et
525 2010 573 2046 ad
612 2009 883 2058 exponendum
917 2008 1009 2058 quid
1037 2008 1083 2045 sit
1121 2007 1268 2057 opinio,
1303 2007 1390 2044 sub-

318 2061 436 2110 iungit
456 2062 562 2111 quod
582 2063 712 2111 opinio
735 2070 789 2100 est
807 2062 972 2110 acceptio
992 2068 1016 2108 ⁸,
1042 2061 1137 2099 idest
1166 2060 1390 2098 existimatio

318 2115 522 2163 quaedam,
539 2116 777 2153 immediatae
790 2115 1068 2164 propositionis,
1089 2120 1124 2152 et
1142 2126 1217 2151 non
1233 2115 1253 2136 '¹²
1268 2126 1391 2151 neces-

921 219 1301 259 POSTERIORUM
1328 219 1759 257 ANALYTICORUM
1788 221 1882 257 LIB.
1914 223 1927 258 Ι

1448 299 1585 336 sariae.
1608 299 1725 345 Quod
1754 307 1878 348 potest
1907 300 2059 338 duobus
2087 302 2214 340 modis
2244 302 2413 352 intelligi:
2442 317 2521 342 uno

1450 352 1570 388 modo
1591 352 1643 389 sic
1673 353 1779 402 quod
1798 354 1818 374 '¹‘
1841 354 2051 403 propositio
2077 354 2296 393 immediata
2322 357 2359 394 in
2380 369 2420 394 se
2441 359 2521 407 qui-

1451 405 1541 442 dem
1561 405 1606 441 sit
1626 406 1838 443 necessaria
1857 413 1881 451 κ,
1903 409 1971 445 sed
1991 408 2039 444 ab
2060 408 2239 457 opinante
2260 409 2463 458 accipiatur
2480 419 2523 448 ut

1450 469 1529 494 non
1564 459 1778 496 necessaria
1793 460 1835 506 *3
1861 460 1934 497 alio
1964 461 2101 509 modo,
2122 469 2163 498 ut
2184 461 2222 499 in
2242 475 2281 499 se
2303 463 2348 499 sit
2377 464 2520 501 contin-

1450 523 1554 559 gens.
1571 511 1717 548 Dicitur
1732 512 1835 550 enim
1855 512 2077 552 immediata
2091 515 2314 564 propositio,
2330 528 2522 565 quaecun-

1451 577 1525 613 que
1545 577 1614 613 per
1629 566 1784 614 aliquod
1803 566 1976 605 medium
1995 569 2150 617 probari
2165 581 2244 606 non
2258 576 2384 618 potest
2392 570 2424 617 ²¹²,
2441 570 2521 607 sive

1451 618 1496 654 sit
1520 619 1732 655 necessaria
1749 619 1829 656 sive
1854 632 1933 657 non
1948 622 1968 641 ¹⁶
1984 623 2207 660 necessaria.
2236 623 2447 660 Ostensum
2468 630 2523 660 est

1452 670 1554 708 enim
1570 673 1714 721 supra*
1724 673 1830 722 quod
1845 685 1924 711 non
1942 675 2160 723 proceditur
2171 677 2212 697 *⁴*
2223 676 2261 713 in
2278 676 2467 714 infinitum
2485 676 2521 714 in

1450 725 1806 773 praedicationibus,
1828 739 1953 776 neque
1973 735 2159 776 quantum
2180 729 2230 766 ad
2249 730 2372 767 media
2396 743 2521 779 neque

1451 786 1636 826 quantum
1657 780 1706 816 ad
1721 785 1892 817 extrema
1898 794 1911 826 ,·
1927 788 1963 817 et
1981 782 2056 818 hoc
2072 794 2151 818 non
2166 783 2291 820 solum
2307 783 2494 832 analytice
2509 781 2522 804 λ

1451 831 1489 868 in
1519 831 1928 881 demonstrationibus,
1956 835 2024 872 sed
2053 835 2167 872 etiam
2196 836 2317 883 logice
2346 848 2520 874 commu-

1450 884 1545 921 niter
1572 893 1759 935 quantum
1792 886 1841 924 ad
1869 899 2006 924 omnes
2025 888 2045 909 '¹‘
2069 889 2321 936 syllogismos.
2349 890 2389 927 Si
2413 890 2524 938 igitur

1450 938 1495 974 sit
1523 938 1649 988 aliqua
1676 940 1889 988 propositio
1919 940 2141 989 contingens
2161 942 2342 990 mediata,
2373 951 2522 993 oportet

1449 991 1554 1040 quod
1583 993 1785 1030 reducatur
1809 994 1858 1031 ad
1886 994 2030 1043 aliquas
2061 994 2312 1034 immediatas.
2334 997 2427 1034 Non
2455 1009 2520 1034 au-

1448 1051 1527 1081 tem
1554 1046 1743 1083 reducitur
1771 1047 1820 1084 ad
1848 1046 2088 1085 immediatas
2116 1049 2347 1087 necessarias
2366 1050 2519 1100 ¹⁴²,‚quia

1448 1099 1660 1136 necessaria
1679 1109 1759 1136 non
1778 1108 1865 1137 sunt
1882 1102 2037 1150 propria
2055 1102 2075 1123 *
2089 1102 2274 1151 principia
2299 1103 2520 1152 contingen·
2547 1113 2558 1124 ⁸

1447 1151 1560 1199 tium,
1591 1165 1715 1202 neque
1746 1165 1791 1190 ex
1819 1154 2039 1191 necessariis
2067 1162 2192 1204 potest
2225 1157 2401 1194 concludi
2430 1169 2518 1194 con-

1447 1205 1593 1253 tingens
1609 1206 1641 1244 ²¹².
1668 1207 1780 1244 Unde
1801 1207 2021 1257 relinquitur
2039 1209 2145 1257 quod
2164 1208 2211 1246 sit
2229 1209 2354 1259 aliqua
2379 1222 2521 1259 propo-

1447 1259 1531 1295 sitio
1565 1259 1788 1297 immediata
1825 1262 2046 1309 contingens
2074 1267 2097 1298 ⁹.
2133 1262 2258 1309 Sicut,
2293 1263 2406 1300 homo
2444 1274 2520 1301 non

1447 1312 1576 1358 currit,
1598 1320 1654 1350 est
1681 1313 1864 1361 mediata;
1884 1322 2009 1363 potest
2038 1315 2140 1352 enim
2169 1316 2323 1365 probari
2350 1328 2420 1366 per
2445 1316 2521 1355 hoc

1447 1365 1632 1413 medium,
1647 1367 1767 1406 Jzomo
1796 1380 1871 1404 non
1892 1374 2075 1414 movetur,
2092 1381 2191 1417 quae
2215 1369 2328 1407 etiam
2351 1377 2407 1407 est
2431 1381 2520 1407 con-

1446 1418 1609 1466 tingens,
1639 1420 1708 1457 sed
1736 1420 1969 1459 immediata.
1999 1422 2239 1459 Existimatio
2269 1435 2358 1471 ergo
2387 1422 2520 1460 talium

1445 1472 1754 1521 propositionum
1774 1474 2074 1523 contingentium
2094 1475 2403 1514 immediatamm
2423 1477 2443 1496 ¹*
2465 1483 2521 1513 est

1446 1525 1596 1574 opinio:
1622 1527 1691 1564 sed
1718 1538 1788 1575 per
1816 1527 1891 1564 hoc
1918 1540 1998 1565 non
2036 1528 2247 1566 excluditur
2281 1529 2376 1580 quin
2405 1528 2520 1567 etiam

1446 1578 1617 1627 acceptio
1648 1580 1919 1629 propositionis
1958 1581 2208 1630 contingentis
2242 1582 2433 1621 mediatae
2451 1617 2456 1622 .
2473 1583 2520 1620 sit

1446 1632 1590 1681 opinio.
1613 1632 1677 1670 Sic
1697 1633 1801 1670 enim
1821 1646 1860 1671 se
1880 1635 1996 1671 habet
2016 1635 2116 1672 circa
2135 1635 2403 1684 contingentia,
2423 1636 2521 1674 sicut

1447 1685 1655 1723 intellectus
1685 1694 1721 1724 et
1749 1686 1906 1724 scientia
1935 1688 2035 1725 circa
2062 1689 2286 1726 necessaria.

1500 1740 1536 1776 6.
1559 1740 1757 1787 Secundo:
1782 1741 1851 1778 ibi:
1880 1742 1932 1778 Et
1957 1743 2170 1791 confessum
2198 1748 2325 1780 autem
2353 1748 2408 1780 est
2434 1750 2520 1791 etc.,

1445 1793 1584 1841 probat
1608 1793 1711 1831 idem
1731 1806 1800 1843 per
1818 1794 1858 1831 id
1876 1795 1983 1844 quod
2004 1795 2262 1833 communiter
2279 1803 2448 1845 apparet.
2469 1795 2520 1835 Et

1446 1845 1536 1883 dicit
1563 1846 1670 1896 quod
1699 1847 1738 1885 id
1766 1848 1871 1896 quod
1901 1847 2045 1886 dictum
2067 1856 2139 1896 est,
2161 1849 2301 1887 scilicet
2321 1850 2342 1871 ²⁸²
2370 1848 2519 1900 opinio-

1446 1911 1536 1936 nem
1557 1912 1638 1937 esse
1659 1900 1972 1949 contingentium,
1991 1909 2047 1939 est
2065 1901 2264 1952 quoddam
2284 1903 2516 1952 confessum,

1446 1953 1543 1990 idest
1570 1962 1871 1991 consentaneum
1900 1955 1959 1992 his
1983 1953 1997 1979 t
2020 1968 2119 2005 quae
2149 1964 2354 2006 apparent:
2384 1956 2518 2006 opinio

1447 2006 1550 2043 enirn
1579 2006 1730 2044 videtur
1757 2020 1893 2045 sonare
1923 2008 2067 2058 aliquid
2096 2009 2220 2046 debile
2247 2016 2283 2046 et
2311 2009 2518 2057 incertum;

1447 2067 1483 2097 et
1508 2060 1661 2098 videtur
1689 2073 1770 2098 esse
1797 2061 1924 2111 aliqua
1947 2062 2030 2100 talis
2047 2063 2066 2084 *
2086 2070 2232 2110 natura,
2252 2075 2352 2112 quae
2380 2063 2520 2101 habeat

1445 2113 1485 2150 in
1513 2126 1552 2151 se
1582 2113 1879 2152 imbecillitatem
1901 2116 1921 2136 *
1951 2123 1988 2153 et
2015 2116 2333 2154 incertitudinem.

314 2310 377 2334 dum
394 2312 433 2334 est
449 2316 550 2334 eorum.
561 2322 581 2328 --
595 2308 763 2334 AEGKLNO
779 2314 804 2333 et
820 2317 845 2342 p.
860 2316 894 2333 m.
915 2308 974 2334 CD:
998 2315 1065 2340 quae
1083 2308 1229 2342 contingit;
1243 2316 1265 2333 s.
1277 2316 1312 2333 m.
1329 2307 1387 2333 CD:

315 2352 382 2377 quae
402 2353 452 2370 non
472 2344 620 2377 contingit:
639 2352 706 2376 quae
720 2345 795 2369 lectio
815 2344 837 2368 si
852 2344 1022 2376 coniungatur
1041 2344 1203 2376 praecedenti
1223 2343 1325 2368 lectioni
1344 2351 1389 2368 eo-

315 2381 433 2405 rumdem
454 2380 536 2409 codd„
558 2379 727 2405 habebimus:
749 2387 832 2412 neque
851 2380 964 2405 scientia
985 2379 1229 2405 indemonstrabilis
1248 2387 1316 2412 quae
1335 2386 1386 2404 non

315 2416 447 2448 contingit
470 2415 550 2440 aliter
574 2422 601 2439 se
627 2414 730 2440 habere.
754 2415 814 2446 QS:
839 2415 911 2447 quod
933 2415 1081 2448 contingit5
1101 2415 1125 2440 T
1145 2423 1198 2440 non
1217 2415 1296 2440 bene:
1320 2422 1388 2447 quae

316 2451 447 2476 convenit.
754 2458 757 2468 s

369 2485 392 2520 ε)
414 2486 510 2511 Subdit
539 2486 611 2519 quod
634 2486 744 2511 scientia
770 2486 982 2511 demonstrativa
1000 2486 1121 2511 eto-Ita
1142 2486 1161 2510 P
1181 2485 1256 2518 legit,
1277 2490 1302 2511 et
1326 2494 1387 2511 cum

316 2530 346 2547 ea
359 2522 515 2546 concordant
529 2522 603 2546 codd.
616 2522 650 2545 At
663 2521 688 2545 in
703 2521 759 2546 cod.
775 2522 795 2546 C
810 2521 949 2554 apponitur
962 2521 1066 2554 postilla
1079 2521 1103 2546 in
1119 2521 1235 2553 margine
1251 2521 1385 2554 superiori,

317 2558 459 2582 secundum
475 2565 554 2590 quam
567 2562 638 2582 esset
650 2557 802 2588 legendum:
816 2557 913 2585 subdit,
927 2557 999 2589 quod
1012 2557 1122 2582 scientia
1136 2557 1386 2586 indemonstrabilis,

317 2593 365 2618 hoc
375 2596 413 2618 est
424 2593 577 2622 intellectus,
589 2592 654 2617 nihil
668 2592 743 2617 aliud
753 2597 802 2617 etc.
814 2593 847 2616 Et
860 2600 950 2617 revera
965 2592 1209 2617 indemonstrabilis
1222 2592 1324 2617 videtur
1336 2592 1386 2617 hoc

316 2630 341 2653 in
361 2629 419 2653 loco
437 2628 533 2661 requiri
553 2635 583 2652 ex
602 2628 702 2660 integro
721 2632 848 2652 contextu.

369 2663 395 2698 ζ)
417 2664 470 2694 Qui
488 2666 528 2688 est
544 2663 707 2695 principium
721 2663 847 2688 scientiae
861 2663 986 2692 etc.-Q:
1005 2663 1051 2695 qui
1065 2666 1104 2688 est
1118 2663 1284 2695 principium
1303 2663 1386 2688 scien-

317 2700 370 2724 tiae
395 2699 430 2724 sit
455 2698 706 2724 indemonstrabilis.
733 2699 928 2731 Consequenter
950 2698 1030 2730 ponit
1053 2698 1197 2730 quamdam
1224 2703 1272 2723 etc.

369 2733 397 2769 η)
412 2735 448 2759 Et
462 2734 612 2767 opinionem
633 2739 709 2759 etc.-
719 2734 745 2764 Q
756 2735 832 2766 plura
845 2742 899 2759 om.
914 2739 939 2758 et
956 2734 1081 2758 mendose
1096 2734 1170 2765 legit:
1185 2737 1212 2758 et
1225 2734 1386 2766 opinionem.

322 2770 388 2795 Vero
403 2770 516 2803 (verum)
531 2770 611 2795 etiam
627 2769 725 2794 dicitur
743 2772 770 2794 et
783 2769 809 2794 in
826 2769 1026 2802 comparatione
1040 2772 1066 2794 et
1080 2769 1106 2794 in
1123 2769 1265 2798 divisione‚·
1279 2772 1306 2794 et
1323 2772 1386 2794 sunt

316 2806 446 2838 quaedam
462 2813 525 2830 vera
543 2805 679 2835 continua,
698 2812 811 2838 quorum
826 2813 878 2830 non
893 2807 933 2830 est
945 2805 1056 2830 scientia
1076 2811 1160 2836 neque
1178 2804 1330 2829 intellectus·
1337 2810 1384 2829 etc.

369 2839 394 2875 Θ)
415 2841 452 2866 Et
470 2841 600 2866 divisione
621 2841 768 2866 intellectus
788 2845 837 2865 etc.
854 2840 973 2872 -VCLST
993 2848 1044 2864 non
1056 2845 1144 2864 -recte:
1168 2843 1195 2864 et
1209 2840 1235 2864 in
1255 2839 1386 2865 divisione

316 2877 471 2906 intellectus,
485 2880 511 2902 et
530 2876 562 2909 (L
581 2884 634 2901 om.
649 2876 689 2908 et)
709 2876 842 2901 exteriori
860 2876 930 2901 enim
949 2875 1146 2905 enunciatione,
1169 2875 1195 2900 in
1215 2878 1354 2908 quantum.
1367 2888 1386 2895 κ

316 2912 397 2937 Codd.
417 2912 481 2944 (exc.
501 2912 543 2945 S):
563 2911 712 2945 significan
732 2912 766 2936 P:
787 2911 955 2945 significant;
976 2912 1006 2936 S:
1025 2911 1200 2945 significatur.
1214 2910 1385 2936 -ACDGHK

315 2948 407 2972 LMST
426 2955 547 2972 erronee:
567 2947 721 2972 interiorem
741 2947 875 2972 virtutem.

369 2982 388 3016 ι)
412 2983 508 3015 Opinio
527 2986 566 3008 est
580 2983 697 3014 acceptio
711 2987 759 3007 etc.
769 2995 787 3001 -
797 2982 945 3007 Notandum
962 2982 1033 3015 quod
1053 2981 1140 3015 opinio
1154 2981 1286 3014 tripliciter
1305 2982 1384 3014 accipi

315 3026 329 3043 a
344 3018 501 3051 philosopho
516 3023 611 3050 potest.
629 3019 652 3042 1·
667 3018 807 3051 improprie
821 3023 846 3042 et
860 3018 978 3050 generice
993 3025 1040 3050 pro
1055 3017 1213 3049 cognitione3
1224 3023 1248 3042 et
1261 3017 1298 3042 sic
1312 3025 1384 3042 acce-

314 3059 364 3086 pta,
381 3059 420 3078 est
435 3054 546 3085 cognitio
565 3061 624 3078 cum
644 3061 762 3078 assensu.
777 3054 833 3078 Hoc
853 3061 931 3078 sensu
951 3053 1064 3083 scientia,
1082 3053 1234 3083 intellectus,
1253 3051 1318 3077 fides
1336 3053 1384 3078 dici

315 3094 424 3121 possunt
443 3089 520 3114 etiam
539 3089 684 3121 opiniones.
701 3090 726 3113 2·
741 3089 843 3122 proprie
863 3093 888 3113 et
907 3087 1026 3121 specifice
1044 3096 1091 3121 pro
1111 3088 1279 3113 determinata
1298 3090 1384 3122 cogni-

314 3125 396 3156 tione;
410 3129 435 3150 et
449 3124 498 3149 hoc
513 3124 656 3157 dupliciter,
671 3132 766 3157 nempe
786 3124 926 3149 subiective
941 3129 966 3149 et
979 3124 1115 3154 obiective,
1128 3123 1196 3148 iuxta
1210 3124 1263 3148 duo
1277 3131 1345 3157 quae
1358 3125 1384 3149 in

313 3160 385 3184 omni
405 3159 550 3192 cognitione
570 3165 638 3190 sunt,
652 3167 746 3192 nempe
764 3165 851 3184 actum
871 3164 1074 3192 cognoscentem
1097 3164 1123 3184 et
1145 3159 1277 3184 obiectum
1296 3160 1384 3193 cogni-

314 3201 378 3220 tum.
391 3195 515 3228 -Opinio
540 3195 681 3220 subiective
699 3200 804 3228 accepta
824 3200 864 3220 est
887 3196 998 3227 cognitio
1017 3203 1076 3220 cum
1100 3202 1210 3220 assensu
1229 3195 1288 3220 dato
1312 3195 1384 3221 alteri

315 3231 379 3263 parti
404 3230 611 3255 contradictionis
627 3238 686 3255 cum
704 3230 841 3255 formidine
860 3231 995 3263 oppositae
1015 3230 1073 3263 (Cf.
1088 3230 1146 3255 lect.
1164 3238 1195 3260 ν,
1215 3235 1269 3256 not.
1287 3229 1327 3263 δ).
1344 3231 1383 3256 De

314 3266 435 3298 opinione
460 3267 497 3291 sic
516 3271 620 3299 accepta
639 3266 754 3299 loquitur
768 3274 790 3291 a.
809 3265 926 3291 Thomas
945 3274 1005 3291 cum
1024 3266 1071 3290 ait:
1092 3273 1145 3291 uno
1163 3266 1242 3291 modo
1260 3266 1299 3291 sic
1312 3267 1385 3299 quod

310 3301 461 3333 propositio
481 3302 680 3326 immediata...
699 3302 732 3327 ab
751 3302 878 3333 opinante
902 3302 1052 3334 accipiatur
1071 3304 1100 3326 ut
1125 3309 1177 3327 non
1198 3302 1383 3327 necessaria.-

315 3336 447 3362 Obiective
470 3342 585 3369 spectata
609 3337 696 3369 opinio
719 3342 759 3362 est
778 3337 890 3370 cognitio
914 3345 974 3362 cum
998 3344 1107 3362 assensu
1132 3337 1192 3362 dato
1215 3337 1384 3370 propositioni

315 3371 347 3396 de
365 3372 443 3396 rebus
463 3372 683 3405 contingentibus;
694 3380 762 3405 quae
781 3373 815 3397 ita
833 3377 902 3402 sunt,
922 3378 951 3397 ut
969 3373 1070 3405 possint
1087 3377 1175 3398 tamen
1200 3373 1273 3398 aliter
1291 3380 1320 3398 se
1338 3372 1382 3398 ha-

314 3406 384 3437 bere,
397 3412 423 3431 et
442 3408 479 3432 sic
491 3413 535 3432 aut
553 3413 654 3432 mutare
667 3415 805 3433 assensum
818 3413 862 3433 aut
872 3409 1007 3433 veritatem
1020 3409 1045 3433 in
1061 3408 1191 3441 opinante.
1206 3407 1244 3433 De
1262 3408 1384 3440 opinione

316 3447 417 3474 accepta
440 3442 489 3467 hoc
509 3444 623 3468 secundo
642 3451 722 3468 sensu
747 3448 808 3468 sunt
826 3443 907 3468 verba
925 3444 967 3468 illa
986 3451 1008 3468 s.
1023 3443 1154 3469 Thomae:
1173 3443 1228 3469 alio
1246 3443 1333 3474 modo,
1353 3447 1384 3469 ut

316 3478 457 3509 propositio
471 3478 496 3502 in
512 3485 548 3508 se,
563 3486 657 3511 nempe
670 3479 805 3509 obiective,
818 3479 854 3503 sit
865 3479 1029 3512 contingens.
1039 3493 1058 3498 —
1067 3479 1148 3503 Porro
1163 3479 1188 3503 in
1202 3478 1250 3504 hac
1265 3479 1382 3510 lectione,

316 3519 374 3536 cum
395 3518 557 3545 comparatur
575 3514 663 3546 opinio
682 3515 714 3538 ad
734 3514 875 3544 scientiam,
889 3514 976 3546 opinio
995 3514 1107 3539 sumitur
1125 3514 1236 3547 proprie,
1250 3522 1344 3547 nempe
1357 3515 1382 3539 in

317 3548 431 3587 secundo
451 3553 476 3572 et
495 3549 569 3573 tertio
589 3556 682 3579 semu,
697 3554 774 3582 prout
797 3557 892 3581 nempe
912 3557 926 3574 a
945 3550 1066 3580 scientia,
1083 3549 1213 3574 intellectu
1233 3555 1257 3575 et
1276 3548 1326 3575 fide
1345 3549 1382 3575 di-

315 3584 459 3614 stinguitur.

1496 2307 1523 2342 κ)
1544 2308 1574 2333 In
1594 2315 1622 2333 se
1639 2308 1745 2341 quidem
1765 2308 1800 2334 sit
1814 2313 1862 2333 etc.
1871 2321 1891 2329 —-
1900 2309 1936 2333 A:
1953 2308 1979 2333 in
1994 2315 2092 2342 genere
2105 2308 2211 2341 quidem
2225 2309 2261 2334 sit
2274 2313 2337 2340 etc.;
2354 2309 2378 2334 0
2392 2316 2448 2335 om.
2460 2309 2506 2342 qui

1443 2342 1502 2368 dem
1508 2350 1517 2372 ,·
1532 2344 1565 2368 B:
1585 2344 1611 2368 in
1631 2351 1659 2369 se
1676 2344 1808 2377 quaedam
1827 2344 2016 2377 quidem-A:
2029 2344 2077 2369 sed
2094 2344 2128 2369 ab
2147 2344 2276 2377 opinante
2293 2344 2430 2378 quoddam
2447 2344 2518 2371 aeci-

1438 2379 1543 2411 piatur.
1553 2393 1572 2399 -
1581 2379 1618 2404 0:
1632 2379 1686 2404 alio
1700 2382 1790 2404 autem
1810 2380 1898 2405 modo.
1907 2394 1925 2398 -
1935 2379 1974 2404 De
1987 2379 2018 2404 iis
2032 2384 2119 2405 autem
2138 2387 2206 2413 quae
2220 2379 2270 2405 hoc
2285 2380 2345 2405 loco
2358 2385 2518 2412 asseruntur,

1441 2414 1501 2439 vide
1520 2415 1579 2440 lect.
1593 2422 1656 2445 xxxi,
1672 2423 1698 2440 n.
1711 2422 1729 2447 4
1744 2420 1770 2440 et
1787 2420 1842 2440 not.
1856 2423 1881 2449 γ.

1494 2448 1523 2484 λ)
1545 2450 1693 2480 Exn-ema,-
1711 2453 1737 2475 et
1755 2451 1805 2476 hoc
1823 2458 1876 2476 non
1895 2451 1980 2476 solum
1999 2451 2137 2484 analytice
2151 2451 2272 2476 eto—A:
2292 2455 2418 2477 extrema
2432 2451 2466 2484 (s.
2479 2459 2517 2479 ιιι.

1441 2493 1546 2518 proseq.
1566 2485 1613 2510 sed
1632 2486 1682 2511 hoc
1701 2493 1754 2511 non
1775 2482 1855 2511 rim?
1879 2484 2013 2518 (sdm?))
2031 2486 2169 2520 analytice
2175 2493 2185 2516 ‚·
2203 2487 2238 2511 B:
2264 2490 2291 2512 et
2311 2487 2361 2512 hoc
2379 2486 2518 2520 anaIytioe

1442 2520 1467 2545 in
1488 2521 1574 2550 dem.;
1591 2522 1629 2546 C:
1649 2525 1675 2546 et
1698 2521 1740 2546 hic
1759 2522 1861 2546 rationi
1880 2521 2020 2554 analogice
2038 2522 2075 2552 (-
2083 2522 2149 2554 cae)
2170 2521 2196 2546 in
2217 2521 2302 2552 dem.;
2321 2522 2344 2547 D
2358 2530 2385 2556 p.
2398 2529 2434 2547 m.
2453 2521 2518 2556 tqlt

1440 2561 1469 2580 ut
1483 2556 1512 2586 C,
1527 2557 1574 2581 sed
1593 2556 1671 2582 habet
1684 2557 1832 2586 rationem‚·
1851 2565 1872 2582 ε.
1887 2565 1922 2582 m.
1937 2562 1965 2582 ut
1985 2557 2014 2587 P,
2029 2557 2076 2582 sed
2094 2564 2204 2582 erronee
2222 2557 2281 2582 loco
2300 2559 2347 2582 τοῦ
2366 2557 2514 2591 analytice,

1441 2596 1527 2616 servat
1544 2592 1699 2625 analogice:
1717 2592 1752 2617 E:
1769 2595 1795 2617 et
1813 2593 1856 2618 hic
1869 2599 1921 2617 non
1937 2595 2042 2617 tantum
2057 2599 2110 2624 per
2122 2592 2254 2617 rationem
2273 2592 2414 2625 analogice
2426 2592 2453 2617 in
2468 2592 2514 2620 de-

1441 2627 1643 2657 monstration.,·
1660 2627 1698 2652 K:
1718 2630 1744 2652 et
1756 2627 1799 2652 hic
1817 2628 1851 2660 (a.
1866 2636 1902 2652 m.
1915 2627 1974 2660 hoc)
1989 2635 2041 2653 non
2058 2625 2128 2661 (seq.
2142 2635 2193 2652 ras.
2209 2627 2236 2652 in
2254 2635 2307 2660 qua
2325 2635 2347 2652 s.
2359 2635 2396 2652 m.
2408 2628 2494 2653 solunt

1439 2662 1601 2696 analytice?
1619 2662 1828 2696 (analogiceP),
1850 2661 1953 2696 (marg.
1975 2663 2046 2694 add.,
2066 2663 2135 2688 idest
2148 2669 2201 2695 per
2228 2663 2347 2688 rationes
2366 2663 2497 2695 proprias

1440 2697 1664 2723 demonstrationi
1683 2698 1757 2730 (seq.
1771 2705 1822 2723 ras.
1838 2698 1948 2722 duarum
1967 2697 2045 2730 litu),
2059 2697 2108 2722 sed
2125 2698 2206 2723 etiam
2226 2702 2290 2728 etc.;
2309 2698 2346 2722 L:
2360 2701 2387 2723 et
2401 2698 2444 2724 hic
2458 2705 2511 2724 non

1440 2733 1571 2758 rationem
1594 2733 1734 2766 analogice
1752 2733 1779 2758 in
1799 2733 1868 2758 dem.
1874 2740 1883 2762 ,·
1896 2734 1933 2758 M:
1949 2736 1975 2759 et
1991 2733 2040 2758 hoc
2054 2740 2106 2758 non
2126 2736 2167 2758 est
2181 2733 2297 2758 rationis
2310 2733 2467 2767 analyticae
2485 2733 2512 2759 ia

1441 2768 1509 2793 dem.
1515 2775 1525 2798 ‚·
1539 2769 1576 2794 N:
1595 2771 1622 2793 et
1640 2768 1689 2794 hoc
1708 2775 1760 2793 non
1781 2769 1912 2794 rationem
1932 2768 2054 2801 (expung.
2069 2769 2210 2799 rationem,
2226 2776 2308 2802 marg.
2322 2769 2426 2802 solum)
2444 2776 2511 2795 ana-

1440 2803 1544 2837 lytice?
1558 2804 1716 2837 (analogice
1723 2803 1757 2835 5³)
1771 2804 1797 2829 in
1812 2804 1891 2833 dem.,·
1906 2803 1944 2834 Q:
1957 2807 1983 2829 et
1993 2804 2036 2829 hic
2045 2811 2098 2829 non
2112 2805 2198 2829 solum
2207 2804 2289 2836 ponit
2302 2804 2435 2829 rationem
2444 2810 2512 2830 ana-

1440 2838 1543 2872 lytice?
1557 2839 1714 2872 (analogice
1723 2839 1756 2871 P)
1769 2839 1796 2864 in
1811 2839 1879 2864 dem.
1887 2846 1896 2868 ‚·
1906 2839 1937 2866 S:
1951 2843 1978 2864 et
1991 2839 2033 2865 hic
2046 2847 2098 2864 non
2114 2839 2247 2864 rationem
2259 2839 2421 2873 analytice?
2433 2840 2513 2872 (ana-

1439 2874 1562 2908 logiceP)
1582 2875 1608 2899 in
1625 2874 1754 2900 dem.—-O
1774 2882 1827 2899 om.
1850 2875 1877 2899 in
1898 2874 2183 2905 demonstrationibus,
2199 2875 2247 2900 sed
2268 2875 2356 2900 minus
2374 2880 2462 2906 recte,
2483 2879 2513 2901 ut

1439 2915 1508 2942 patet
1527 2918 1558 2935 ex
1577 2910 1755 2943 sequentibus,
1768 2913 1896 2943 quantum
1916 2910 1954 2935 ad
1972 2917 2062 2936 omnes
2080 2910 2260 2944 syllogismos.

1493 2944 1522 2980 μ.)
1541 2945 1602 2970 Non
1617 2949 1706 2971 autem
1718 2945 1857 2971 reducitur
1870 2945 1908 2970 ad
1920 2945 2089 2971 immediatas
2102 2946 2274 2971 necessarias.
2282 2959 2302 2965 ·-
2311 2946 2358 2971 Vis
2371 2952 2512 2978 argimon—

1438 2981 1540 3006 tationis
1560 2981 1672 3013 postulat
1691 2980 1756 3006 hanc
1774 2981 1911 3006 lectionem
1930 2981 1958 3012 P,
1972 2989 2052 3014 quam
2071 2979 2273 3006 conservamus:
2289 2982 2372 3015 agitur
2389 2982 2460 3007 enim
2478 2981 2511 3007 de

1438 3016 1614 3049 propositione
1639 3017 1758 3046 mediata,
1778 3024 1844 3049 quae
1863 3016 1950 3041 reduci
1970 3017 2047 3041 debet
2066 3017 2098 3041 ad
2117 3016 2307 3047 immediatam:
2329 3017 2376 3042 sed
2399 3023 2460 3042 cum
2479 3023 2510 3042 ex

1438 3052 1616 3085 suppositione
1632 3053 1665 3077 sit
1683 3052 1826 3085 propositio
1839 3052 1999 3085 contingens,
2013 3052 2100 3077 reduci
2119 3060 2171 3077 non
2183 3057 2270 3085 potest
2289 3052 2321 3077 ad
2334 3051 2510 3077 immediatam

1438 3088 1619 3118 necessariam,
1633 3088 1696 3121 quia
1714 3088 1859 3113 necessaria
1879 3095 1931 3112 non
1950 3093 2011 3113 sunt
2028 3088 2132 3120 propria
2151 3087 2276 3121 principia
2294 3087 2508 3120 contingentium,

1438 3131 1525 3183 neque¹
1542 3131 1574 3164 ⁸¹.
1591 3123 1744 3183 necessassis
1750 3123 1974 3184 Katffiggssludi
1987 3124 2146 3184 conungssns.
2155 3123 2242 3164 —-·Non
2253 3130 2319 3164 'ergo
2335 3123 2435 3148 admitti
2447 3130 2510 3164 poa-

1438 3164 1499 3183 sunt
1527 3164 1641 3184 ectiones
1660 3166 1691 3184 co
1728 3176 1735 3184 .
1935 3163 1962 3184 et
1979 3167 2005 3192 p.
2019 3166 2055 3184 m.
2132 3163 2307 3184 οωιῖῐθιιῑιυιιι
2325 3165 2510 3190 necessarias,-

1438 3199 1481 3219 aut
1499 3195 1520 3219 L
1539 3202 1593 3219 om.
1607 3202 1659 3220 non
1679 3197 1768 3219 autem
1782 3201 1868 3227 usque
1882 3195 1913 3219 ad
1929 3194 2092 3220 necessarias
2106 3194 2239 3219 inclusive.
2255 3194 2294 3225 Q:
2313 3194 2352 3219 ad
2370 3193 2511 3220 immedia-

1438 3233 1480 3255 tas
1493 3230 1531 3255 ad
1544 3229 1887 3255 necessaria-lmmediate
1901 3237 1979 3262 supra
1993 3229 2052 3255 AN:
2066 3229 2103 3255 ad
2116 3230 2221 3263 aliquas
2230 3229 2312 3254 etiam
2326 3229 2509 3260 immediatas,-

1437 3265 1460 3290 D
1474 3266 1540 3290 inter
1552 3265 1598 3291 ali.
1609 3270 1635 3291 et
1645 3265 1751 3290 immed.
1764 3265 1823 3290 hab.
1840 3272 1908 3295 ras.;
1925 3265 1947 3290 E
1957 3272 2081 3290 erronee:
2093 3265 2132 3290 ad
2146 3265 2252 3298 aliquas
2271 3265 2352 3290 etiam
2367 3264 2508 3290 mediata.

1490 3300 1515 3335 ν)
1535 3301 1580 3326 Sit
1601 3301 1692 3334 aliqua
1711 3301 1864 3333 propositio
1889 3301 2044 3326 immediata
2067 3301 2263 3334 contingens-
2276 3300 2334 3325 Hoc
2356 3304 2508 3333 susceptum

1437 3341 1477 3361 est
1495 3336 1658 3369 probandum
1678 3337 1703 3361 in
1721 3337 1885 3369 praecedenti
1909 3336 2109 3366 ratiocinatione,
2131 3343 2160 3361 ac
2179 3336 2325 3361 declaratur
2342 3336 2368 3360 in
2387 3333 2507 3368 aequanti

1436 3372 1564 3405 exemplo.
1580 3372 1599 3396 Ρ
1619 3372 1702 3397 addit:
1715 3375 1742 3397 et
1759 3372 1851 3404 aliqua
1870 3372 1996 3397 mediata.
2016 3371 2090 3402 Quae
2108 3371 2188 3397 verba
2206 3379 2268 3396 curn
2287 3371 2339 3396 sint
2357 3369 2506 3403 superflua,

1436 3415 1483 3432 nec
1501 3415 1570 3432 unus
1589 3415 1620 3432 ex
1639 3407 1714 3432 codd.
1727 3408 1824 3432 nostris
1842 3407 1944 3438 habeat,
1966 3407 2210 3440 expungimus.-1›1
2228 3406 2409 3440 prosequitur:
2430 3404 2507 3430 Sicut

1436 3442 1500 3468 haec
1514 3442 1674 3475 propositio,
1689 3442 1767 3468 homo
1786 3447 1834 3468 etc.

1490 3476 1514 3512 ξ)
1539 3478 1612 3503 Idest
1633 3481 1839 3504 consentaneum
1865 3483 1913 3503 etc.
1927 3491 1947 3499 —·
1961 3478 1983 3503 Α
2010 3477 2137 3504 absurde:
2162 3477 2232 3503 idest
2255 3476 2421 3503 conuertitur
2444 3481 2505 3500 cnm

1435 3513 1476 3538 hit
1495 3519 1558 3544 ete.;
1578 3514 1600 3538 D
1619 3522 1645 3546 p.
1658 3521 1694 3539 m.
1715 3518 1836 3546 corrupte
1859 3513 1937 3538 habet
1962 3513 2100 3539 lectionem
2118 3513 2139 3538 1>
2158 3517 2184 3538 et
2202 3512 2291 3544 codd„
2309 3520 2332 3537 a.
2346 3515 2433 3536 autem
2451 3517 2504 3536 m.:

1435 3552 1639 3574 consentaneum
1659 3549 1699 3574 vel
1722 3556 1866 3574 consonum
1886 3549 1927 3574 rei
1943 3556 2012 3582 quae
2030 3553 2110 3580 etc-..3
2130 3548 2207 3574 lectio
2225 3555 2256 3573 ex
2279 3546 2382 3572 arbitrio
2400 3545 2504 3570 lectoria

1436 3583 1552 3610 conficta.
1577 3584 1614 3615 Q:
1633 3584 1781 3618 consessum
1800 3591 1839 3610 ex
1857 3584 1898 3609 his
1916 3591 1984 3617 quae
2003 3588 2052 3609 etc.

2550 366 2559 375 ·
2572 365 2656 392 Codd.,
2667 372 2717 388 exe.
2727 373 2763 389 o.-

2550 398 2571 412 r:
2580 392 2635 419 quia
2642 400 2651 418 ‚·
2661 399 2684 414 o:
2694 393 2764 415 intel-

2549 418 2635 446 ligitur
2646 419 2682 440 πίε
2693 420 2764 447 quod.

2549 480 2560 491 ¹⁸
2576 480 2612 502 Cf.
2627 456 2680 502 lezt.
2694 487 2764 510 xxxi,

2550 517 2574 533 n.
2584 518 2600 538 4
2614 515 2636 533 et
2650 515 2699 534 not.
2713 518 2737 543 γ.

2550 578 2561 588 “
2573 577 2607 600 Cf.
2619 578 2670 599 lect.
2682 585 2704 606 v,
2714 582 2763 600 not.

2551 614 2574 631 κ.

2552 640 2560 648 ”
2569 646 2595 661 A:
2607 640 2658 662 siue
2667 640 2701 661 sit
2708 645 2764 667 non:

2550 672 2593 688 ox:
2609 667 2660 689 sive
2668 672 2714 689 non
2723 667 2765 690 eit.

2550 693 2561 703 ⁵
2575 693 2640 715 Lect.
2655 699 2723 715 xxxi-

2550 726 2628 742 xxxva

2549 746 2572 758 ⁴·
2579 746 2664 773 Codd..
2673 753 2724 769 exc.
2734 754 2764 770 o:

2549 779 2596 794 non
2603 775 2642 795 est
2650 774 2763 801 procede-

2549 805 2586 825 re,-
2591 806 2614 822 o:
2622 806 2669 822 non
2675 801 2763 823 contin-

2548 826 2589 854 git
2597 827 2621 848 in
2631 827 2642 848 ἰ
2691 842 2697 848 .
2703 833 2763 855 pro-

2550 853 2635 875 cedere
2653 860 2668 875 n
2673 859 2723 882 pra

2646 880 2665 906 λ

2551 915 2650 937 'Omnes
2659 921 2687 938 α
2692 915 2762 938 codd.

2547 1484 2559 1495 ¹·
2573 1489 2601 1505 o:
2616 1484 2744 1506 eti-ned.

2545 1855 2558 1867 ’
2611 1855 2651 1879 lic.
2666 1862 2715 1879 om.

2547 1882 2617 1905 codd.

2637 1962 2650 1994 ξ

2546 2050 2556 2086 2
2573 2049 2642 2072 Tau:
2655 2055 2704 2073 om.
2717 2057 2759 2077 ao.

2545 2080 2760 2151 722382'3251282'!
