2548 4192
2324 324 2396 349 XCV

877 586 1522 688 DISSERTATIO
1581 591 1701 655 IV.

423 770 490 811 De
519 770 868 812 Commentariis
895 771 943 812 in
971 772 1228 824 Evangelia
1255 775 1502 815 secundum
1531 775 1814 817 Matthaeum
1842 781 1889 818 et
1916 779 2155 822 Ioannem:

588 843 731 894 deque
760 843 902 895 primo
931 844 1133 896 ipsorum
1161 845 1331 887 editore
1365 847 1717 890 Bartholomaeo
1746 850 1800 890 de
1830 849 1987 901 Spina.

408 1342 417 1344 a
443 1329 474 1337 ‘r
517 1318 524 1319 ’
581 1318 793 1356 CAPUT
828 1320 855 1356 Ι.

191 1363 260 1371 Η
288 1357 292 1359 ’

178 1405 390 1431 commentarius
405 1406 432 1431 in
446 1405 606 1432 Matthaeum
621 1406 687 1432 inter
700 1407 789 1440 Opera
805 1407 887 1432 sancti
901 1407 1029 1438 Thomae,
1044 1415 1113 1441 quae
1127 1412 1256 1441 reportata

251 1441 386 1473 dicuntur,
405 1443 608 1468 enumerandus.
634 1443 711 1468 Hunc
730 1443 831 1476 primus
851 1443 983 1468 edendum
1003 1444 1101 1468 curavit
1120 1443 1256 1469 Bartholo-

212 1494 227 1503 .
251 1485 343 1503 maeus
359 1478 392 1503 de
410 1478 498 1511 Spina.
514 1479 592 1505 Petro
605 1479 737 1511 scaligero
752 1479 817 1504 Ord.
832 1480 946 1504 Praedic.
962 1479 1094 1513 Episcopo
1109 1479 1256 1505 Veronensi

250 1521 388 1547 perperam
411 1514 534 1540 eumdem
559 1514 705 1540 adiudicant
730 1515 909 1549 Hieronymus
934 1515 1062 1540 Vielmius
1088 1515 1184 1549 aliique
1208 1515 1255 1540 viri

251 1549 338 1575 critici.

519 1678 596 1708 lium
617 1678 692 1709 Iesu
710 1677 831 1709 Christi
848 1678 1024 1709 secundum
1039 1679 1254 1716 Matthaeum,

518 1722 761 1754 Commentario
776 1732 837 1753 suo
849 1723 1015 1753 Thomam
1029 1729 1176 1754 nostrum
1190 1725 1256 1754 An-

256 1801 270 1810 ,
412 1801 424 1817 r
452 1736 501 1775 ’ᾖ
518 1767 656 1808 gelicum
679 1768 922 1807 Praeceptorem
946 1767 1129 1808 exposuisse
1158 1777 1194 1798 ac
1220 1767 1256 1798 il-

202 1860 204 1864 y
234 1830 273 1859 ρ),
349 1788 506 1867 RQ}
517 1812 665 1843 lustrasse
698 1811 900 1842 disertissime
937 1811 1103 1852 perhibent
1135 1812 1257 1853 antiqui

320 1847 497 1904 &ik-sii.

494 1900 504 1917 ἲ
517 1900 782 1932 Bartholomaeus
805 1900 986 1941 Logotheta
1009 1901 1043 1931 in
1067 1901 1256 1941 fragmento,

178 1944 270 1997 quod
292 1945 326 1977 in
349 1947 456 1979 lucem
478 1945 612 1988 protulit
635 1945 795 1983 Baluzius,
819 1945 900 1976 inter
923 1945 1031 1986 Opera
1050 1956 1074 1976 s.
1091 1946 1256 1985 Thomae,

179 2002 263 2037 quae
285 1993 346 2024 alii
367 1992 608 2034 recollegerunt
622 1995 698 2032 post
717 2000 788 2021 eum
813 1990 972 2031 legentem
995 1991 1045 2021 vel
1062 1991 1256 2031 praedican-

179 2040 262 2077 tem,
286 2037 453 2069 laudatum
467 2036 612 2078 ¹collocat
634 2034 930 2072 Commentarium‚
955 2035 1117 2076 inquiens:
1142 2036 1257 2066 Lectu-

179 2076 252 2114 ram
281 2091 380 2124 super
409 2081 582 2112 Matthiam
613 2078 855 2123 (Matthaeum).
890 2079 979 2110 Idem
1000 2079 1118 2121 frater
1141 2081 1258 2111 Petrus

179 2125 318 2172 (nempe
331 2127 372 2158 de
385 2124 539 2169 Andria).
560 2125 700 2162 Quidam
722 2125 880 2155 scholaris
893 2125 1096 2156 Parisiensis.
1120 2124 1257 2156 Sensum

179 2171 308 2214 accipe?
316 2171 436 2203 Divum
451 2170 616 2201 Thomam
635 2179 651 2200 e
666 2175 816 2210 suggestu
841 2169 1024 2209 exposuisse
1043 2169 1255 2200 Matthaeum:

180 2217 391 2258 eamdemque
417 2215 650 2256 expositionem
674 2214 790 2255 partim
814 2220 977 2254 exceptam
1001 2224 1019 2244 a
1042 2214 1079 2244 fr.
1099 2214 1193 2245 Petro
1218 2215 1256 2245 de

178 2261 315 2300 Andria,
332 2260 448 2302 partim
464 2260 503 2291 ab
520 2259 583 2290 alio
599 2258 742 2290 Parisino
757 2257 893 2289 scholari
912 2269 968 2290 seu
985 2258 1017 2288 in
1032 2258 1256 2299 parisiensibus

178 2306 295 2337 scholis
311 2306 464 2337 auditore.
481 2304 580 2335 Addit
592 2303 786 2344 Logotheta:
805 2302 899 2340 Quae
913 2301 1051 2346 (lectura
1066 2307 1162 2344 supe'r
1175 2304 1255 2335 Mat-

175 2349 326 2394 thaeum)
350 2350 509 2392 defectiva
533 2353 590 2380 est.

241 2395 334 2427 Paria
357 2401 432 2426 sunt
453 2393 578 2425 Nicolai
597 2392 718 2424 Triveti
738 2393 834 2423 verba
852 2392 885 2424 in
905 2392 1068 2423 Chronico
1087 2393 1175 2433 apud
1193 2393 1255 2423 Da-

143 2432 146 2433 ⁷
176 2439 336 2471 cherium:
356 2439 432 2470 Alia
451 2438 578 2480 quidem
601 2438 812 2468 inveniuntur
831 2437 893 2467 sibi
906 2435 1068 2479 (Thomae
1087 2436 1255 2479 Aquinati)

175 2484 345 2522 attributa,
370 2493 454 2525 quae
472 2488 579 2513 tamen
600 2483 667 2522 ipse
685 2491 749 2512 non
773 2481 916 2521 scripsit,
941 2481 998 2512 sed
1014 2486 1091 2521 post
1114 2491 1186 2511 eum
1210 2482 1254 2512 le-

173 2533 305 2570 gentem
331 2529 382 2560 vel
397 2527 643 2569 praedicantem
663 2526 704 2556 ab
722 2526 798 2556 aliis
815 2530 892 2556 sunt
910 2526 1054 2563 collecta,
1076 2530 1111 2556 ut
1124 2531 1253 2566 puta...

175 2573 317 2605 Lectum
340 2582 439 2614 super
461 2572 664 2602 Matthaeum
687 2570 843 2610 completa
867 2567 1004 2612 (alicubi
1027 2577 1152 2608 tamen,
1177 2576 1254 2601 teste

175 2617 376 2659 Logotheta,
405 2626 517 2647 manca
541 2622 572 2646 et
601 2613 738 2658 hiulca):
769 2624 866 2656 quam
888 2615 1012 2655 partim
1041 2614 1124 2645 idem
1138 2614 1256 2656 frater

176 2659 291 2706 (quem
303 2662 435 2693 Petrum
455 2661 495 2692 de
507 2659 635 2691 Andria
655 2659 764 2700 paullo
784 2659 930 2700 superius
945 2658 1116 2702 appellat);
1130 2661 1253 2700 partim

174 2706 356 2738 saecularis
378 2706 508 2748 quidam
532 2703 724 2748 (scholarem
748 2710 843 2735 vocat
868 2702 1062 2746 Logotheta)
1087 2704 1255 2745 recollegit

176 2752 247 2783 eius
269 2751 375 2783 studio
398 2751 584 2782 delectatus.
763 2776 765 2781 .

244 2795 333 2826 ldem
355 2795 489 2837 protulit
511 2794 667 2825 iudicium
685 2793 863 2824 Bernardus
878 2793 1037 2824 Guidonis
1056 2792 1089 2823 in
1122 2792 1254 2824 elencho

176 2840 323 2882 Operum
341 2841 501 2878 Thomae,
516 2849 614 2880 quern
632 2838 792 2878 integrum
810 2837 875 2869 luci
894 2837 981 2868 dedit
995 2837 1170 2868 Casimirus
1185 2837 1254 2869 Ou-

176 2885 291 2917 dinus:
316 2886 489 2916 Lecturam
517 2893 617 2924 super
638 2883 862 2920 Matthaeum,
892 2892 976 2923 quae
998 2882 1158 2924 defectiva
1186 2887 1252 2920 est,

165 2928 285 2971 frater
306 2930 423 2961 Petrus
451 2930 492 2960 de
521 2928 647 2958 Andria
671 2927 791 2958 dicitur
815 2931 1006 2967 reportasse.
1040 2925 1255 2958 Consentiunt

177 2969 342 3013 Pignonus
383 2981 415 3004 et
442 2972 678 3005 Valleoletanus
711 2971 797 3012 apud
830 2971 1037 3002 Echardum:
1078 2972 1254 3012 eademque

178 3017 284 3056 verba,
299 3027 335 3048 ac
353 3018 532 3048 Bernardus
553 3016 723 3055 Guidonis,
742 3016 837 3046 habet
860 3026 884 3046 s.
900 3015 1085 3046 Antoninus
1103 3016 1137 3046 in
1152 3015 1253 3047 Chro-

179 3061 252 3092 nico
271 3068 360 3102 parte
379 3062 438 3100 111,
453 3062 546 3093 titulo
566 3071 656 3099 xvm,
683 3060 785 3101 capite
802 3070 838 3099 x,
854 3060 881 3101 ἓ.
904 3071 914 3090 1
926 3071 951 3090 1.
977 3061 1159 3091 Laudatum
1177 3070 1253 3091 vero

178 3106 328 3144 Petrum,
364 3105 420 3147 qui
450 3106 531 3136 hanc
562 3105 626 3135 divi
654 3105 802 3136 Thomae
833 3104 1065 3145 expositionem
1096 3104 1253 3145 excepisse

179 3150 363 3191 scriptoque
387 3150 552 3180 mandasse
576 3149 709 3187 dicitur,
733 3149 773 3180 de
795 3149 922 3180 Andria
946 3148 1211 3189 cognominatum
1235 3159 1253 3179 a

180 3195 299 3236 patriae
313 3194 386 3225 loco
402 3194 435 3224 in
449 3192 578 3234 Apulia,
592 3193 735 3234 Angelici
754 3194 903 3224 Doctoris
917 3193 950 3223 in
971 3193 1058 3224 ltalia
1073 3203 1108 3224 ac
1127 3193 1252 3224 Parisiis

178 3239 370 3277 auditorem,
395 3238 652 3269 Praedicatorurn
675 3237 804 3269 Ordinis
827 3237 985 3278 insignem
1008 3238 1188 3276 alumnum,
1212 3238 1252 3268 ad

179 3284 289 3315 sedem
312 3285 516 3324 Aequensem
541 3282 600 3312 sub
621 3282 792 3322 Metropoli
807 3282 990 3313 Surrentina
1010 3292 1028 3312 a
1043 3282 1209 3312 Clemente
1223 3282 1252 3313 V

179 3335 343 3367 evectum,
373 3327 503 3368 fatoque
527 3326 659 3357 demum
682 3326 881 3357 mortalitatis
911 3336 996 3356 anno
1021 3326 1142 3356 circiter
1169 3327 1250 3356 1316

179 3379 325 3413 ereptum
349 3372 509 3411 condigno
534 3370 704 3411 praeconio
724 3370 858 3401 celebrat
876 3370 1009 3400 Iacobus
1032 3370 1196 3400 Echardus
1218 3370 1252 3400 in

177 3417 383 3448 Bibliotheca.

247 3462 390 3492 Iamvero
419 3460 565 3500 colligere
593 3469 735 3500 pronum
758 3465 820 3489 est:
856 3469 881 3488 1.
906 3458 938 3488 S.
959 3457 1142 3495 Thomam,
1172 3458 1251 3488 dum

176 3505 303 3536 Parisiis
327 3505 586 3537 commorabatur
606 3503 796 3544 regebatque
819 3502 954 3539 scholas,
975 3502 1185 3541 Evangelium
1204 3511 1250 3532 se-

181 3550 324 3581 cundum
338 3550 535 3581 Matthaeum
551 3559 568 3579 e
583 3554 731 3588 suggestu
751 3556 859 3577 coram
873 3546 1044 3586 palamque
1058 3546 1250 3586 exposuisse:

181 3604 211 3625 2.
232 3594 324 3625 Hanc
346 3594 527 3631 Postillam,
552 3603 650 3634 quam
674 3602 729 3622 ore
753 3591 888 3621 dictabat
908 3590 1064 3628 Thomas,
1089 3596 1251 3629 exceptam

180 3638 298 3678 scripto
322 3638 471 3680 notisque
493 3638 588 3668 fuisse
607 3648 626 3667 a
649 3637 742 3667 Petro
767 3635 806 3666 de
825 3635 944 3665 Andria
963 3634 1090 3675 alioque
1108 3634 1250 3664 Parisino

178 3682 334 3722 auditore,
358 3683 491 3714 Doctori
509 3681 661 3723 Aquinati
685 3681 816 3721 eiusque
836 3679 996 3710 doctrinae
1011 3678 1248 3709 addictissimis:

518 1855 664 1898 Operum
680 1856 748 1887 eius
758 1855 973 1896 probatissimi
989 1857 1255 1888 nomenclatores.

1317 1321 1346 1358 3,
1367 1321 1472 1352 Veluti
1497 1331 1644 1353 mancam
1663 1329 1695 1353 et
1712 1323 1932 1363 imperfectam
1958 1335 2013 1356 seu
2038 1325 2228 1366 defectivam
2249 1329 2387 1369 proponi

1313 1365 1401 1396 illam
1425 1376 1443 1396 a
1466 1366 1656 1406 Logotheta,
1681 1367 1828 1407 Trivet0,
1859 1369 2020 1400 Bernardo
2044 1370 2202 1402 Guidonis
2231 1379 2262 1403 et
2284 1375 2386 1404 Anto-

1313 1409 1410 1440 nino:
1435 1410 1500 1441 sive
1523 1411 1599 1452 quia
1621 1411 1805 1443 inchoatam
1828 1413 2061 1454 expositionem
2093 1425 2160 1445 non
2184 1417 2390 1457 compleverit

1312 1454 1469 1494 Thomas,
1493 1462 1549 1486 aut
1571 1456 1773 1497 inexplicatas
1797 1464 1828 1488 et
1850 1458 1981 1489 intactas
2002 1459 2129 1500 reliquit
2142 1460 2263 1501 aliquas
2282 1461 2388 1492 Evan-

1311 1499 1384 1539 gelii
1408 1506 1529 1540 partes;
1549 1500 1614 1531 sive
1633 1501 1709 1542 quia
1723 1501 2014 1542 Commentarium,
2029 1513 2129 1544 quem
2147 1514 2202 1535 ore
2221 1507 2389 1545 promebat

1312 1553 1329 1574 e
1353 1551 1503 1584 suggestu
1528 1555 1552 1575 s,
1569 1545 1706 1584 Doctor‚
1737 1556 1804 1577 non
1828 1547 2007 1588 exceperint
2034 1548 2194 1589 integrum
2217 1549 2386 1581 auditores.

1311 1588 1411 1619 Porro
1431 1589 1557 1627 silentii,
1581 1600 1648 1631 quo
1673 1600 1756 1631 opus
1779 1591 1865 1622 istud
1888 1591 2074 1632 praeteriere
2093 1593 2299 1624 Ptolomaeus
2320 1595 2386 1625 Lu—

1311 1633 1423 1671 censis,
1447 1633 1640 1665 Guillelmus
1664 1635 1703 1665 de
1726 1635 1848 1674 Tocco,
1869 1636 2003 1667 loannes
2023 1637 2062 1667 de
2081 1637 2255 1677 Columna,
2275 1639 2386 1670 Petrus

1311 1678 1485 1718 Rogerius,
1510 1679 1633 1718 optima
1656 1679 1735 1710 ratio
1764 1686 1868 1720 patet;
1897 1691 1972 1711 cum
1994 1681 2055 1721 ipsi
2079 1682 2216 1713 maxime
2240 1683 2279 1713 de
2298 1683 2386 1724 Ope-

1311 1721 1398 1752 ribus
1417 1723 1640 1754 enumerandis
1656 1724 1781 1755 solliciti
1802 1724 1928 1763 fuerint‚
1943 1735 2026 1767 quae
2041 1726 2172 1767 proprio
2192 1727 2275 1768 stylo
2295 1728 2386 1759 Tho-

1311 1776 1380 1796 mas
1395 1767 1633 1807 conscripserat,
1649 1778 1716 1798 non
1735 1779 1817 1810 quae
1832 1779 1869 1800 ex
1883 1770 1951 1801 eius
1971 1770 2102 1802 dicentis
2117 1781 2172 1802 ore
2186 1779 2388 1812 reportarunt

1312 1811 1607 1853 recollegeruntque
1630 1813 1692 1843 alii.

1381 1856 1418 1886 11.
1439 1856 1531 1887 Hanc
1551 1864 1710 1897 praestant
1723 1860 1952 1898 expositionem
1968 1860 2000 1890 in
2015 1860 2218 1891 Matthaeum
2233 1861 2388 1892 editiones
2431 1867 2435 1870 ’

1313 1910 1437 1938 omnes,
1453 1901 1600 1932 Romana
1623 1901 1698 1932 anni
1723 1904 1817 1944 1570,
1842 1904 2082 1944 Antuerpiensis
2103 1914 2159 1935 seu
2184 1905 2387 1936 Coloniensis

1312 1945 1387 1975 anni
1417 1946 1497 1976 1612
1529 1952 1559 1977 et
1581 1946 1722 1977 Parisina
1745 1947 1819 1978 anni
1850 1949 1941 1978 ¹660.
1982 1949 2069 1979 Idem
2096 1959 2179 1990 opus
2205 1949 2328 1990 primus
2355 1950 2388 1981 in

1312 1990 1418 2020 lucem
1442 1990 1576 2030 protulit
1598 1991 1864 2022 Bartholomaeus
1883 1992 1992 2033 Spina,
2012 1993 2112 2034 patria
2131 2003 2167 2024 ac
2190 1994 2389 2034 professione

1312 2034 1454 2074 pisanus,
1469 2035 1579 2066 litteris
1596 2036 1805 2077 moribusque
1823 2036 2024 2068 clarissimus.
2050 2037 2193 2078 Operam
2211 2038 2333 2080 quippe
2347 2049 2386 2070 eo

1313 2079 1418 2118 dante,
1450 2079 1596 2118 Venetiis,
1621 2081 1800 2121 sumptibus
1822 2081 1975 2113 heredum
1999 2092 2028 2123 q.
2048 2083 2091 2113 D.
2111 2082 2283 2114 Octaviani
2302 2084 2390 2115 Scoti

1312 2123 1543 2155 Modoetiensis
1571 2134 1612 2155 ac
1641 2125 1828 2163 Sociorum,
1861 2127 1919 2156 sub
1944 2126 2075 2157 nomine
2106 2127 2204 2158 sancti
2228 2128 2386 2166 Thomae,

1315 2168 1556 2199 Commentaria
1581 2170 1613 2199 in
1637 2170 1855 2211 Evangelium
1875 2171 2045 2208 Matthaei,
2071 2172 2143 2202 item
2164 2177 2196 2202 et
2218 2173 2250 2202 in
2269 2172 2387 2203 Hiere-

1312 2214 1410 2243 miam
1436 2214 1628 2254 Prophetam
1655 2215 1859 2255 eiusdemque
1876 2215 2064 2246 Hieremiae
2088 2216 2240 2253 Threnos,
2262 2226 2385 2247 necnon

1311 2262 1343 2287 et
1366 2259 1398 2288 in
1422 2258 1568 2295 Esaiam,
1594 2258 1677 2299 typis
1697 2259 1883 2299 prodierunt
1909 2269 1996 2290 anno
2014 2259 2208 2300 salutiferae
2226 2261 2386 2292 Incarna-

1312 2303 1408 2333 tionis
1430 2303 1564 2334 Domini
1593 2305 1696 2333 nostri
1729 2305 1827 2345 1527,
1856 2304 1909 2334 die
1936 2313 2012 2334 vero
2042 2304 2082 2334 28
2107 2306 2226 2342 mensis
2252 2311 2386 2346 septem-

1310 2346 1386 2377 bris.
1411 2347 1595 2377 Voluminis
1619 2347 1721 2386 initio,
1746 2354 1778 2378 et
1799 2348 1833 2378 in
1857 2348 1940 2379 calce
1964 2348 2045 2379 duae
2068 2348 2224 2380 habentur
2243 2349 2387 2380 eiusdem

1310 2391 1547 2422 Bartholomaei
1567 2392 1818 2432 nuncupatoriae
1834 2392 1996 2433 epistolae:
2012 2393 2108 2424 altera
2122 2393 2272 2435 inscripta
2285 2394 2386 2425 Reve-

1311 2435 1502 2466 rendissimo
1531 2437 1563 2466 in
1595 2436 1723 2467 Christo
1744 2438 1838 2477 patri
1865 2437 1909 2468 D.
1928 2438 2099 2468 Dominico
2124 2438 2281 2469 Grimano
2308 2439 2385 2479 Epi-

1309 2489 1405 2520 scopo
1428 2479 1600 2511 Portuensi
1622 2481 1655 2511 S.
1670 2481 1709 2512 R.
1724 2481 1765 2512 E.
1788 2483 1894 2512 sancti
1915 2483 2026 2513 Marci
2051 2482 2239 2513 Cardinali:
2268 2483 2382 2521 altera,

1309 2524 1588 2555 Reverendissimo
1608 2526 1640 2555 in
1661 2525 1789 2556 Christo
1804 2527 1896 2566 patri
1909 2536 1949 2557 ac
1961 2527 2004 2557 D.
2018 2527 2061 2557 D.
2076 2527 2210 2558 Marino
2227 2527 2384 2558 Grimano

1308 2569 1561 2610 Aquileiensium
1587 2570 1800 2601 Patriarchae
1817 2571 2016 2612 dignissimo.
2036 2571 2127 2601 Prior
2146 2572 2324 2603 Ferrariae
2344 2582 2379 2602 21

1309 2614 1382 2644 iulii
1410 2615 1487 2644 1521
1517 2614 1589 2645 data
1616 2614 1746 2654 legitur:
1776 2615 1968 2655 temporaria
1998 2622 2074 2646 nota
2098 2623 2181 2647 caret
2209 2617 2383 2656 posterior,

1309 2668 1392 2699 quae
1415 2665 1523 2689 tamen
1542 2669 1609 2689 non
1628 2659 1689 2689 alia
1707 2659 1811 2697 fuerit,
1836 2669 1935 2700 quam
1954 2670 2056 2690 annus
2076 2661 2252 2700 completae
2272 2661 2382 2692 editio-

1309 2703 1358 2733 nis
1383 2704 1475 2744 ¹5²7·
1502 2703 1686 2734 Inchoatam
1707 2704 1812 2744 priore
1833 2714 1918 2734 anno
1938 2704 2198 2744 impressionem,
2226 2712 2296 2735 tum
2317 2706 2382 2736 adi-

1309 2754 1402 2787 gente
1421 2757 1515 2778 causa
1534 2748 1798 2788 praetermissam,
1813 2758 1849 2779 ac
1872 2759 1958 2779 anno
1973 2749 2105 2779 demum
2120 2749 2294 2790 posteriore
2313 2759 2381 2789 per—

1309 2792 1424 2823 fectam
1444 2792 1702 2833 completamque
1721 2793 1795 2823 satis
1814 2793 1954 2824 indicant
1977 2793 2053 2824 haec
2077 2794 2203 2824 alterius
2230 2794 2383 2833 epistolae

1309 2836 1349 2867 ad
1368 2836 1529 2867 Marinum
1544 2837 1735 2868 Grimanum
1749 2838 1859 2868 verba:
1880 2838 1959 2868 Iure
1978 2839 2081 2879 igitur
2098 2838 2294 2868 hereditario
2304 2848 2382 2869 cun-

1309 2887 1372 2920 cta,
1389 2891 1474 2922 quae
1481 2887 1604 2922 patruo
1619 2880 1807 2924 (Dominico
1823 2881 1998 2924 Cardinali)
2013 2882 2209 2912 debebantur
2222 2883 2382 2922 spiritalia

1302 2927 1482 2966 praecipue
1495 2936 1643 2963 munera,
1660 2927 1716 2957 tibi
1730 2927 1898 2957 vendicas.-
1913 2927 1998 2957 inter
2011 2936 2095 2967 quae
2108 2928 2285 2964 minimum,
2297 2927 2383 2967 quod

1309 2980 1351 3001 ex
1374 2980 1424 3001 me
1442 2981 1506 3010 per
1528 2972 1716 3011 impressam
1747 2971 1912 3011 epistolam
1943 2969 2110 3012 (priorem)
2135 2971 2235 3001 eidem
2255 2969 2381 3012 (Domi-

1309 3013 1396 3057 nico)
1412 3014 1532 3056 fuerat
1554 3015 1695 3046 oblatum
1702 3022 1716 3053 ,·
1737 3015 1795 3046 sed
1819 3016 2059 3056 interpositione
2086 3016 2320 3055 impressionis,
2347 3021 2383 3046 ut

1301 3069 1385 3099 pars
1408 3069 1472 3100 qua
1497 3060 1645 3090 mutilum
1670 3065 1742 3090 erat
1759 3069 1839 3100 opus
1852 3060 1912 3091 hoc
1929 3060 2176 3096 sanctissimum,
2192 3060 2382 3100 diligentius

1307 3105 1538 3144 inquireretur,
1564 3114 1766 3145 nequaquam
1790 3103 1895 3134 adhuc
1918 3104 2088 3141 redditum,
2110 3104 2165 3134 tibi
2184 3114 2271 3135 nunc
2288 3110 2379 3145 apta-

1307 3154 1374 3178 tum
1399 3154 1496 3188 atque
1512 3148 1696 3189 perfectum
1720 3148 1861 3179 debetur.

1375 3193 1462 3230 Quid
1486 3203 1612 3232 operae,
1638 3193 1754 3223 laboris
1778 3202 1814 3222 ac
1833 3192 2012 3232 diligentiae
2026 3193 2059 3222 in
2078 3193 2263 3223 huiusmodi
2279 3193 2379 3224 Com-

1306 3237 1537 3267 mentariorum
1561 3237 1699 3267 editione
1718 3236 1904 3277 praestiterit
1923 3237 2187 3267 Bartholomaeus
2212 3238 2251 3267 de
2270 3237 2378 3277 Spina,

1307 3288 1428 3311 enarrat
1457 3281 1525 3321 ipse
1554 3281 1588 3311 in
1618 3282 1729 3311 eadem
1759 3281 1863 3320 priore
1894 3281 1933 3311 ad
1956 3281 2166 3312 Dominicum
2189 3281 2379 3312 Grimanum

1306 3325 1465 3365 Epistola:
1493 3325 1574 3355 Cum
1595 3326 1739 3366 infinitis,
1759 3325 1917 3366 inquiens,
1931 3335 2018 3365 pene
2036 3326 2166 3366 vigiliis,
2183 3331 2214 3355 et
2233 3335 2295 3355 non
2310 3326 2380 3355 sine

1306 3370 1459 3399 Numinis
1476 3376 1550 3409 ope,
1581 3370 1837 3399 Commentarios
1859 3370 1926 3400 divi
1949 3370 2087 3400 Th0mae
2105 3370 2138 3399 in
2162 3370 2375 3406 Matthaeum,

1306 3414 1339 3443 in
1370 3413 1524 3450 Esaiam,
1553 3413 1756 3443 Hieremiam
1787 3418 1818 3443 et
1845 3414 1985 3443 eiusdem
2020 3414 2209 3443 Hieremiae
2237 3414 2379 3444 Threnos

1306 3457 1543 3494 emendassem;
1566 3458 1618 3487 vel
1640 3456 1698 3497 (ut
1721 3458 1839 3487 rectius
1861 3457 2024 3498 dixerim)
2049 3458 2173 3487 laceros
2196 3462 2227 3487 et
2249 3458 2378 3488 mutilos

1306 3501 1427 3531 iniuria
1451 3506 1628 3540 temporum
1653 3502 1685 3531 in
1704 3510 1765 3531 sua
1785 3501 1926 3531 membra
1948 3501 2142 3541 redegissem
2162 3507 2219 3531 etc.
2245 3501 2380 3532 Codices

1306 3555 1393 3583 mss.,
1409 3545 1464 3585 qui
1480 3545 1656 3584 praedictos
1671 3544 1734 3574 divi
1749 3544 1896 3574 Thomae
1911 3544 2169 3575 Commentarios
2188 3545 2380 3586 complecte-

1305 3590 1430 3627 bantur,
1445 3599 1463 3618 a
1478 3589 1615 3628 Spinaeo
1631 3588 1816 3619 adinventos
1833 3589 2056 3627 animadverte,
2077 3589 2201 3620 laceros
2215 3599 2331 3630 nempe
2349 3595 2381 3621 et

1306 3633 1436 3663 mutilos
1459 3634 1580 3663 iniuria
1604 3638 1802 3673 temporum,
1835 3633 1874 3663 ab
1897 3633 1968 3673 ipso
1991 3633 2239 3664 Bartholomaeo
2262 3634 2378 3664 Pisano

1306 3676 1414 3708 multis
1444 3677 1565 3718 vigiliis
1594 3677 1779 3711 emendatas
1807 3677 2046 3719 suppletosque.
2082 3677 2165 3709 Hinc
2193 3688 2269 3709 vero
2298 3678 2378 3709 ratio
