2788 4204
23 444 35 456 ⁶
52 443 145 466 comm.
160 449 181 464 s.
192 442 240 463 Th.

23 471 125 492 lect.u.-
134 469 177 491 Ed.
185 468 240 490 Did.

23 495 133 545 gbbnvll,
149 501 200 523 cap.
211 501 240 522 n,

125 594 141 624 ζ

23 710 126 733 Ἐοάἀ.-
132 716 168 733 rr:
178 716 240 732 sum-

20 739 105 790 εἶξαι
129 763 241 785 substan-

23 790 112 812 nalem.

24 870 37 882 ⁹
52 868 181 892 coda-2:
201 874 240 890 se-

22 1235 38 1247 ·
50 1234 124 1258 Nan.
137 1240 189 1263 κς.

1100 298 1212 334 CAP.
1242 298 1330 344 ΧΠ,
1361 297 1513 338 LECT.
1543 297 1631 333 x111

269 381 410 427 dentia,
431 393 531 429 quae
560 387 648 418 sunt
675 379 781 427 signa
809 378 907 415 illius
935 378 1094 423 formae,
1115 385 1159 413 ut
1181 383 1285 426 patet
1303 376 1342 413 in

268 435 356 471 VIII
377 435 595 482 Metaphys.
614 435 633 454 ²³
650 434 741 470 Non
761 439 891 468 autem
912 438 1063 480 oportet
1082 431 1254 479 accipere
1280 442 1341 466 ac-

269 487 406 525 cidenti
421 500 443 524 a
458 487 613 536 propria
628 485 724 525 illius
739 484 890 533 speciei,
903 484 991 533 quia
1005 483 1093 520 talia
1109 491 1260 532 oportet
1274 496 1342 532 per

269 540 535 586 definitionem
554 539 694 588 speciei
718 537 988 583 demonstrari;
1004 537 1072 574 sed
1099 545 1249 585 oportet
1272 549 1341 573 no-

268 593 403 631 tificari
418 593 433 620 ξ
446 594 612 631 formam
627 591 768 641 speciei
782 603 852 640 per
865 590 992 639 aliqua
1007 590 1217 627 accidentia
1236 602 1341 627 com-

270 647 465 691 muniora3
496 653 533 682 et
566 645 782 682 secundum
815 645 890 681 hoc
925 643 1160 680 differentiae
1194 655 1341 680 assum-

269 707 355 748 ptae
369 701 392 745 ᾗ*
412 699 588 736 dicuntur
612 698 768 746 quidem
793 697 1070 743 substantiales,
1091 696 1130 733 in
1154 704 1340 745 quantum

268 752 499 790 inducuntur
513 751 562 788 ad
577 751 853 789 declarandum
869 751 1035 787 formam
1052 750 1291 787 essentialem
1307 750 1340 795 ³¹³,

268 813 355 842 sunt
382 812 512 842 autem
542 804 829 841 communiores
851 803 990 853 specie,
1008 803 1047 840 in
1076 810 1262 852 quantum
1283 815 1340 839 as-

267 866 470 896 sumuntur
489 870 535 894 ex
551 857 741 906 aliquibus
760 857 886 906 signis,
903 869 1002 905 quae
1023 863 1309 905 consequuntur
1322 856 1342 877 ²³

267 912 465 960 superiora
493 923 643 959 genera.

322 966 358 1002 8.
374 964 525 1002 Deinde
542 976 631 1001 eum
652 963 760 1000 dicit:
799 963 988 1006 Quoniam
1008 968 1134 999 autem
1153 967 1342 999 ostensum

267 1023 323 1056 est
349 1026 436 1065 etc.,
467 1017 632 1055 ostendit
660 1017 910 1065 quodfsupra
939 1016 1098 1053 dixerat:
1130 1023 1166 1052 et
1192 1014 1340 1063 primo,

267 1072 374 1120 quod
411 1078 586 1120 oporteat
613 1070 807 1119 praedicta
840 1068 1105 1106 universaliter
1139 1075 1176 1104 et
1204 1080 1250 1104 ex
1277 1079 1342 1104 ne-

268 1124 439 1161 cessitate
458 1123 669 1173 praedicari
690 1124 737 1160 de
757 1123 938 1167 ternari03
960 1122 1143 1166 secundo,
1171 1120 1277 1169 quod
1297 1132 1344 1156 ex

265 1177 470 1226 praedictis
491 1177 739 1214 constituatur
758 1177 840 1226 ipsa
860 1175 1023 1212 essentia
1042 1173 1194 1211 ternarii
1221 1178 1252 1218 '²3
1273 1172 1342 1209 ibi:

273 1231 385 1273 Quod
410 1236 535 1268 autem
563 1231 771 1268 substantia
804 1242 854 1266 ex
881 1229 937 1266 his
968 1229 988 1249 *
1016 1235 1086 1264 etc.
1121 1225 1222 1263 Dicit
1254 1238 1344 1273 ergo

266 1426 310 1444 res
329 1423 501 1452 cognoscatur
519 1426 566 1451 per
584 1419 625 1444 sui
643 1417 852 1443 similitudinem:
876 1424 936 1441 nam
951 1416 1044 1448 primo,
1059 1415 1123 1440 haec
1142 1414 1284 1440 similitudo
1303 1421 1345 1439 ac-

268 1454 362 1487 cipitur
379 1454 528 1479 immediate
553 1454 579 1479 in
597 1453 712 1487 potentia
731 1452 904 1486 cognoscitiva
924 1460 939 1477 a
958 1459 986 1476 re
1005 1452 1061 1484 ipsa
1080 1458 1147 1484 quae
1166 1450 1345 1483 cognoscitur;

268 1490 375 1520 deinde,
401 1490 472 1522 quod
491 1490 551 1522 plus
569 1494 622 1519 est,
647 1488 788 1513 similitudo
807 1487 850 1512 illa
869 1495 921 1512 non
946 1492 987 1512 est
1005 1487 1135 1511 obiectum
1159 1486 1231 1519 quod
1251 1486 1345 1510 directe

268 1525 450 1558 cognoscitur,
473 1525 520 1549 sed
539 1524 596 1557 ipsa
614 1524 744 1549 mediante
770 1522 855 1557 (unde
873 1528 982 1548 vocatur
1002 1522 1118 1547 medium
1138 1522 1206 1554 quo)
1233 1520 1345 1554 cognitio

268 1565 357 1586 nostra
375 1559 458 1585 fertur
476 1559 502 1584 in
520 1560 661 1589 obiectum,
681 1559 755 1584 cuius
775 1563 815 1583 est
834 1558 984 1583 similitudo.

321 1595 382 1620 Duo
401 1595 643 1628 impraesentiarum
669 1594 842 1627 supponimus
866 1599 895 1618 ut
917 1594 1026 1626 probata
1046 1601 1077 1618 ex
1095 1592 1222 1625 ideologia
1241 1600 1262 1617 s.
1272 1591 1344 1617 Tho-

269 1638 336 1656 mae.
350 1631 453 1656 Horum
468 1631 583 1663 primum
596 1635 644 1662 est,
659 1630 730 1663 quod
743 1630 876 1662 proprium
887 1634 913 1654 et
923 1629 1091 1654 connaturale
1105 1628 1235 1653 obiectum
1252 1628 1346 1652 mentis

269 1671 375 1692 nostrae
393 1666 420 1691 in
438 1666 567 1699 praesenti
586 1671 654 1691 statu
674 1671 735 1690 sunt
753 1665 894 1695 essentiae,
920 1672 967 1690 seu
986 1664 1142 1697 quidditates
1161 1671 1247 1688 rerum
1264 1663 1347 1688 sensi-

268 1702 374 1732 bilium;
394 1702 490 1735 quibus
510 1702 594 1735 primo
611 1701 729 1733 cognitis,
748 1709 796 1734 per
814 1708 858 1726 eas
873 1708 1012 1733 assurgere
1031 1707 1173 1732 possumus
1188 1700 1221 1724 ad
1234 1699 1347 1732 aliquam

270 1737 446 1771 cognitionem
471 1745 558 1762 rerum
584 1745 663 1770 supra
682 1737 816 1762 materiam
836 1737 993 1761 elevatarum
1015 1733 1070 1769 (ef.
1087 1735 1116 1760 Ρ.
1132 1735 1156 1765 1,
1180 1742 1225 1768 qu.
1244 1728 1347 1764 usim,

270 1773 390 1804 στίφη,
405 1773 437 1798 ad
453 1772 522 1806 3).-
532 1773 653 1798 Alterum
667 1777 716 1802 est,
730 1772 802 1805 quod
822 1771 951 1796 essentiae
970 1770 1107 1803 praefatae,
1121 1778 1188 1803 quae
1202 1775 1263 1794 sunt
1276 1769 1348 1794 obie-

271 1813 343 1834 etum
362 1814 484 1834 nostrum
501 1809 651 1841 proprium,
675 1816 728 1832 non
747 1812 942 1840 cognoscuntur
961 1814 1007 1838 per
1031 1806 1102 1831 ideas
1121 1813 1168 1830 seu
1192 1806 1292 1838 species
1316 1805 1348 1829 ab

270 1843 391 1870 exteriori
409 1849 510 1876 agente,
530 1844 585 1869 sive
604 1848 690 1869 creato
709 1843 765 1868 sive
784 1842 912 1873 increato,
933 1842 1076 1874 impressas
1095 1841 1121 1865 in
1141 1841 1227 1866 anima
1245 1846 1349 1871 nostra,

271 1879 320 1905 sed
337 1887 385 1912 per
403 1879 503 1912 species
523 1879 664 1904 aban-actas
679 1886 694 1903 a
707 1878 875 1903 sensibilibus
890 1877 1036 1907 individuis,
1049 1884 1117 1910 quae
1135 1884 1182 1908 per
1200 1884 1296 1901 sensus
1313 1881 1350 1900 at-

271 1915 407 1948 tinguntur
425 1913 481 1948 (cf.
495 1914 540 1946 ib„
554 1919 602 1940 art.
611 1922 649 1944 ux,
663 1922 691 1939 iv
705 1918 731 1939 et
742 1913 1000 1946 v).—Supponimus
1020 1912 1114 1937 deinde
1131 1919 1161 1936 ex
1174 1911 1350 1944 metaphysica

271 1950 346 1984 quod
363 1958 448 1983 genus
467 1950 504 1975 rei
523 1954 642 1975 sumatur
660 1957 675 1974 a
693 1949 814 1979 materia,
834 1948 977 1973 differentia
995 1955 1059 1973 vero
1079 1955 1094 1972 a
1114 1947 1205 1977 forma,
1221 1954 1288 1980 quae
1308 1947 1351 1971 dat

337 1986 342 1991 '
402 1986 453 2016 rei,
475 1985 543 2010 sicut
554 1985 615 2010 alibi
628 1984 814 2017 explicavimus
829 1984 880 2016 (Cf.
895 1984 904 2008 l
919 1983 1017 2011 Perih..
1032 1984 1090 2008 lect.
1103 1991 1158 2013 vm,
1172 1991 1215 2007 nn.
1230 1990 1247 2016 9
1262 1987 1288 2007 et
1307 1990 1346 2013 to,

271 2025 338 2046 nott.
356 2029 372 2046 κ
386 2026 412 2046 et
430 2020 492 2049 vl.-
505 2021 684 2054 Supponimus
699 2020 784 2051 tertio,
803 2020 875 2053 quod
894 2019 1014 2052 quamvis
1033 2019 1161 2044 essentiae
1180 2026 1268 2043 rerum
1287 2018 1350 2042 sim·

272 2057 353 2090 plicas
372 2056 398 2081 in
417 2064 447 2081 se
468 2056 534 2087 sint,
554 2061 641 2081 tamen
660 2064 675 2081 a
694 2056 770 2080 nobis
789 2063 835 2088 per
855 2054 1070 2088 compositionem
1095 2052 1214 2087 (generis
1234 2059 1259 2078 et
1278 2053 1350 2078 diffe-

273 2091 386 2124 rentiae)
406 2092 584 2124 intelliguntur
601 2097 627 2117 et
646 2090 950 2121 definiuntur.—Quarto
970 2090 1095 2123 denique,
1116 2089 1289 2122 supponimus
1310 2087 1352 2121 hic

273 2135 424 2153 sermonem
444 2135 504 2153 esse
525 2128 558 2152 de
572 2127 693 2152 essentiis
714 2126 903 2156 determinatis,
927 2126 1013 2158 deque
1032 2133 1121 2151 earum
1141 2125 1287 2158 cognitione

273 2162 466 2194 definitionem,
491 2162 542 2188 hoc
565 2168 605 2188 est
623 2170 669 2195 per
693 2162 901 2195 suppositionem
926 2161 1045 2195 generis,
1069 2161 1142 2194 quod
1160 2167 1197 2186 -ae
1221 2159 1299 2185 babet
1322 2158 1374 2190 ut*-

275 2198 395 2229 materia,
415 2204 441 2224 et
458 2206 506 2231 per
524 2198 766 2224 determinationem
785 2197 949 2228 differentiae,
968 2204 1036 2230 quae
1050 2204 1080 2222 se
1099 2195 1178 2222 habet
1195 2201 1224 2220 ut
1242 2195 1334 2221 forma.

329 2234 397 2259 Dicit
415 2242 478 2266 ergo
497 2234 582 2266 primo
601 2242 624 2259 s.
638 2233 756 2258 Thomas
775 2233 847 2266 quod
866 2233 888 2257 si
908 2233 987 2266 accipi
1006 2237 1099 2265 posset
1116 2230 1269 2262 differentia,
1284 2237 1354 2264 quae

275 2268 418 2294 notificaret
435 2269 522 2303 ipsam
540 2269 653 2294 formam
672 2268 870 2294 substantialem
889 2268 998 2301 speciei,
1017 2268 1091 2292 nullo
1111 2267 1191 2294 modo
1210 2266 1353 2292 differentia
1391 2286 1394 2288 v

274 2305 367 2330 ultima
385 2310 456 2330 esset
474 2306 500 2330 in
519 2306 579 2337 plus
598 2312 678 2338 quam
698 2305 808 2337 species.
824 2304 857 2329 Et
875 2304 940 2329 ratio
958 2309 1007 2334 est,
1031 2303 1093 2336 quia
1111 2309 1172 2328 cum
1190 2302 1274 2327 forma
1293 2310 1353 2335 spe-

275 2340 343 2366 ciem
357 2340 394 2366 rei
408 2341 555 2371 constituat,
569 2348 683 2373 cumque
701 2340 803 2373 species
822 2340 854 2364 ad
873 2339 982 2364 invicem
1000 2339 1131 2368 differant,
1149 2338 1268 2371 sequitur
1281 2338 1353 2371 quod

275 2375 361 2401 forma
379 2376 544 2401 constitutiva
562 2383 614 2400 non
633 2376 717 2408 possit
732 2383 792 2400 esse
811 2374 982 2399 universalior
995 2375 1052 2407 ipsa
1070 2374 1171 2407 specie:
1190 2381 1268 2398 secus
1283 2374 1352 2398 enim

277 2411 376 2442 forma,
396 2416 485 2437 contra
503 2412 646 2444 supposita.
666 2419 719 2435 non
738 2416 809 2435 esset
828 2410 971 2435 differentia
989 2418 1045 2435 rem
1065 2408 1225 2442 specificans.
1304 2411 1308 2415 ”

332 2447 384 2472 Sed
403 2447 518 2472 additur:
531 2448 643 2480 sor-mae
662 2446 815 2471 essentiales
829 2453 881 2470 non
905 2449 969 2471 sunt
989 2445 1064 2470 nobis
1079 2452 1132 2477 per
1149 2451 1178 2469 se
1197 2447 1283 2474 notae,
1303 2443 1354 2468 hoc

276 2487 327 2513 est,
346 2490 398 2507 non
418 2482 547 2507 habentur
560 2490 608 2514 per
627 2482 802 2513 cognitionem
821 2481 972 2506 intuitivam.
992 2481 1141 2505 Notandum
1160 2480 1232 2513 quod
1251 2479 1354 2512 quiddi-

277 2522 344 2543 tates
357 2525 444 2543 rerum
460 2517 632 2546 sensibilium,
648 2522 674 2542 et
687 2522 879 2549 consequenter
892 2516 992 2541 formae
1006 2516 1199 2545 substantiales,
1214 2522 1282 2548 quae
1296 2515 1354 2539 illas

279 2552 400 2586 specifice
419 2553 588 2582 constituunt,
608 2553 745 2585 dupliciter
764 2552 921 2577 considerari
940 2557 1066 2584 possunt:
1081 2559 1135 2576 uno
1153 2551 1233 2575 modo
1247 2550 1273 2575 in
1290 2550 1355 2575 indi-

277 2588 358 2613 viduo
376 2588 436 2619 (hic
454 2588 564 2620 homo),
586 2589 667 2613 altero
686 2588 766 2613 modo
785 2588 811 2612 in
834 2587 974 2612 universali
993 2587 1121 2619 (homo).
1141 2586 1198 2611 Non
1223 2586 1355 2619 loquimur

279 2623 312 2648 de
331 2624 452 2649 essentiis
471 2623 686 2649 individualibus:
701 2624 760 2648 illae
773 2623 843 2648 enim
858 2623 944 2648 solum
961 2630 1009 2655 per
1025 2622 1167 2655 quamdam
1187 2621 1354 2646 reflexionem

365 2665 480 2690 scumur,
501 2664 527 2684 et
545 2667 597 2684 non
617 2664 676 2684 sunt
695 2659 796 2683 obiecta
819 2658 1046 2683 demonstrationis
1066 2663 1092 2683 et
1110 2663 1214 2682 nostrae
1233 2657 1355 2682 scientiae

280 2694 332 2727 (cf.
346 2694 390 2720 lib.
406 2695 433 2726 l,
453 2695 511 2720 lect.
529 2703 582 2724 xm,
602 2695 710 2727 seqq.)‚
730 2702 816 2727 neque
834 2693 1013 2719 definitionum
1037 2698 1186 2718 nostrarum
1205 2692 1254 2725 (cf.
1275 2693 1318 2717 lib.
1338 2693 1356 2723 1,

279 2730 339 2755 lect.
352 2737 408 2760 xvt,
427 2738 510 2762 nn.4‚
528 2730 562 2763 5).
582 2730 664 2755 Ροιτο
683 2730 840 2762 quidditates
854 2729 1015 2754 universales
1033 2737 1085 2754 non
1104 2736 1150 2761 per
1169 2736 1198 2753 se
1217 2733 1243 2753 et
1261 2728 1356 2753 forma-

282 2765 350 2796 liter,
368 2766 416 2790 sed
434 2766 460 2791 iu
478 2766 577 2791 naturis
596 2765 734 2790 individuis
753 2765 923 2790 solummodo
942 2765 1055 2789 existunt
1073 2764 1116 2795 (cf.
1131 2764 1176 2789 lib.
1191 2764 1215 2794 1,
1231 2764 1290 2789 lect.
1304 2771 1356 2794 xvi,

279 2805 335 2826 not.
349 2801 386 2833 x),
405 2809 492 2834 neque
506 2802 538 2826 ad
553 2809 598 2826 eas
612 2801 730 2833 pervenit
743 2801 891 2825 intellectus
906 2801 954 2825 nisi
967 2800 1136 2828 abstractive,
1152 2799 1202 2824 hoc
1217 2804 1257 2824 est
1271 2799 1357 2832 primo

280 2836 448 2869 percipiendo
466 2837 491 2861 in
506 2836 646 2861 universali
666 2836 815 2867 accidentia,
831 2835 924 2861 deinde
937 2843 985 2868 per
999 2835 1140 2860 accidentia
1152 2835 1311 2867 penetrando
1325 2835 1358 2859 ad

284 2871 467 2896 substantiales
487 2872 643 2905 quidditates
663 2879 731 2904 quae
750 2872 813 2903 ipsis
833 2871 1007 2896 accidentibus
1027 2871 1156 2896 substant.

337 2907 404 2932 Hinc
422 2907 486 2932 illud
505 2915 528 2932 s.
542 2907 677 2932 Thomae:
691 2910 798 2939 oportet
812 2907 885 2939 quod
901 2906 1106 2940 manifestentur
1115 2913 1168 2938 per·
1179 2906 1270 2938 aliqua
1289 2905 1358 2930 acci-

281 2942 384 2972 dentia,
399 2949 468 2975 quae
481 2946 545 2968 sunt
559 2942 639 2976 signa
654 2942 725 2967 illius
737 2942 855 2976 sor-mae.
870 2942 920 2967 Per
931 2942 1000 2967 viam
1016 2942 1085 2966 enim
1099 2949 1193 2967 sensus
1208 2941 1358 2974 quaerenda

283 2983 325 3002 est
342 2985 358 3002 a
375 2977 452 3002 nobis
473 2977 544 3002 notio
563 2977 663 3002 formae
681 2977 873 3007 substantialis,
894 2985 962 3010 quae
981 2977 1118 3009 accipiatur
1136 2982 1163 3001 ut
1177 2977 1319 3001 differentia
1332 2976 1358 3000 in

282 3011 431 3037 definitione
450 3013 552 3045 speciei.
567 3013 667 3038 Sensus
686 3018 773 3037 autem
793 3013 890 3037 nedum
909 3012 1079 3045 quidditatem
1098 3020 1146 3037 seu
1165 3012 1276 3036 formam
1295 3012 1357 3036 sub-

284 3048 431 3072 stantialem
449 3047 475 3072 in
497 3048 635 3073 universali
661 3055 712 3072 non
738 3048 877 3077 attingunt,
901 3048 949 3072 sed
973 3055 1058 3079 neque
1078 3047 1247 3080 quidditatem
1268 3046 1358 3071 indivi-

282 3083 379 3108 duam:
399 3091 489 3108 eorum
509 3083 610 3108 obiecta
629 3088 691 3108 sunt
709 3083 846 3116 qualitates
865 3090 913 3107 seu
932 3083 1079 3112 accidentia,
1099 3083 1195 3115 quibus
1215 3081 1360 3107 afficiuntur

285 3118 424 3143 sensibiles
439 3118 606 3145 substantiae.
617 3124 643 3143 et
656 3126 723 3151 quae
738 3126 833 3143 sensus
844 3123 963 3142 externos
974 3117 1094 3143 afficiunt.
1109 3119 1135 3143 Si
1151 3125 1213 3150 ergo
1228 3125 1275 3150 per
1286 3117 1360 3141 obie-

283 3158 327 3178 cta
340 3161 465 3178 sensuum
480 3154 672 3187 assurgendum
687 3159 727 3179 est
744 3154 776 3178 ad
795 3153 893 3178 formas
908 3154 1059 3185 praedictas,
1075 3154 1100 3178 in
1119 3153 1169 3178 illis
1184 3152 1359 3177 accidentibus

283 3189 364 3213 debet
382 3189 507 3214 resultare
521 3189 664 3214 similitudo
676 3189 776 3214 formae
795 3188 980 3218 substantialis,
995 3194 1021 3213 et
1034 3196 1081 3221 per
1099 3189 1143 3213 illa
1161 3187 1240 3220 accipi
1255 3195 1270 3212 a
1284 3187 1360 3211 nobis

287 3225 440 3249 earumdem
459 3224 603 3249 formarum
623 3225 757 3249 notionem
777 3231 886 3248 necesse
905 3229 954 3248 est.
1096 3250 1098 3252 ,

341 3260 392 3284 Sed
406 3259 476 3284 addit
490 3267 511 3284 s.
521 3259 655 3285 Thomas:
669 3267 722 3284 non
732 3263 822 3284 autem
837 3262 944 3290 oportet
952 3259 1072 3290 accipere
1085 3258 1235 3284 accidentia
1246 3258 1361 3289 propria

288 3295 359 3320 illius
371 3295 475 3326 speciei.
490 3295 567 3319 Ratio
585 3300 633 3325 est,
648 3295 711 3327 quia
731 3295 798 3320 talia
816 3298 922 3325 oportet
936 3301 988 3326 per
1007 3294 1187 3327 definitionem
1202 3293 1298 3325 speciei
1316 3293 1361 3317 de-

288 3330 443 3355 monstrari.
458 3330 492 3355 Et
509 3337 600 3355 revera
617 3330 766 3355 huiusmodi
780 3329 919 3355 accidentia
936 3335 998 3354 sunt
1016 3330 1059 3354 illa
1071 3336 1139 3362 quae
1157 3336 1204 3361 per
1218 3336 1247 3352 se
1266 3335 1361 3352 conve-

285 3365 362 3390 niunt
377 3366 401 3390 in
417 3370 510 3398 quarto
525 3366 604 3390 modo
619 3366 719 3390 dicendi
733 3373 780 3398 per
794 3373 824 3389 se
838 3363 882 3397 (cf.
897 3365 940 3389 lib.
951 3365 968 3394 1,
984 3365 1042 3389 lect.
1053 3372 1077 3394 x,
1092 3373 1117 3388 n.
1128 3363 1165 3397 8),
1180 3369 1206 3388 et
1220 3371 1287 3395 quae
1301 3368 1363 3388 sunt

288 3401 464 3426 convertibilia
482 3409 542 3426 cum
555 3401 651 3432 specie,
664 3406 754 3433 utpote
767 3400 816 3432 ipsi
830 3400 1007 3425 convenientia
1020 3400 1097 3424 etiam
1112 3399 1137 3423 in
1152 3399 1268 3423 secundo
1282 3399 1363 3422 modo

285 3436 389 3461 dicendi
410 3444 457 3469 per
471 3444 500 3461 se
514 3436 599 3468 primo
613 3436 656 3468 (cf.
671 3436 705 3460 ib.
720 3436 780 3460 lect.
794 3443 828 3466 x1,
843 3440 896 3459 not.
906 3434 951 3467 ζ).
964 3435 1091 3465 Quocirca
1106 3434 1208 3459 nonnisi
1222 3441 1269 3465 per
1279 3434 1362 3465 ipsius

289 3471 466 3496 definitionem
490 3471 585 3504 speciei
605 3476 716 3504 possunt
734 3470 883 3496 huiusmodi
912 3470 1051 3495 accidentia
1077 3469 1247 3494 demonstrari
1269 3469 1312 3501 (cf.
1328 3469 1362 3493 ib.

290 3507 350 3532 lect.
364 3515 418 3538 xm,
431 3515 456 3532 n.
473 3506 509 3539 3).
529 3507 685 3531 Addendum
699 3507 770 3539 quod
785 3506 807 3530 si
820 3506 919 3530 fonnae
932 3505 1115 3530 substantiales
1135 3512 1187 3529 non
1206 3509 1267 3529 sunt
1286 3504 1362 3528 nobis

285 3550 337 3575 per
355 3550 384 3567 se
402 3547 493 3572 notae,
513 3550 599 3575 neque
618 3542 757 3567 accidentia
776 3541 895 3574 propria,
915 3548 983 3573 quae
1002 3548 1061 3565 cum
1086 3539 1150 3573 ipsis
1169 3544 1362 3570 convertuntur,

288 3578 366 3602 nobis
385 3586 432 3610 per
450 3585 480 3602 se
498 3582 559 3602 nota
577 3585 637 3602 esse
656 3582 774 3610 possunt.

345 3613 511 3646 Relinquitur
529 3621 592 3643 ergo
607 3618 636 3638 ut
655 3612 738 3637 forma
757 3611 852 3644 speciei
866 3611 941 3636 nobis
960 3611 1105 3636 innotescat
1117 3618 1165 3643 per
1178 3610 1227 3635 alia
1246 3610 1362 3635 acciden-

285 3648 325 3673 tia
343 3649 531 3674 communiora.
546 3649 600 3674 Res
619 3648 739 3681 exemplo
757 3648 805 3672 erit
828 3647 972 3672 manifesta.
990 3646 1067 3672 Ratio
1086 3651 1175 3671 nostra
1193 3645 1363 3670 examinando

2394 294 2467 342 375

1396 376 1524 426 primo
1545 375 1650 425 quod
1671 375 1758 424 quia
1779 374 1952 423 superius
1969 375 1989 395 ’i'
2009 382 2207 411 ostensum
2228 381 2284 411 est
2297 374 2402 423 quod
2422 387 2468 411 ea

1398 442 1498 479 quae
1525 428 1792 478 praedicantur
1811 428 1849 465 in
1869 440 1916 464 eo
1937 427 2043 476 quod
2063 427 2155 476 quid
2184 435 2239 464 est
2273 439 2318 464 ex
2337 440 2467 465 neces-

1397 483 1504 520 sitate
1539 482 1690 527 insunt3
1715 493 1968 531 quaecunque
2001 488 2131 517 autem
2165 492 2211 517 ex
2244 481 2467 518 necessitate

1397 536 1535 582 insunt,
1547 535 1810 572 universaliter
1825 534 2111 583 praedicantur;
2128 545 2284 570 necesse
2296 541 2351 570 est
2361 535 2467 582 quod

1397 589 1479 626 sive
1500 589 1548 626 de
1567 587 1732 625 ternario
1753 588 1834 624 sive
1857 587 1905 624 de
1926 599 2159 635 quocunque
2185 586 2258 623 alio
2279 587 2466 635 accipian-

1395 650 1456 679 tur
1482 641 1678 690 praedicto
1707 640 1826 677 modo
1856 652 1902 677 ea
1925 653 2024 689 quae
2056 639 2325 689 praedicantur
2351 640 2391 676 in
2420 653 2467 677 eo

1382 695 1503 751 Aquod
1516 694 1610 744 quid
1627 695 1658 741 *,
1675 694 1780 742 quod
1796 706 1842 730 ex
1856 693 2078 730 necessitate
2099 701 2136 730 et
2150 694 2192 714 ⁴⁵*
2206 693 2468 730 universaliter
2495 704 2504 712 ·

1396 748 1663 797 praedicentur
1690 748 1721 784 ³¹³.
2264 770 2266 773 v

1451 814 1487 849 9.
1504 800 1653 838 Deinde
1669 812 1758 837 curn
1773 799 1878 837 dicit:
1904 800 2014 842 Quod
2026 805 2151 836 autem
2165 799 2371 836 substantia
2382 807 2465 846 etc„

1398 854 1563 891 ostendit
1591 853 1698 902 quod
1728 865 1773 889 ex
1797 853 1854 889 his
1878 865 1976 900 quae
2005 852 2200 901 praedicto
2230 853 2349 889 modo
2371 852 2467 889 acci-

1397 908 1562 957 piuntur,
1589 905 1837 942 constituatur
1852 906 1873 926 ²¹²
1893 905 2054 942 essentia
2073 905 2240 952 ternarii,
2261 907 2323 942 vel
2345 905 2468 942 cuius-

1399 973 1549 1009 cunque
1565 959 1733 1004 alterius3
1746 959 1836 1007 quia
1850 970 2006 995 necesse
2021 966 2088 1004 est,
2101 958 2131 995 si
2146 959 2221 995 hoc
2232 959 2337 1007 quod
2352 970 2468 1007 supra

1397 1014 1566 1062 positum
1588 1019 1644 1049 est
1658 1024 1736 1048 non
1757 1019 1855 1048 esset
1874 1011 1955 1060 ipsa
1975 1011 2183 1048 substantia
2197 1011 2361 1058 ternarii,
2379 1024 2468 1049 cum

1398 1066 1637 1115 praedicetur
1655 1065 1694 1101 in
1715 1077 1761 1101 eo
1777 1064 1882 1113 quod
1904 1064 1995 1112 quid
2016 1072 2082 1110 est,
2100 1064 2205 1113 quod
2230 1073 2328 1101 esset
2347 1064 2469 1113 quod-

1399 1119 1490 1156 dam
1515 1131 1652 1166 genus,
1682 1118 1745 1154 vel
1775 1117 2015 1154 nominatum
2043 1118 2106 1154 vel
2135 1117 2415 1155 innominatum
2437 1119 2468 1155 *.

1400 1173 1493 1209 Non
1508 1171 1611 1207 enirn
1633 1170 1785 1207 cuilibet
1805 1170 1939 1206 rationi
1960 1177 2016 1206 est
2034 1182 2178 1206 nomen
2198 1170 2453 1218 impositum*
2461 1185 2470 1208 ε

1401 1233 1437 1261 et
1465 1224 1553 1261 inde
1584 1231 1640 1260 est
1663 1223 1770 1272 quod
1798 1224 1917 1259 multa
1945 1230 2032 1259 sunt
2060 1223 2297 1260 innominata
2325 1231 2404 1260 tarn
2433 1224 2472 1261 in

1401 1418 1520 1439 naturam
1538 1413 1709 1443 obiectorum,
1723 1413 1790 1437 circa
1808 1420 1876 1445 quae
1893 1416 2019 1441 versatur,
2035 1419 2066 1436 ex
2079 1411 2143 1444 ipsis
2157 1417 2226 1437 recte
2240 1413 2342 1438 deducit
2356 1419 2475 1439 naturam

1402 1450 1531 1474 actionum
1551 1449 1780 1478 intellectivamm3
1801 1453 1826 1472 et
1845 1455 1876 1472 ex
1894 1447 1936 1472 his
1955 1447 2076 1479 assurgit,
2092 1447 2159 1472 sicut
2177 1455 2208 1472 ex
2227 1448 2370 1480 effectibus,
2385 1450 2417 1474 ad
2431 1458 2474 1475 ea-

1401 1485 1523 1509 rumdem
1542 1484 1672 1509 actionum
1692 1491 1805 1514 causam,
1824 1491 1891 1516 quae
1910 1488 1951 1507 est
1969 1483 2025 1515 ipsa
2044 1482 2152 1507 facultas
2172 1483 2338 1515 intellectiva;
2361 1493 2414 1518 qua
2432 1493 2476 1510 co-

1402 1521 1484 1552 gnita,
1504 1519 1579 1545 infert
1598 1519 1711 1553 legitime
1730 1525 1848 1544 naturam
1867 1518 1975 1548 animae,
1992 1525 2060 1551 quae
2075 1523 2115 1542 est
2133 1526 2211 1543 causa
2229 1519 2366 1551 facultatis,
2381 1526 2407 1545 et
2421 1529 2477 1546 me-

1402 1557 1488 1581 diante
1506 1555 1626 1580 facultate
1641 1560 1682 1579 est
1694 1562 1772 1579 causa
1786 1554 1916 1579 actionum
1932 1553 2153 1584 intellectiva-um,
2169 1562 2236 1587 quae
2256 1555 2340 1588 primo
2355 1557 2430 1582 nobis
2446 1564 2477 1581 ex

1402 1591 1510 1616 obiectis
1530 1591 1693 1615 innotuerant
1713 1590 1762 1621 (cf.
1777 1590 1806 1614 P.
1820 1590 1842 1621 1,
1858 1597 1902 1622 qu.
1917 1596 2030 1619 Lxxxvu,
2051 1594 2098 1614 art.
2113 1596 2122 1613 1
2143 1594 2168 1614 et
2186 1590 2235 1622 111).
2255 1591 2334 1624 Atqui
2353 1592 2476 1622 actiones,

1403 1632 1533 1659 quatenus
1552 1626 1676 1656 actiones,
1692 1631 1753 1650 sunt
1772 1625 1798 1650 in
1817 1625 1893 1649 nobis
1908 1624 2048 1650 accidentia
2063 1632 2115 1649 non
2129 1626 2234 1658 propria
2248 1631 2273 1651 et
2288 1626 2475 1660 inseparabilia,

1403 1663 1450 1687 sed
1470 1662 1620 1687 communia
1637 1666 1663 1686 et
1677 1661 1829 1693 separabilia
1848 1659 1898 1693 (cf.
1911 1660 1954 1685 lib.
1970 1661 1987 1689 1,
2004 1661 2061 1685 lect.
2077 1668 2103 1690 11,
2117 1665 2170 1685 not.
2184 1660 2228 1695 α);
2244 1669 2320 1693 agere
2339 1663 2408 1688 enim
2424 1671 2476 1688 non

1403 1698 1452 1722 soli
1471 1698 1572 1722 animae
1587 1697 1715 1727 convenit,
1731 1701 1756 1721 et
1770 1696 1883 1728 insuper,
1898 1696 2018 1728 quamvis
2031 1696 2063 1720 ad
2076 1696 2216 1721 essentiam
2232 1697 2333 1723 animae
2351 1700 2478 1731 pertineat

1403 1738 1432 1758 ut
1450 1733 1534 1766 possit
1553 1740 1672 1757 exercere
1691 1732 1805 1757 actiones
1824 1731 2001 1761 intellectivas‚
2021 1739 2072 1756 non
2092 1736 2132 1756 est
2156 1731 2188 1756 de
2207 1733 2319 1758 essentia
2333 1734 2434 1759 animae
2449 1740 2478 1759 ut

1404 1769 1510 1793 easdem
1530 1768 1644 1793 actiones
1664 1773 1722 1792 actu
1741 1772 1866 1792 exerceat.
1884 1767 2020 1791 Praeterea
2039 1768 2153 1792 actiones
2169 1773 2229 1792 sunt
2242 1768 2319 1793 etiam
2338 1770 2477 1795 accidentia

1405 1803 1554 1828 communia
1580 1809 1605 1828 et
1630 1803 1795 1835 separabilia,
1822 1802 1922 1827 etiamsi
1951 1803 2147 1828 considerentur
2171 1807 2200 1827 ut
2224 1804 2303 1833 tales,
2329 1812 2425 1838 nempe
2449 1811 2478 1830 ut

1404 1839 1557 1864 rationales:
1577 1847 1637 1863 nam
1657 1846 1705 1863 nos
1724 1846 1777 1863 non
1796 1837 1978 1870 cognoscimus
2003 1838 2116 1862 actiones
2141 1843 2244 1863 nostras
2263 1839 2430 1866 intellectivas
2449 1846 2478 1865 ut

1405 1875 1431 1899 in
1451 1883 1480 1900 se
1499 1879 1577 1905 sunt,
1595 1874 1647 1899 hoc
1665 1879 1706 1898 est
1724 1879 1752 1898 ut
1771 1879 1832 1898 sunt
1847 1873 1965 1906 propriae
1985 1873 2086 1898 animae
2105 1879 2223 1904 nostrae,
2243 1880 2269 1899 et
2287 1883 2339 1900 non
2358 1876 2476 1908 alterius,

1405 1911 1472 1935 sicut
1490 1917 1581 1935 revera
1599 1915 1661 1934 sunt
1678 1909 1704 1934 in
1724 1917 1768 1940 se;
1787 1910 1834 1934 sed
1853 1909 2035 1940 cognoscimus
2064 1906 2189 1935 rationem
2216 1916 2383 1936 communem
2403 1912 2478 1937 intel-

1406 1946 1534 1975 lectionis,
1553 1953 1620 1978 quae
1639 1945 1716 1970 etiam
1736 1944 1859 1977 competit
1878 1944 1990 1977 angelis,
2010 1945 2073 1977 quin
2093 1943 2258 1975 assignemus
2283 1946 2477 1980 differentiam,

1406 1989 1459 2014 qua
1478 1986 1549 2006 certo
1568 1981 1634 2006 actio
1653 1980 1807 2005 intellectiva
1826 1985 1904 2012 prout
1922 1980 2031 2012 emergit
2049 1988 2063 2005 a
2082 1979 2202 2005 facultate
2222 1981 2322 2006 animae
2341 1981 2478 2014 humanae,

1407 2017 1490 2042 differt
1509 2017 1540 2041 ab
1560 2016 1660 2041 actione
1678 2015 1833 2040 intellectiva
1851 2020 1929 2047 prout
1947 2015 2002 2039 fluit
2021 2015 2052 2040 ab
2071 2014 2203 2040 intellectu
2223 2016 2382 2042 substantiae
2400 2025 2479 2050 ange-

1406 2052 1479 2078 licae.
1499 2052 1567 2077 Cum
1586 2059 1648 2082 ergo
1667 2052 1780 2076 actiones
1800 2051 1852 2075 sint
1875 2050 2028 2082 accidentia,
2053 2050 2149 2084 quibus
2169 2050 2282 2076 animam
2301 2052 2478 2084 notificamus,

1406 2089 1526 2121 sequitur
1550 2087 1621 2121 quod
1645 2087 1758 2112 animam
1778 2091 1803 2111 et
1826 2086 1859 2111 ita
1883 2085 1980 2110 formas
2000 2086 2063 2111 alias
2087 2085 2232 2119 specierum
2257 2092 2345 2112 notam
2370 2088 2479 2114 facimus

1305 2131 1358 2157 par.
1406 2131 1455 2157 per
1477 2122 1617 2148 accidentia
1636 2122 1799 2152 communia,
1818 2129 1887 2154 quae
1910 2127 1971 2146 sunt
1990 2122 2075 2154 specie
2095 2121 2287 2148 universaliora.
2310 2123 2343 2147 Et
2361 2123 2424 2149 haec
2443 2125 2480 2150 di-

1402 2164 1503 2191 cuntur
1520 2157 1679 2184 differentiae
1697 2158 1889 2187 substantiales,
1910 2165 1963 2182 non
1982 2158 2056 2190 quasi
2076 2158 2132 2190 ipsa
2151 2157 2202 2182 sint
2219 2165 2278 2189 res,
2298 2159 2344 2183 sed
2363 2159 2424 2192 quia
2442 2161 2478 2185 rei

1408 2193 1529 2220 definitae
1548 2198 1609 2224 sunt
1625 2193 1713 2228 signa,
1733 2198 1762 2218 ut
1780 2192 1910 2226 sapienter
1929 2193 2059 2218 concludit
2076 2201 2099 2218 s.
2112 2192 2230 2218 Thomas
2250 2193 2297 2226 (cf.
2316 2194 2373 2219 lect.
2389 2195 2430 2220 cit.
2450 2203 2481 2220 ex

1407 2228 1454 2255 vu
1471 2229 1648 2263 Metaphys.).

1463 2265 1555 2299 Neque
1573 2265 1637 2290 haec
1660 2268 1759 2290 asserta
1777 2271 1792 2288 a
1810 2272 1833 2289 s.
1847 2263 1952 2288 Thoma
1969 2263 2088 2296 opposita
2114 2268 2175 2288 sunt
2193 2263 2223 2288 iis
2243 2271 2310 2297 quae
2329 2273 2407 2298 supra
2425 2266 2481 2298 ipse

1409 2300 1496 2326 docuit
1515 2299 1576 2334 (lib.
1591 2300 1618 2330 1,
1630 2300 1688 2324 lect.
1703 2307 1743 2330 tv,
1763 2308 1787 2324 n.
1807 2298 1845 2329 16,
1861 2304 1914 2324 not.
1926 2298 1967 2330 383
1988 2299 2031 2323 lib.
2046 2299 2074 2329 11,
2091 2299 2148 2324 lect.
2161 2306 2205 2328 vn,
2220 2307 2246 2324 n.
2261 2298 2302 2334 7),
2323 2308 2408 2333 neque
2426 2302 2481 2326 ullo

1409 2337 1490 2362 modo
1504 2336 1592 2361 favent
1606 2335 1703 2360 Lockio
1726 2334 1775 2367 (cf.
1795 2335 1829 2359 lib
1843 2334 1862 2365 1,
1878 2335 1927 2360 loc.
1942 2335 2009 2367 cit.):
2025 2342 2085 2359 nam
2101 2334 2239 2360 accidentia
2265 2335 2334 2361 iuxta
2356 2337 2482 2362 Lockium

1409 2377 1471 2397 sunt
1489 2372 1561 2404 ipsae
1576 2370 1734 2396 differentiae
1752 2370 1946 2400 substantiales,
1956 2370 2009 2394 imo
2022 2375 2083 2394 sunt
2097 2371 2169 2403 ipsae
2183 2377 2233 2400 reS,
2245 2376 2373 2403 quatenus
2387 2380 2482 2404 nempe

1409 2415 1440 2432 α
1459 2415 1550 2432 eorum
1570 2407 1721 2431 collectione
1740 2406 1847 2430 resultat
1861 2406 1975 2430 essentia
1989 2405 2166 2431 substantialis
2180 2413 2282 2435 rerum:
2302 2414 2332 2431 ex
2351 2408 2482 2440 opposito,

1409 2443 1478 2468 iuxta
1497 2450 1518 2467 s.
1528 2442 1658 2467 Thomam
1679 2447 1705 2466 et
1722 2442 1869 2471 veritatem,
1888 2441 2037 2466 accidentia
2056 2448 2108 2466 non
2134 2445 2198 2466 sunt
2217 2441 2290 2472 ipsae
2312 2449 2355 2467 res
2375 2441 2436 2476 (lib.
2451 2443 2482 2474 ll,

1410 2479 1469 2503 lect.
1484 2483 1510 2503 et
1524 2485 1596 2502 num.
1606 2476 1668 2511 cit.),
1683 2484 1768 2509 neque
1782 2477 1901 2501 dicuntur
1914 2477 2073 2501 differentiae
2091 2476 2275 2501 substantiales
2295 2477 2421 2509 absolute,
2436 2479 2483 2503 sed

1410 2514 1579 2538 solummodo
1598 2513 1623 2537 in
1643 2512 1741 2538 ratione
1755 2512 1829 2543 signi,
1845 2517 1975 2545 quatenus
1990 2511 2155 2537 inducuntur
2168 2513 2206 2537 ad
2219 2513 2411 2538 declarandum
2420 2514 2482 2548 sor-

1411 2557 1482 2574 mam
1502 2548 1713 2574 substantialem.
1738 2547 1866 2578 Quocirca
1889 2548 1915 2572 in
1939 2546 2084 2572 definienda
2107 2548 2218 2572 essentia
2238 2547 2399 2574 substantiali
2418 2549 2484 2575 acci-

1410 2585 1516 2618 piuntur
1534 2589 1564 2609 ut
1582 2591 1654 2608 mera
1673 2584 1748 2614 signa
1766 2583 1884 2608 eiusdem
1904 2583 2078 2607 substantialis
2098 2584 2234 2609 essentiae.

1466 2620 1526 2650 Quo
1545 2627 1608 2644 vero
1627 2624 1703 2652 pacto
1717 2619 1779 2643 haec
1795 2618 1934 2643 accidentia
1953 2623 2095 2650 assumpta,
2111 2626 2179 2651 quae
2194 2623 2263 2643 extra
2282 2626 2365 2650 genus
2384 2621 2420 2645 rei
2439 2620 2484 2645 de-

1411 2655 1499 2680 finitae
1518 2662 1577 2680 esse
1595 2662 1648 2679 non
1667 2654 1762 2679 debent
1781 2654 1818 2686 (n.
1833 2654 1870 2686 4),
1883 2654 1985 2687 possint
2004 2653 2134 2679 notificare
2148 2654 2317 2686 quidditatem
2337 2655 2418 2688 ipsius
2437 2656 2484 2686 rei,

1412 2691 1567 2724 explicatum
1581 2695 1622 2715 est
1635 2698 1714 2722 supra
1728 2698 1755 2715 n.
1771 2688 1800 2714 5:
1815 2690 1837 2714 si
1856 2691 1879 2713 ι·
1893 2689 1997 2718 scilicet.
2012 2689 2148 2722 quodlibet
2162 2690 2352 2722 praedictorum
2367 2691 2484 2716 acciden-

1412 2727 1478 2751 tium
1493 2726 1629 2751 conveniat
1643 2726 1679 2750 rei
1695 2724 1828 2750 definitae:
1844 2725 1983 2749 accidentia
1995 2725 2064 2749 enim
2079 2731 2214 2757 assumpta
2229 2725 2324 2750 debent
2337 2733 2397 2751 esse
2412 2727 2485 2760 signa

1413 2770 1466 2787 non
1478 2761 1515 2787 rei
1530 2762 1665 2794 cuiusque.
1680 2763 1727 2786 sed
1742 2760 1845 2793 propria
1859 2760 1928 2785 illius
1941 2761 2013 2785 cuius
2028 2759 2203 2786 definitionem
2219 2761 2397 2793 assignamus;
2412 2762 2434 2786 si
2450 2763 2485 2793 2’,

1412 2797 1548 2830 quodlibet
1566 2797 1702 2821 conveniat
1720 2796 1776 2821 aliis
1796 2797 1822 2820 in
1841 2796 1934 2820 eodem
1948 2803 2043 2826 genere
2061 2796 2167 2828 positis:
2188 2804 2217 2821 ex
2237 2795 2287 2820 hoc
2306 2796 2374 2821 enim
2389 2805 2484 2829 possu-

1412 2841 1473 2858 mus
1492 2833 1607 2864 accipere
1626 2831 1766 2857 accidentia
1783 2831 1862 2856 veluti
1883 2830 2050 2862 significantia
2072 2839 2154 2863 genus
2174 2831 2320 2864 proximum
2339 2832 2376 2856 rei
2395 2833 2411 2856 d
2447 2833 2485 2858 ni-

1412 2874 1467 2899 tae;
1483 2869 1504 2893 si
1520 2868 1554 2898 3⁶,
1564 2868 1651 2892 omnia
1665 2867 1742 2892 simul
1756 2872 1859 2899 sumpta
1874 2875 1926 2891 non
1941 2866 2005 2896 aliis,
2015 2867 2062 2891 sed
2076 2866 2124 2890 soli
2139 2866 2175 2891 rei
2190 2866 2309 2892 definitae
2324 2873 2484 2899 conveniant,

1414 2909 1440 2929 et
1459 2912 1520 2929 curn
1538 2911 1569 2928 ea
1587 2903 1767 2928 universaliter
1785 2907 1967 2927 convertantur
1981 2901 2017 2933 (n.
2031 2902 2073 2934 4):
2093 2902 2130 2926 sic
2144 2902 2213 2927 enim
2232 2903 2280 2927 alia
2299 2903 2437 2927 accidentia
2449 2904 2485 2928 si-

1414 2938 1537 2971 gnificant
1555 2946 1638 2971 genus
1664 2946 1818 2967 commune3
1838 2937 1887 2962 alia
1910 2937 2092 2968 differentiam3
2112 2938 2286 2970 compositum
2305 2945 2368 2963 vero
2387 2945 2418 2962 ex
2435 2939 2485 2963 illis

1414 2973 1541 3007 significat
1559 2974 1674 3006 speciem
1693 2981 1774 3006 quam
1794 2973 1917 2997 volumus
1937 2971 2050 2997 definire.

1468 3010 1559 3035 Dices:
1579 3017 1601 3034 s.
1611 3009 1728 3034 Thomas
1748 3010 1846 3041 passim
1865 3009 1940 3032 docet
1958 3008 2030 3040 quod
2045 3008 2190 3032 intellectus
2206 3014 2295 3033 noster
2314 3018 2327 3031 ‹
2340 3008 2425 3040 primo
2440 3017 2484 3041 ap-

1415 3055 1430 3069 »
1444 3045 1581 3079 prehendit
1599 3045 1696 3077 aliquid
1716 3045 1748 3069 de
1766 3045 1822 3077 ipsa
1841 3044 1912 3075 (re),
1933 3048 1994 3076 puta
2013 3043 2182 3075 quidditatem
2201 3044 2283 3076 ipsius
2298 3044 2343 3073 rei,
2359 3052 2427 3076 quae
2445 3049 2486 3069 est

1415 3091 1430 3105 ι
1446 3081 1560 3113 primum
1579 3085 1604 3104 et
1622 3080 1755 3112 proprium
1774 3080 1904 3104 obiectum
1924 3079 2077 3108 intellectus,
2092 3084 2118 3103 et
2132 3079 2224 3104 deinde
2237 3079 2355 3110 intelligit
2369 3080 2485 3111 proprie-

1417 3127 1429 3139 »
1444 3121 1509 3140 tates
1529 3121 1555 3140 et
1573 3115 1712 3140 accidentia
1730 3120 1755 3139 et
1774 3114 1936 3139 habitudines
1956 3115 2149 3138 circumstantes
2169 3114 2204 3138 rei
2224 3114 2364 3139 essentiam
2377 3124 2390 3137 »
2412 3115 2452 3147 (P.
2467 3115 2485 3146 1,

1415 3159 1459 3184 qu.
1473 3158 1560 3180 Lxxxv,
1576 3150 1646 3175 artic.
1659 3151 1694 3182 v).
1706 3164 1726 3169 -
1738 3150 1894 3182 Respondeo
1914 3150 1938 3173 id
1953 3157 2012 3174 esse
2025 3157 2125 3174 verum.
2140 3150 2174 3173 At
2187 3150 2256 3174 unde
2271 3150 2387 3182 pervenit
2401 3150 2486 3182 primo

1416 3192 1441 3211 et
1460 3186 1486 3210 in
1511 3186 1601 3210 ordine
1626 3185 1781 3210 inventionis
1806 3185 1950 3209 intellectus
1976 3185 2008 3209 ad
2033 3185 2275 3216 apprehendendam
2302 3183 2486 3218 quidditatem?

1416 3221 1570 3246 Audivimus
1590 3221 1622 3245 ab
1641 3220 1699 3252 ipso
1718 3228 1740 3245 s.
1751 3220 1862 3250 Thoma,
1877 3227 1924 3252 per
1936 3220 2074 3244 accidentia
2088 3225 2210 3252 tanquam
2226 3228 2272 3252 per
2287 3221 2368 3252 signa,
2384 3225 2409 3244 et
2428 3221 2485 3245 ideo

1417 3265 1432 3281 a
1446 3255 1591 3288 posteriori,
1602 3256 1634 3280 ad
1649 3256 1718 3280 illam
1734 3263 1782 3280 nos
1798 3255 1951 3285 manuduci;
1972 3260 1997 3279 et
2006 3256 2111 3288 quidem
2125 3263 2172 3287 per
2186 3255 2324 3280 accidentia
2339 3256 2487 3280 communia

1417 3291 1608 3323 (componenda
1627 3291 1652 3315 in
1671 3298 1752 3315 unum
1770 3291 1877 3323 signum
1893 3289 2047 3315 definitionis
2067 3290 2225 3322 quidditatis,
2240 3298 2271 3315 eo
2287 3291 2365 3316 modo
2380 3298 2433 3323 quo
2448 3291 2485 3315 di-

1417 3332 1488 3351 ctum
1508 3326 1573 3358 est):
1594 3333 1646 3358 qua
1665 3326 1806 3358 quidditate
1825 3325 2001 3356 determinata,
2017 3326 2182 3357 intelligimus
2197 3333 2211 3350 a
2225 3326 2302 3358 priori
2318 3331 2343 3351 et
2357 3327 2383 3351 in
2397 3326 2488 3350 ordine

1418 3361 1622 3386 demonstrativo
1647 3361 1818 3393 proprietates
1842 3365 1889 3385 etc.
1916 3360 1990 3385 Unde
2013 3368 2081 3393 quae
2105 3361 2215 3385 adducta
2238 3366 2299 3385 sunt
2322 3369 2352 3386 ex
2376 3361 2489 3386 Summa

1418 3397 1575 3430 theologica,
1595 3396 1753 3421 concordant
1771 3404 1831 3420 cum
1849 3396 1947 3420 traditis
1967 3404 1980 3420 a
2000 3403 2022 3421 s.
2035 3395 2138 3420 Thoma
2157 3396 2182 3420 in
2201 3395 2248 3421 hac
2267 3396 2385 3421 lectione.

1471 3431 1497 3464 ζ)
1519 3432 1573 3456 Sed
1591 3434 1697 3463 oportet
1716 3431 1849 3464 notificari
1867 3431 1993 3455 etc.-Sic
2012 3431 2123 3462 legimus
2138 3439 2198 3455 cum
2216 3432 2487 3463 ABCDEKLMNOS;

1420 3468 1452 3492 P:
1473 3467 1637 3500 notificare...
1646 3474 1698 3499 per
1716 3467 1772 3491 alia
1790 3466 1955 3494 accidentias
1968 3467 2105 3499 notificare
2124 3466 2219 3491 habent
2237 3467 2315 3491 etiam
2330 3467 2427 3498 FH1T3
2449 3467 2487 3498 Q:

1420 3506 1571 3527 monstrare
1577 3511 1586 3531 ,·
1600 3503 1637 3527 G:
1653 3502 1813 3535 notificari...
1831 3509 1883 3533 per
1900 3502 1991 3534 aliqua
2006 3501 2103 3533 priora
2121 3502 2284 3531 accidentia,
2303 3510 2358 3528 om.
2370 3510 2488 3528 commu-

1419 3539 1506 3563 niora.
1521 3538 1622 3562 Omnes
1642 3538 1717 3562 codd.
1729 3538 1801 3569 (exc.
1815 3536 1869 3569 N?)
1890 3538 1979 3568 legunt
1995 3537 2095 3569 aliqua.

1473 3574 1500 3605 η)
1520 3573 1582 3605 Ipsa
1601 3573 1715 3598 essentia
1734 3572 1931 3597 ternaria—lta
1949 3580 2042 3597 omnes
2055 3572 2139 3602 codd„
2154 3580 2208 3597 exc.
2223 3572 2261 3597 G:
2277 3572 2340 3604 (om.
2361 3571 2429 3608 ipsa)
2449 3580 2489 3598 es-

1417 3609 1506 3634 sentia
1525 3608 1630 3633 mmceri
1647 3608 1776 3637 ternaria,
1792 3613 1818 3632 et
1836 3607 1873 3638 Q:
1888 3615 1926 3632 ex
1939 3607 2088 3640 praedictis
2110 3611 2235 3640 sequetur
2253 3615 2308 3633 esse
2335 3609 2417 3641 ἱρείης
2437 3612 2492 3633 ter-

1420 3644 1500 3669 narii.
1519 3644 1552 3668 P:
1566 3644 1624 3676 ipsa
1642 3643 1756 3669 essentia
1775 3643 1857 3676 ipsius
1877 3643 1998 3668 ternarii.

2496 384 2566 406 'Lib.
2576 383 2599 412 1,
2616 382 2668 407 lect.
2679 388 2714 406 tv.

2527 708 2617 727 orror:
2643 702 2708 730 quod

2494 729 2552 756 quid
2565 730 2609 750 est.

2495 758 2514 765 ··
2531 755 2563 776 Et
2575 761 2624 776 orn.
2635 761 2709 777 ,mm

2494 788 2563 803 imus
2578 785 2599 803 et
2610 788 2633 809 p.
2642 788 2675 803 tn.
2685 789 2708 803 κ.

2494 809 2504 820 ⁸
2521 808 2605 834 Codd„
2617 814 2668 830 exc.
2684 815 2709 835 o,

2491 835 2676 862 praedicantur.

2494 918 2505 929 ⁴
2519 923 2551 938 rt:
2567 917 2636 938 modo
2650 923 2707 939 con-

2495 944 2633 970 stituuntur,
2643 945 2707 966 acci-

2492 970 2585 998 piatur.

2497 1125 2509 1136 ‘
2520 1124 2556 1146 Cf.
2571 1124 2612 1145 lib.
2621 1124 2644 1149 Ι,
2658 1124 2711 1145 lect.

2498 1157 2542 1178 xit,
2558 1157 2581 1173 n.
2591 1157 2606 1177 4
2625 1154 2647 1172 et
2661 1154 2714 1172 not.

2498 1179 2614 1234 5'Coddst
2628 1212 2698 1240 posi-

2500 1241 2556 1261 tum.
2667 1244 2669 1247 ·
