2788 4204
1151 267 1262 305 CAP.
1294 270 1362 317 Ill,
1392 270 1543 307 LECT.
1575 272 1606 307 ΙΙ

2396 276 2464 313 331

944 481 1306 538 LECTIO
1359 486 1815 545 SECUNDA

622 608 842 651 UTRUM
874 609 1184 650 DEFINITIO
1219 611 1598 655 SIGNIFICANS
1633 616 1806 668 QUOD
1841 618 1989 671 QUID
2024 620 2139 661 EST

1034 685 1246 727 POSSIT
1279 687 1723 731 DEMONSTRARI

279 804 349 842 Πῶς
378 797 416 835 δὲ
446 802 488 836 τὸ
520 805 554 835 τί
588 804 662 837 ἐστι
691 798 884 846 δείκνυται,
917 805 976 836 καὶ
1006 806 1058 842 τίς
1084 805 1100 837 ὁ
1131 803 1257 850 τρόπος
1293 807 1356 844 τῆς

348 845 546 894 ἀναγωγῆς,
564 850 622 880 καὶ
640 851 674 881 τί
693 849 785 881 ἐστιν
809 849 942 894 ὁρισμός
968 851 1028 881 καὶ
1052 852 1166 892 τίνων,
1193 852 1354 895 εἴπωμεν,

346 889 623 938 διαπορήσαντες
650 895 783 938 πρῶτον
810 895 884 939 περὶ
911 894 1039 927 αὐτῶν.

274 937 382 983 Ἀρχὴ
407 934 437 969 δ’
467 937 556 970 ἔστω
582 939 648 970 τῶν
674 937 889 983 μελλόντων,
915 937 1001 983 ἥπερ
1027 936 1121 971 ἐστὶν
1155 938 1355 977 οἱκειοτοίτη

346 983 414 1016 τῶν
445 981 614 1028 ἐχομένων
646 983 771 1029 λόγων.
801 983 1003 1028 Ἀπορήσειε
1033 984 1100 1029 γαρ
1131 983 1170 1016 ἄν
1197 996 1266 1026 τις,
1301 983 1350 1028 ἄρ’

347 1027 422 1060 ἔστι
447 1030 489 1061 τὰ
514 1027 603 1060 αὐτὰ
626 1030 685 1060 καὶ
709 1028 807 1060 κατ-α’,
824 1028 865 1060 τὸ
884 1028 974 1061 αὐτὰ
1001 1028 1124 1072 ὁρισμῷ
1150 1023 1276 1061 εἰδέναι
1296 1031 1356 1062 καὶ

350 1068 538 1115 ἀποδείξει,
565 1070 588 1108 ἦ
615 1072 809 1113 ἀδύνατον;

281 1118 298 1150 ὁ
322 1117 382 1162 μὲν
407 1118 473 1164 γοὶρ
500 1116 634 1160 ὁρισμός
665 1118 728 1149 τοῦ
754 1119 788 1150 τί
815 1114 908 1149 ἐστιν
934 1114 1020 1149 εἶναι
1044 1111 1159 1158 δοκεῖ,
1191 1117 1233 1151 τὸ
1258 1113 1295 1150 δὲ
1322 1121 1355 1150 τί

348 1162 440 1194 ἐστιν
468 1161 561 1194 ἅπαν
591 1161 741 1194 καθόλου
764 1164 823 1194 καὶ
857 1161 1101 1206 κατη·ορικο’ν·
1135 1164 1356 1209 συλλογισμοὶ

345 1200 376 1237 δ’
404 1207 486 1239 εἰσὶν
512 1209 542 1238 οἱ
594 1205 628 1238 ἐν
653 1208 863 1249 στερητικοί,
886 1209 916 1238 οἱ
941 1202 959 1238 δ
1000 1205 1038 1239 οὐ
1053 1206 1217 1248 καθόλου,
1237 1210 1306 1240 οἷον
1326 1211 1356 1241 οἱ

373 1252 406 1284 ἐν
433 1252 466 1284 ὲν
492 1252 540 1293 τῷ
588 1251 711 1296 ευτέρῳ
736 1250 894 1296 σχήματι
927 1253 1124 1296 στερητικοὶ
1149 1251 1297 1295 πάντες,
1326 1256 1356 1286 οἱ

345 1261 375 1330 δι’
406 1297 438 1330 ἐν
465 1297 513 1338 τῷ
538 1298 641 1341 τρίτῳ
667 1297 706 1329 οὐ
730 1295 892 1329 καθόλου.

278 1339 368 1376 Εἶτα
381 1337 461 1374 οὐδὲ
479 1342 546 1375 τῶν
564 1342 599 1374 ἐν
616 1342 665 1383 τῷ
684 1341 806 1385 πρώτῳ
823 1340 981 1397 σχήματι
997 1342 1233 1387 κατηγορικῶν
1247 1342 1357 1375 ἀποίν-

346 1399 414 1422 των
441 1385 533 1419 ἐστὶν
560 1385 708 1430 ὁρισμός,
736 1387 805 1418 οἷον
832 1388 886 1418 ὁτι
912 1386 981 1417 πᾶν
1005 1388 1167 1432 τρίγωνον
1192 1381 1285 1419 δυσὶν
1305 1387 1356 1431 ὀρ-

347 1432 421 1470 Θαῖς
445 1433 521 1468 ἴσας
548 1430 563 1462 ἐ’
590 1444 630 1463 ει.
657 1430 791 1464 Τούτου
809 1427 846 1463 δὲ
863 1430 980 1475 λόγος,
1001 1429 1055 1463 ὅτι
1080 1431 1121 1463 τὸ
1147 1432 1355 1465 ἐπίστασθαί

346 1478 422 1510 ἔστι
438 1476 480 1510 τὸ
499 1443 746 1514 ἀποδεικτικῶς
767 1476 809 1508 τό
831 1472 1006 1516 ἀπόδειξιν
1029 1476 1131 1521 ἔχειν,
1150 1475 1232 1509 ὥστ’
1253 1479 1280 1509 εἰ
1299 1479 1355 1511 ἐπὶ

346 1522 414 1554 τῶν
439 1519 608 1555 τοιούτων
635 1516 809 1561 ἀπόδειξίς
836 1523 923 1561 ἐστι,
949 1515 1053 1557 δῆλον
1080 1520 1134 1553 ὅτι
1160 1522 1220 1553 οὐκ
1246 1521 1286 1554 οἲν
1303 1525 1354 1561 εἴη

347 1567 462 1600 αὐτῶν
486 1568 545 1598 καὶ
572 1565 719 1613 ὁρισμός·
746 1566 930 1599 ἐπίσταιτο
955 1565 1021 1611 γοίρ
1042 1565 1081 1597 ἄν
1099 1577 1151 1604 τις
1175 1568 1234 1598 καὶ
1258 1569 1356 1601 κατα

346 1611 407 1645 τᾶν
437 1611 598 1656 ὁρισμόν,
630 1610 691 1644 οὐκ
723 1610 810 1656 ἔχων
835 1612 901 1648 τήν
937 1605 1124 1651 ἀπόδειξιν·
1158 1607 1256 1644 οὐδὲν
1287 1613 1353 1659 γοίρ

344 1655 469 1688 κωλύει
494 1656 540 1700 μή
568 1656 641 1701 ἅμα
666 1656 768 1701 ἔχειν.

273 1701 393 1738 Ἱκανή
418 1696 455 1733 δὲ
482 1703 597 1740 πίστις
621 1701 680 1733 καὶ
706 1700 743 1733 ἑκ
769 1701 832 1738 τῆς
858 1699 1057 1746 ἐπαγωγῆς·
1084 1694 1182 1732 οὐδὲν
1203 1701 1268 1747 γοὶρ
1287 1701 1355 1734 πιό-

346 1758 433 1779 ποτε
453 1745 646 1791 ὁρισάμενοι
667 1745 828 1792 ἔγνωμεν,
848 1745 928 1777 οὔτε
954 1746 1022 1777 τῶν
1039 1743 1114 1776 καθ’
1137 1745 1226 1778 αὐτὸ
1249 1747 1357 1792 ὓπαρ-

343 1790 478 1837 χόντων
506 1790 584 1824 οὔτε
610 1791 677 1823 τῶν
703 1788 982 1833 συμβεβηκότων.

269 1836 350 1868 Ἔτι
374 1837 402 1868 εἱ
429 1837 445 1868 ὁ
472 1835 606 1880 ὁρισμὸς
632 1835 749 1872 οὐσίας
774 1847 827 1873 τις
851 1832 1050 1880 γνωρισμός,
1077 1832 1125 1866 τοί
1141 1846 1179 1880 γε
1201 1835 1354 1867 τοιαῦτα

345 1880 487 1926 φανερὸν
515 1879 568 1913 ὅτι
594 1880 655 1912 οὐκ
680 1879 806 1912 οὐσίαι.
825 1878 904 1911 ‘'Ox-1.
957 1878 988 1910 ἐν
1015 1876 1071 1910 οὖν
1099 1878 1158 1910 οὐκ
1177 1879 1268 1912 ἔστιν
1288 1881 1352 1923 ὁρι-

345 1926 429 1971 σμός
457 1925 613 1963 ἅπαντος
638 1923 741 1969 οὗπερ
765 1926 823 1956 καὶ
851 1922 1038 1965 οἱπόὸειξις,
1065 1917 1182 1960 δῆλον.

277 2009 317 2042 Τί
341 2004 372 2040 δ’
401 2006 440 2040 οὗ
465 2005 614 2052 ὁρισμός,
634 2004 700 2050 ἄρα
726 2006 856 2044 παντὸς
885 2000 1059 2046 ἀπόδειξίς
1082 2006 1172 2039 ἐστιν
1191 2005 1213 2044 ἦ
1231 2007 1290 2047 οὕς
1308 2008 1354 2045 εἷς

345 2052 406 2096 μὲν
431 2048 476 2088 δή
507 2051 610 2098 λόγος
641 2053 700 2083 καὶ
735 2053 810 2094 περὶ
839 2050 968 2083 τούτου
995 2052 1011 2083 ὁ
1037 2049 1158 2089 αὐτός.
1191 2053 1258 2083 Τοῦ
1287 2053 1353 2098 γαρ

346 2097 433 2138 ένός,
453 2097 474 2140 ᾖ
493 2094 541 2138 ἕν,
560 2098 623 2140 μία
640 2095 830 2140 ἐπιστήμη.
849 2094 946 2128 “Ὠστ’
976 2097 1067 2139 εἴπερ
1085 2096 1127 2129 τὸ
1144 2097 1354 2130 ἐπίστασθαι

345 2143 388 2176 τὸ
416 2138 621 2174 ἀποδεικτόν
648 2141 721 2173 ἐστὶ
747 2141 789 2173 τό
815 2141 880 2178 τήν
908 2135 1081 2181 ἀπόδειξιν
1101 2140 1204 2186 ἔχειν,
1224 2143 1356 2188 συμβή-

344 2189 447 2220 σεταί
472 2197 507 2219 τι
533 2182 719 2219 ἀδύνατον·
740 2186 756 2217 ὁ
773 2186 839 2232 γαὶρ
857 2186 918 2219 τόν
936 2185 1071 2231 ὁρισμὸν
1087 2186 1173 2232 ἔχων
1193 2186 1271 2220 α”νευ
1289 2189 1353 2227 τῆς

346 2228 552 2272 ἀποδείξεως
578 2230 820 2268 ἐπιστήσεται.

269 2277 348 2311 Ἔτι
374 2279 411 2309 αἱ
437 2276 542 2322 ἀρχαὶ
566 2277 634 2308 τῶν
661 2270 868 2317 ἀποδείξεων
888 2275 1031 2319 ὁρισμοί,
1049 2274 1092 2306 ὧν
1112 2274 1167 2308 ὅτι
1185 2276 1244 2308 οὐκ
1262 2277 1355 2310 ἔσον-

344 2333 406 2356 ται
432 2319 623 2362 ἀποδείξεις
655 2316 832 2353 δέδεικται
863 2319 1041 2364 πρότερον.
1066 2318 1113 2351 ’Ἡ
1146 2320 1284 2355 ἔσονται
1317 2326 1352 2355 αἱ

347 2367 451 2412 ἀρχαὶ
478 2363 686 2398 ἀποδεικταὶ
708 2367 768 2397 καὶ
792 2366 859 2399 τῶν
887 2364 998 2410 ἀρχῶν
1025 2364 1142 2409 ἀρχαί,
1168 2368 1227 2398 καὶ
1248 2368 1348 2400 τοῦτ’

345 2412 391 2449 εἰς
418 2409 555 2456 ἄπειρον
581 2406 770 2452 βαδιεῖται·
797 2409 818 2447 ἦ
844 2410 893 2442 τοὶ
917 2410 1038 2454 πρῶτα
1065 2410 1194 2454 ὁρισμοὶ
1214 2410 1352 2445 ἔσονται

348 2451 608 2489 ἀναπόδεικτοι.

269 2501 362 2533 Ἀλλ’
395 2499 475 2545 ἆρα,
501 2501 530 2532 εὶ
555 2499 602 2545 μή
628 2499 761 2537 παντὸς
793 2498 856 2531 τοῦ
890 2498 1022 2540 αὑτοῦ,
1057 2497 1147 2531 ἄλλοί
1170 2511 1261 2538 τινος
1287 2501 1352 2533 τοῦ

344 2546 455 2579 αὐτοῦ
481 2546 572 2578 ἐστὶν
599 2544 734 2588 ὀρισμός
755 2546 813 2576 καὶ
833 2539 1028 2584 ἀπόδειξις;
1056 2541 1077 2580 ἦ
1101 2538 1293 2588 ἀδόνατον;
1313 2546 1352 2578 οὐ

343 2590 410 2637 γοίρ
435 2590 528 2622 ἐστιν
561 2586 734 2630 ἀπόδειξις
768 2589 807 2621 οὗ
833 2587 979 2632 ὁρισμός.
1009 2589 1162 2632 Ὁρισμὸς
1193 2589 1254 2633 μὲν
1285 2591 1351 2636 γὰρ

343 2635 407 2669 τοῦ
432 2637 466 2668 τί
492 2635 566 2667 ἐστι
589 2636 648 2666 καὶ
675 2634 805 2672 οὐσίας·
833 2636 868 2665 αἱ
893 2629 923 2665 δ’
955 2628 1144 2674 ἀποδείξεις
1170 2636 1351 2678 φαίνονται

344 2681 456 2712 πᾶσαι
481 2678 727 2723 ὑποτιθέμεναι
750 2681 810 2710 καὶ
833 2677 1075 2723 λαμβάνουσαι
1100 2678 1142 2711 τὸ
1167 2681 1202 2711 τί
1235 2679 1350 2721 ἐστιν,

344 2724 414 2757 οἷον
441 2726 477 2756 αἱ
502 2723 744 2768 μαθηματικαὶ
769 2725 803 2756 τί
827 2722 932 2767 μονοὶς
960 2724 1020 2755 καὶ
1044 2725 1079 2755 τί
1104 2722 1146 2756 τὸ
1172 2723 1349 2766 περιττόν,

342 2771 402 2801 καὶ
428 2771 463 2801 αἱ
491 2769 594 2801 ἄλλαι
621 2770 755 2813 ὁμοίως.

268 2812 348 2847 Ἐτι
373 2814 472 2846 πᾶσα
498 2808 672 2854 ἀπόδειξις
697 2814 732 2845 τὶ
756 2811 852 2845 κατοί
876 2823 966 2848 τινος
991 2805 1173 2852 δείκνυσιν,
1201 2812 1269 2844 οἷον
1296 2811 1350 2846 ὅτι

343 2858 436 2891 ἔστιν
462 2856 483 2895 ἦ
510 2858 570 2890 οὐκ
602 2857 709 2890 ἔστιν·
741 2857 775 2889 ἑν
800 2852 839 2889 δὲ
871 2857 918 2899 τῷ
950 2857 1074 2900 ὁρισμῷ
1106 2852 1203 2889 οὐδέν
1236 2856 1350 2901 ἕτερον
1389 2864 1395 2870 “

344 2902 462 2947 ἑτέρου
485 2906 754 2949 κατηγορεῖται,
787 2902 856 2934 οἷον
882 2901 963 2933 οὔτε
989 2901 1031 2934 τὸ
1055 2902 1140 2944 ζῷον
1164 2902 1262 2934 κατοὶ
1286 2903 1351 2934 τοῦ

343 2942 483 2985 δίποδος
510 2947 590 2979 οὕτε
616 2948 723 2979 τοῦτο
748 2946 846 2979 κατα
869 2946 933 2978 τοῦ
957 2946 1056 2988 ζῴου,
1083 2941 1161 2978 οὐδὲ
1186 2941 1230 2983 δή
1254 2946 1352 2979 κατοὶ

343 2993 407 3024 τοῦ
431 2987 596 3024 ἐπιπέδου
621 2992 664 3024 τὸ
688 2991 822 3036 σχῆμα·
854 2991 892 3022 οὖ
926 2990 992 3034 γάρ
1019 2991 1093 3023 ἐστι
1118 2991 1161 3023 τό
1186 2986 1349 3023 ἐπίπεδον

343 3037 478 3091 σχῆμα,
505 3032 584 3068 οὐδὲ
608 3036 650 3068 τὸ
675 3037 795 3081 σχῆμα
819 3032 995 3068 ἐπίπεδον.

267 3080 346 3114 Ἔτι
371 3092 485 3124 ετερον
511 3081 554 3113 τὸ
578 3083 614 3113 τί
639 3080 714 3113 ἐστι
738 3081 797 3111 καὶ
822 3079 877 3113 ὅτι
903 3080 976 3113 ἐστὶ
1001 3074 1125 3120 δεῖξαι.
1147 3080 1184 3110 Ὀ
1208 3079 1268 3122 μὲν
1291 3078 1349 3112 οὖν

342 3126 478 3171 ὁρισμός
509 3127 543 3158 τί
570 3125 644 3157 ἐστι
674 3120 792 3165 δηλοῖ,
825 3126 845 3161 ή
871 3120 910 3156 δὲ
940 3119 1113 3164 ἀπόδειξις
1147 3122 1202 3156 ὅτι
1227 3123 1248 3161 ἦ
1275 3124 1349 3156 ἔστι

343 3166 426 3203 τόδε
458 3169 556 3202 κατσὶ
587 3164 690 3202 τοῦδε
724 3169 745 3207 ἦ
779 3167 839 3201 οὐκ
872 3169 976 3205 ἔστιν.
1007 3168 1145 3213 Ἐτέρου
1174 3164 1211 3199 δὲ
1244 3167 1348 3212 ἑτέρα

343 3210 541 3256 ἀπόδειξις,
568 3212 626 3247 ἐὰν
651 3214 699 3257 μή
725 3216 769 3253 ὠς
794 3213 891 3259 μέρος
918 3213 939 3256 ᾖ
964 3226 999 3246 τι
1024 3213 1087 3251 τῆς
1114 3212 1204 3250 ὅλης.
1236 3213 1347 3245 Τοῦτο

343 3255 381 3291 δὲ
404 3259 509 3306 λέγω,
537 3258 591 3292 ὅτι
615 3254 791 3292 δέδεικται
817 3259 858 3291 τὸ
883 3258 1054 3295 ἰσοσκελὲς
1079 3253 1140 3289 δύο
1166 3257 1292 3300 ὀρθαῖς,
1319 3258 1347 3288 εἱ

344 3305 413 3337 πᾶν
445 3304 608 3350 τρίγωνον
640 3299 829 3337 δέδεικται·
862 3303 960 3358 μέρος
993 3301 1080 3348 γσίρ,
1113 3301 1156 3334 τό
1189 3298 1218 3334 δ’
1255 3300 1344 3333 ὅλον.

342 3350 467 3382 Ταῦτα
490 3344 527 3381 δὲ
553 3348 634 3391 πρὸς
663 3349 798 3386 ἄλληλα
823 3349 884 3380 οὐκ
909 3359 979 3393 εχει
997 3346 1118 3387 οὕτως,
1138 3345 1180 3378 τὸ
1200 3345 1255 3379 ὅτι
1273 3345 1347 3378 ἔστι

341 3395 401 3426 καὶ
425 3396 459 3426 τί
486 3394 592 3426 ἐστιν·
625 3394 662 3425 οὗ
686 3393 752 3440 γάρ
778 3394 852 3425 ἐστι
881 3391 1026 3434 θατέρου
1061 3389 1202 3434 θάτερον
1233 3389 1344 3435 μέρος.

342 3438 491 3483 Φανερὸν
527 3438 591 3483 ἄρα
618 3437 671 3470 ὅτι
697 3438 778 3470 οὔτε
808 3437 846 3469 οὕ
873 3436 1027 3482 ὁρισμός,
1055 3434 1183 3468 τούτου
1215 3434 1345 3472 παντὸς

346 3479 538 3524 ἀπόδειξις,
571 3482 649 3515 οὔτε
680 3482 718 3514 οὗ
745 3477 939 3522 ἀπόδειξις,
965 3479 1093 3513 τούτου
1126 3479 1255 3517 παντὸς
1283 3479 1347 3522 ὁρι-

342 3528 438 3572 σμός·
458 3527 546 3560 ὥστε
565 3526 648 3565 ὅλως
666 3528 729 3560 τοῦ
748 3527 858 3559 αὐτοῦ
875 3521 1008 3562 οὐδενὸς
1042 3519 1222 3569 ἐνδέχεται
1249 3523 1346 3567 ἄμφω

344 3573 445 3618 ἔχειν.
471 3572 575 3604 ’Ὦστε
609 3567 714 3608 δῆλον
739 3573 780 3610 ὠς
805 3565 885 3603 οὐδὲ
920 3569 1052 3613 ὁρισμὸς
1085 3570 1144 3600 καὶ
1174 3563 1346 3609 ἀπόδειξις

344 3620 424 3651 οὔτε
445 3618 488 3650 τὰ
513 3615 602 3650 αὐτό
630 3616 670 3649 ἄν
695 3619 745 3654 εἴη
779 3615 859 3649 οὔτε
889 3614 1032 3660 Θοίτερον
1058 3614 1091 3646 ἐν
1116 3612 1261 3658 θατέρῳ·
1285 3613 1346 3645 καὶ

1412 805 1429 824 *
1446 806 1624 843 Quomodo
1641 814 1748 838 autem
1763 810 1852 849 quod
1866 811 1943 850 quid
1959 819 2005 842 est
2021 813 2262 854 demonstretur,
2278 823 2308 847 et
2319 817 2390 858 quis
2406 828 2478 848 mo-

1479 852 1539 881 dus
1563 852 1766 891 reductionis,
1784 861 1814 884 et
1838 855 1915 894 quid
1940 863 1985 886 est
2005 856 2156 897 definitio,
2174 866 2204 890 et
2220 870 2371 901 quorum,
2396 862 2476 893 dice-

1478 905 1569 934 mus,
1594 904 1794 936 opponentes
1818 899 1959 937 primum
1979 900 2016 930 de
2039 900 2125 940 ipsis.

1410 938 1428 957 *
1443 938 1641 980 Principium
1661 948 1768 971 autem
1785 941 1823 972 sit
1843 942 2024 974 futurorum
2041 946 2129 985 quod
2145 957 2215 977 vere
2235 947 2273 978 sit
2288 950 2388 989 magis
2403 961 2476 990 pro-

1478 984 1584 1024 prium
1594 985 1772 1016 habitarum
1786 986 1955 1018 rationum.
1970 989 2132 1020 Dubitabit
2143 991 2225 1021 enim
2241 993 2354 1034 aliquis
2368 1002 2477 1025 utrum

1478 1029 1518 1059 sit
1532 1029 1618 1059 idem
1644 1037 1674 1060 et
1693 1032 1868 1061 secundum
1893 1032 1978 1062 idem
2001 1033 2183 1065 definitione
2207 1037 2282 1067 scire
2299 1045 2329 1068 et
2344 1039 2478 1070 demon-

1479 1074 1639 1113 stratione,
1655 1082 1711 1105 aut
1732 1075 1938 1115 impossibile.

1411 1116 1562 1148 Definitio
1587 1119 1718 1159 quidem
1742 1119 1827 1150 enim
1848 1120 1946 1160 ipsius
1967 1121 2056 1161 quod
2075 1123 2153 1163 quid
2177 1131 2222 1155 est
2246 1135 2311 1156 esse
2333 1127 2475 1166 videtur;

1478 1163 1567 1203 quod
1591 1170 1698 1193 autem
1722 1164 1800 1204 quid
1816 1171 1862 1194 est
1881 1175 1977 1194 omne
1994 1166 2167 1197 universale
2187 1175 2216 1198 et
2231 1171 2478 1208 praedicativum

1479 1214 1535 1238 est.
1559 1207 1743 1248 Syllogismi
1767 1215 1874 1238 autem
1904 1216 1978 1239 sunt
2001 1210 2052 1239 alii
2083 1211 2214 1251 quidem
2237 1214 2395 1254 privativi,
2425 1217 2477 1247 alii

1477 1261 1553 1281 vero
1577 1262 1645 1282 non
1668 1253 1874 1292 universales;
1901 1253 1980 1283 sicut
2003 1254 2036 1284 in
2065 1257 2201 1286 secunda
2224 1258 2354 1297 quidem
2376 1260 2476 1301 figura

1477 1295 1622 1336 privativi
1647 1307 1759 1327 omnes
1783 1305 1868 1335 sunt,
1885 1297 1918 1327 in
1941 1298 2031 1328 tertia
2053 1310 2127 1330 vero
2151 1311 2215 1331 non
2232 1302 2431 1336 universales.

1410 1339 1524 1370 Postea
1548 1350 1653 1381 neque
1677 1351 1800 1381 eorum,
1817 1351 1898 1383 quae
1923 1350 1996 1373 sunt
2018 1343 2051 1373 in
2074 1345 2176 1384 prima
2192 1345 2302 1385 figura,
2320 1349 2476 1388 praedica-

1477 1384 1618 1415 tivorum
1643 1386 1789 1416 omnium
1806 1394 1852 1417 est
1869 1386 2028 1426 definitio;
2049 1396 2084 1419 ut
2107 1390 2195 1429 quod
2219 1392 2322 1422 omnis
2339 1393 2477 1433 triangu-

1476 1429 1527 1459 lus
1544 1430 1671 1460 duobus
1687 1431 1778 1461 rectis
1798 1431 1944 1471 aequales
1961 1432 2064 1463 habet.
2081 1434 2187 1464 Huius
2204 1442 2310 1466 autem
2326 1437 2404 1467 ratio
2421 1445 2477 1478 est,

1477 1474 1632 1514 quoniam
1655 1475 1732 1505 scire
1756 1476 2000 1506 demonstrabile
2024 1485 2070 1508 est
2095 1479 2399 1512 demonstrationem
2421 1482 2477 1513 ha-

1476 1519 1559 1549 bere.
1585 1519 1692 1556 Quare
1714 1520 1740 1550 si
1762 1520 1795 1550 in
1819 1521 1934 1550 talibus
1956 1521 2184 1554 demonstratio
2200 1531 2256 1564 est,
2273 1526 2478 1557 manifestum

1477 1570 1523 1593 est
1538 1564 1628 1603 quod
1649 1574 1716 1594 non
1739 1565 1797 1595 erit
1819 1565 1964 1605 ipsorum
1979 1565 2130 1598 definitio.
2153 1568 2235 1599 Sciet
2258 1570 2344 1600 enim
2367 1571 2477 1612 utique

1476 1607 1590 1647 aliquis
1614 1614 1644 1638 et
1668 1610 1845 1640 secundum
1869 1609 2085 1641 definitionem
2109 1623 2175 1643 non
2200 1613 2319 1644 habens
2343 1616 2475 1646 demon-

1476 1651 1669 1683 strationem.
1694 1653 1782 1684 Nihil
1805 1653 1891 1684 enim
1913 1655 2059 1694 prohibet
2082 1666 2148 1687 non
2173 1658 2269 1688 simul
2291 1659 2415 1691 habere.

1408 1695 1574 1727 Sufficiens
1597 1704 1705 1727 autem
1737 1697 1814 1728 fides
1838 1706 1884 1729 est
1907 1708 1944 1729 ex
1971 1699 2164 1733 inductione.
2190 1703 2276 1733 Nihil
2309 1704 2394 1734 enim
2422 1705 2476 1735 ali-

1475 1742 1605 1781 quando
1624 1742 1806 1774 definientes
1828 1752 2030 1784 cognoscent,
2052 1755 2155 1787 neque
2179 1757 2291 1778 eorum
2314 1759 2396 1789 quae
2420 1759 2477 1790 per

1476 1795 1509 1816 se
1531 1785 1650 1826 insunt,
1670 1797 1774 1828 neque
1797 1798 1878 1829 quae
1901 1789 2010 1820 insunt
2033 1792 2208 1822 secundum
2232 1793 2384 1824 accidens.

1407 1829 1556 1871 Amplius
1580 1830 1606 1860 si
1629 1831 1769 1863 definitio
1802 1833 1992 1863 substantiae
2022 1837 2179 1875 quaedam
2211 1844 2257 1868 est
2280 1837 2474 1876 notificatio,

1475 1874 1661 1906 huiusmodi
1685 1876 1888 1908 manifestum
1912 1885 1958 1909 est
1981 1880 2069 1919 quod
2092 1891 2159 1911 non
2190 1881 2251 1912 sint
2274 1883 2473 1913 substantiae.

1476 1919 1574 1957 Quod
1597 1921 1727 1961 quidem
1750 1922 1844 1963 igitur
1867 1932 1933 1952 non
1958 1930 2004 1953 est
2027 1924 2167 1956 definitio
2192 1927 2296 1957 omnis
2321 1927 2409 1958 cuius
2429 1934 2475 1957 est

1475 1971 1506 1994 et
1529 1965 1767 2005 demonstratio,
1785 1967 1988 1997 manifestum
2012 1975 2067 1999 est.

1408 2008 1496 2045 Quid
1513 2017 1630 2049 autem,
1647 2011 1737 2042 cuius
1754 2018 1800 2042 est
1815 2011 1968 2050 definitio,
1985 2012 2143 2054 numquid
2159 2015 2264 2045 omnis
2281 2021 2327 2046 est
2343 2016 2474 2046 demon-

1475 2054 1596 2093 stratio,
1607 2062 1662 2086 aut
1677 2054 1761 2086 non?
1777 2056 1848 2087 Una
1864 2056 1995 2097 quidem
2010 2057 2074 2087 iam
2090 2058 2168 2089 ratio
2186 2067 2216 2090 et
2231 2060 2270 2090 de
2285 2060 2347 2090 hoc
2363 2061 2474 2091 eadem

1476 2106 1532 2129 est.
1558 2100 1660 2130 Unius
1684 2101 1780 2139 enim,
1804 2101 1838 2131 in
1862 2108 2019 2141 quantum
2042 2113 2154 2142 unum,
2180 2114 2244 2134 una
2266 2111 2312 2135 est
2335 2105 2473 2136 scientia.

1476 2143 1582 2180 Quare
1606 2144 1631 2174 si
1647 2155 1719 2175 vere
1738 2145 1815 2175 scire
1840 2146 2082 2177 demonstrabile
2104 2155 2150 2179 est
2172 2149 2474 2180 demonstrationem

1475 2187 1600 2227 habere,
1612 2189 1730 2220 accidet
1745 2190 1909 2230 quoddam
1925 2190 2129 2231 impossibile.
2147 2192 2372 2223 Definitionem
2387 2193 2473 2223 enim

1475 2231 1593 2263 habens
1617 2234 1683 2264 sine
1707 2234 1975 2265 demonstratione
1999 2236 2100 2267 sciret.

1407 2277 1556 2316 Amplius
1573 2278 1726 2318 principia
1741 2279 2048 2310 demonstrationum
2066 2280 2262 2311 definitiones
2279 2288 2368 2312 sunt:
2390 2291 2474 2322 quo·

1475 2332 1548 2352 rum
1571 2332 1638 2352 non
1662 2333 1728 2353 esse
1752 2324 2035 2355 demonstrationes
2064 2333 2276 2356 monstratum
2299 2333 2345 2356 est
2368 2326 2472 2366 prius:

1474 2373 1529 2397 aut
1545 2367 1630 2397 enim
1646 2375 1738 2398 erunt
1753 2369 1908 2409 principia
1923 2369 2189 2408 demonstrabilia,
2201 2378 2231 2401 et
2243 2370 2472 2410 principiorum

1474 2411 1638 2451 principia,
1656 2419 1686 2443 et
1701 2413 1763 2443 hoc
1786 2413 1819 2443 in
1842 2413 2003 2444 infinitum
2026 2414 2138 2453 abibit;
2159 2421 2213 2445 aut
2228 2415 2348 2455 primae
2365 2414 2474 2445 defini-

1474 2455 1577 2486 tiones
1601 2464 1693 2487 erunt
1715 2457 2017 2489 indemonstrabiles.

1407 2498 1470 2529 Sed
1492 2507 1599 2531 utrum
1624 2501 1650 2531 si
1673 2512 1739 2532 non
1763 2503 1869 2532 omnis
1893 2502 2045 2541 eiusdem,
2067 2502 2122 2533 sed
2145 2503 2311 2533 cuiusdam
2334 2502 2474 2534 eiusdem

1474 2545 1514 2576 sit
1537 2545 1678 2577 definitio
1702 2554 1734 2577 et
1756 2547 2002 2586 demonstratio,
2029 2554 2083 2578 aut
2105 2547 2300 2587 impossibile
2323 2546 2381 2578 sit?
2399 2548 2474 2578 Non

1474 2597 1521 2621 est
1544 2591 1772 2622 demonstratio
1805 2592 1895 2622 cuius
1919 2599 1964 2622 est
1987 2591 2139 2623 definitio.
2164 2592 2314 2623 Definitio
2344 2592 2475 2633 quidem

1473 2635 1573 2676 ipsius
1597 2636 1674 2677 quid
1698 2643 1744 2667 est
1760 2643 1790 2667 et
1813 2636 2004 2667 substantiae
2028 2643 2087 2667 est:
2114 2637 2168 2667 sed
2192 2636 2474 2667 demonstrationes

1473 2680 1620 2711 videntur
1652 2691 1765 2711 omnes
1800 2691 1981 2721 supponere
2005 2691 2090 2719 esse,
2119 2688 2149 2712 et
2172 2682 2357 2722 accipientes
2385 2680 2475 2722 quod

1475 2725 1553 2766 quid
1568 2732 1630 2763 est;
1647 2732 1682 2756 ut
1698 2726 1937 2756 mathematicae
1953 2725 2031 2766 quid
2047 2726 2150 2756 unitas
2175 2733 2205 2756 et
2221 2726 2299 2766 quid
2314 2726 2426 2766 impar,
2444 2731 2475 2756 et

1475 2771 1552 2801 aliae
1576 2770 1726 2801 similiter.

1406 2815 1555 2855 Amplius
1580 2815 1685 2845 omnis
1702 2814 1928 2845 demonstratio
1945 2814 2066 2855 aliquid
2081 2814 2120 2844 de
2143 2814 2251 2854 aliquo
2269 2814 2472 2852 demonstrat,

1473 2866 1509 2890 ut
1532 2859 1607 2900 quia
1631 2867 1677 2890 est
1697 2866 1833 2890 autnon
1857 2866 1920 2889 est:
1941 2859 1974 2888 in
1998 2858 2181 2888 definitione
2205 2865 2311 2888 autern
2330 2858 2374 2887 nil
2398 2858 2472 2888 alte-

1473 2914 1546 2934 rurn
1570 2904 1608 2934 de
1632 2904 1730 2934 altero
1755 2903 1967 2944 praedicatur,
1994 2910 2030 2934 ut
2053 2912 2156 2942 neque
2181 2903 2268 2943 quod
2292 2902 2408 2932 animal
2433 2902 2472 2932 de

1473 2949 1597 2989 bipede,
1615 2958 1719 2989 neque
1743 2948 1803 2978 hoc
1828 2948 1865 2977 de
1889 2947 2026 2985 animali,
2044 2957 2148 2987 neque
2172 2947 2210 2976 de
2233 2946 2328 2986 plano
2350 2945 2470 2985 figura;

1472 3002 1576 3033 neque
1600 2992 1685 3023 enim
1707 2993 1840 3033 planum
1864 2998 1910 3022 est
1932 2991 2042 3031 figura,
2060 3001 2163 3031 neque
2186 2990 2285 3030 figura
2305 2990 2448 3030 planum.

1405 3081 1554 3120 Amplius
1570 3081 1704 3111 alterum
1719 3087 1765 3111 est
1780 3080 1867 3121 quod
1883 3079 1959 3120 quid
1976 3086 2032 3118 est,
2043 3085 2073 3109 et
2091 3079 2166 3119 quia
2185 3085 2231 3109 est
2247 3079 2470 3109 demonstrare.

1471 3124 1622 3155 Definitio
1646 3125 1776 3165 quidem
1799 3125 1893 3164 igitur
1916 3124 1993 3164 quid
2017 3130 2062 3154 est
2085 3123 2221 3153 ostendit
2229 3131 2238 3161 ;
2259 3123 2312 3152 sed
2339 3122 2470 3152 demon-

1472 3169 1579 3199 stratio
1610 3169 1685 3209 quia
1709 3176 1754 3199 est
1776 3169 1839 3198 hoc
1863 3169 1901 3198 de
1924 3168 1986 3198 hoc
2009 3174 2064 3198 aut
2087 3178 2152 3197 non
2177 3174 2231 3197 est.
2260 3167 2394 3196 Alterius
2413 3176 2470 3196 au-

1471 3220 1536 3243 tem
1566 3213 1661 3243 altera
1689 3212 1915 3242 demonstratio
1944 3219 2007 3250 est,
2036 3212 2095 3242 nisi
2125 3211 2163 3241 sit
2190 3218 2342 3251 tanquam
2372 3220 2469 3251 quae-

1471 3258 1546 3287 dam
1569 3267 1639 3297 pars
1663 3257 1770 3287 totius.
1787 3257 1860 3287 Hoc
1883 3263 1990 3286 autem
2014 3256 2101 3293 dico,
2128 3255 2282 3295 quoniam
2306 3261 2470 3285 ostensum

1471 3309 1517 3332 est
1546 3301 1635 3342 quod
1658 3301 1803 3331 isosceles
1832 3301 1958 3330 duobus
1986 3300 2076 3330 rectis
2104 3300 2197 3330 habet
2220 3299 2366 3339 aequales
2389 3306 2469 3337 tres,

1470 3346 1496 3376 si
1520 3345 1625 3375 omnis
1650 3351 1794 3375 ostensus
1827 3351 1873 3375 est
1895 3344 2088 3384 triangulus:
2115 3354 2185 3384 pars
2209 3343 2293 3374 enirn
2318 3350 2382 3380 est,
2407 3342 2470 3373 hoc

1470 3397 1577 3421 autem
1600 3396 1715 3420 toturn.
1742 3390 1829 3419 Haec
1853 3396 1959 3419 autem
1983 3389 2020 3418 ad
2041 3388 2177 3418 invicem
2209 3398 2274 3430 non
2299 3397 2331 3417 se
2353 3387 2472 3417 habent

1470 3435 1524 3473 sic,
1542 3441 1572 3465 et
1595 3433 1670 3475 quia
1693 3440 1738 3464 est
1762 3440 1792 3463 et
1815 3433 1892 3474 quid
1916 3439 1971 3463 est.
1994 3433 2067 3462 Non
2091 3433 2176 3462 enim
2199 3432 2333 3462 alterum
2356 3438 2402 3461 est
2425 3431 2470 3461 al-

1469 3479 1565 3510 terius
1588 3488 1669 3518 pars.
1695 3477 1898 3508 Manifestum
1926 3477 2032 3517 itaque
2061 3483 2107 3507 est
2139 3476 2228 3517 quod
2251 3485 2354 3516 neque
2378 3475 2470 3505 cuius

1470 3530 1517 3554 est
1540 3522 1692 3560 definitio,
1709 3522 1814 3552 omnis
1829 3521 1867 3552 sit
1883 3521 2120 3558 demonstratio,
2138 3530 2241 3561 neque
2257 3520 2347 3551 cuius
2363 3519 2469 3549 omnis

1470 3568 1509 3599 sit
1533 3566 1770 3602 demonstratio,
1787 3566 1881 3596 huius
1898 3566 2003 3596 omnis
2019 3566 2057 3596 sit
2073 3565 2223 3595 definitio.
2242 3565 2348 3602 Quare
2364 3563 2469 3594 omni-

1469 3623 1514 3643 no
1538 3612 1680 3642 eiusdem
1703 3610 1821 3642 nullius
1845 3610 1999 3650 contingit
2022 3610 2135 3640 habere
2159 3617 2339 3650 utrumque.
2366 3607 2468 3639 Mani-

2503 819 2511 827 ·
2529 818 2585 845 Cap.
2596 825 2647 840 ω.-
2660 820 2714 848 Seq.

2503 848 2558 866 text.
2569 851 2585 866 ι.

2503 952 2513 963 “
2527 951 2586 973 Text
2591 967 2596 973 .
2613 957 2633 973 2.
