2788 4204
63 2848 74 2857 '
83 2846 155 2868 Num.
166 2852 215 2873 seq.

62 2874 85 2883 ·”
95 2873 166 2895 Num.
176 2878 196 2900 3.

1163 288 1274 324 CAP.
1305 287 1376 334 XI,
1407 286 1557 324 LECT.
1588 287 1638 324 VI

2442 298 2491 334 99

1047 494 1392 550 LECTIO
1438 495 1755 552 SEXTA

1207 635 1303 670 (Cam).
1323 637 1452 661 Cinariam
1472 637 1529 661 lect.
1544 635 1583 671 xv)

441 743 499 774 EX
522 743 751 780 AL1QU1BUS
774 743 934 774 DIVISIM
957 743 1242 774 PRAEDICATIS
1266 744 1322 773 DE
1347 743 1560 775 SUBIECTO
1586 744 1807 781 SEQUITUR
1831 744 2100 776 ENUNCIATIO
2124 745 2180 775 DE
2204 744 2361 775 EISDEM

584 803 861 835 CONIUNCTIM
885 804 927 834 IN
951 803 1104 834 EODEM
1127 803 1352 843 SUBIECTO,
1377 805 1435 835 EX
1457 805 1687 841 ALIQUIBUS
1709 805 1864 836 AUTEM
1886 805 1976 836 NON
2001 806 2219 843 SEQUITUR

296 931 399 963 Ἐπεὶ
415 924 453 961 δὲ
470 929 518 961 τά
535 929 594 974 μὲν
611 933 860 974 κατηγορεῖται
882 928 1115 973 συντιθέμενα,
1134 930 1176 966 ὠς
1194 929 1226 961 ἓν
1245 929 1286 961 τὸ
1305 929 1372 960 πᾶν
1429 932 1446 950 *
1462 931 1626 968 Quoniam
1656 941 1730 962 vero
1747 932 1824 962 haec
1848 933 1977 973 quidem
2006 934 2223 973 praedicantur
2246 936 2438 975 composita,
2460 943 2495 966 ut

503 973 510 984 1

373 986 603 1020 κατηγορημα
628 976 694 1006 τῶν
719 976 817 1027 χωρὶς
844 973 1162 1019 κατηγορουμένων,
1189 973 1237 1005 τά
1260 969 1289 1004 δ’
1320 973 1372 1004 οὔ·

375 1021 426 1056 τίς
451 1019 472 1055 ἡ
497 1014 661 1063 διαφοράς
687 1030 784 1050 κατα.
806 1018 871 1063 γάρ
896 1020 959 1050 τοῦ
987 1016 1161 1060 ἀνθρώπου
1189 1017 1309 1054 ἀληθὲς
1331 1017 1376 1048 εὶ-

375 1067 449 1095 πεῖν
473 1065 530 1094 καὶ
546 1069 605 1108 ’χω
626 1064 654 1100 ὶς
677 1063 776 1104 ζῷόν,
802 1064 861 1094 καὶ
885 1065 983 1107 χωρὶς
1009 1057 1146 1102 δίπουν,
1171 1063 1229 1092 καὶ
1255 1062 1374 1093 ταῦτα

374 1109 416 1144 ὠς
443 1106 488 1138 ἕν·
515 1110 573 1138 καὶ
601 1106 785 1151 ανθρωπον,
811 1109 869 1138 καὶ
893 1107 1026 1147 λευκόν,
1051 1108 1110 1137 καὶ
1131 1105 1229 1139 ταῦθ’
1257 1107 1299 1143 ὠς
1326 1104 1371 1137 ἐ’ν.

367 1152 459 1182 Ἀλλ’
493 1152 592 1196 οὐχί,
627 1151 654 1181 εἰ
691 1151 830 1188 σκυτεύς
865 1153 922 1182 καὶ
961 1149 1110 1196 ἀγαθός,
1143 1152 1201 1183 καὶ
1234 1150 1373 1186 σκυτευς

377 1194 516 1250 ἀγαθός.

305 1239 345 1270 Εἰ
369 1251 448 1285 γαρ,
467 1238 521 1271 ὅτι
546 1239 708 1283 ἑκάτερον
728 1237 862 1279 ἀληθές,
882 1235 967 1270 εἶναι
992 1235 1044 1269 δεῖ
1065 1239 1123 1269 καὶ
1141 1236 1183 1269 τὸ
1200 1236 1374 1280 συνάμφω,

376 1284 491 1316 πολλοὶ
513 1285 571 1315 καὶ
599 1282 717 1316 ἄτοπα
743 1283 854 1316 ἔσται.
890 1283 996 1315 Κατοὶ
1019 1282 1083 1328 γάρ
1109 1282 1172 1313 τοῦ
1193 1280 1375 1324 &vepatmu

374 1330 432 1360 καὶ
458 1328 499 1360 τὸ
526 1327 697 1372 ἄνθρωπος
717 1327 838 1365 ἀληθές
854 1328 913 1358 καὶ
930 1326 972 1359 τὸ
993 1325 1124 1357 λευκόν·
1150 1324 1238 1358 ὥστε
1258 1327 1316 1357 καὶ
1334 1326 1374 1357 τὸ

306 1394 358 1401 s»
376 1371 482 1404 ἅπαν.
508 1371 627 1413 Πάλιν,
647 1373 675 1403 εἰ
693 1372 734 1404 τὸ
757 1371 874 1403 λευκὸν
902 1370 1005 1410 αὐτό,
1023 1373 1081 1402 καὶ
1101 1370 1142 1402 τὸ
1161 1369 1267 1409 ἅπαν,
1286 1369 1373 1403 ὥστε

375 1417 474 1449 ἔσται
501 1416 671 1461 ἄνθρωπος
694 1415 811 1453 λευκὸς
834 1415 964 1455 λευκός,
991 1417 1048 1447 καὶ
1075 1415 1182 1447 τοῦτο
1208 1415 1252 1451 εἰς
1281 1414 1375 1446 α”πει-

373 1472 440 1505 ρον.
459 1462 525 1492 Καὶ
544 1460 646 1493 πάλιν
664 1459 835 1505 μουσικός,
853 1459 984 1500 λευκός,
1001 1456 1161 1502 βαδίζων·
1179 1461 1238 1490 καὶ
1255 1460 1375 1491 ταῦτα

373 1504 536 1543 πολλάκις
563 1504 783 1551 πεπλεγμένα
808 1505 852 1542 εἰς
882 1504 1031 1547 ἄπειρον.
1051 1503 1143 1544 Ἔτι,
1163 1504 1190 1534 εἰ
1209 1504 1225 1535 ὁ
1243 1503 1378 1546 Σωκρά-

373 1562 434 1587 της
461 1549 641 1594 Σωκράτης
665 1552 724 1581 καὶ
752 1549 937 1593 ἄνθρωπος,
955 1550 1013 1580 καὶ
1039 1547 1219 1592 Σωκράτης
1244 1547 1377 1591 Σωκρά-

374 1606 434 1631 της
463 1593 647 1638 ἄνθρωπος.
673 1596 739 1626 Καὶ
764 1595 792 1625 εἰ
811 1592 995 1637 ἄνθρωπος,
1013 1595 1070 1624 καὶ
1088 1588 1217 1630 δίπους·
1243 1595 1301 1624 καὶ
1321 1592 1377 1624 άν-

374 1638 503 1683 θρωπος
531 1639 700 1683 ἄνθρωπος
726 1633 857 1675 δίπους·
876 1637 954 1670 ‘'Oa-i.
978 1638 1037 1682 μὲν
1056 1636 1126 1678 οὖν,
1144 1640 1240 1675 εἴτις
1262 1638 1374 1674 ἁπλῶς

374 1682 471 1727 φήσει
496 1682 559 1720 τοὶς
585 1682 782 1726 συμπλοκάς
808 1682 973 1728 γίνεσθαι,
994 1681 1106 1714 πολλοὶ
1130 1682 1305 1726 συμβαίνει
1321 1681 1375 1713 λέ-

373 1739 444 1773 γειν
472 1727 608 1768 ἄτοπα,
634 1723 751 1764 δῆλον.
771 1727 883 1764 ’Όπως
909 1722 946 1758 δὲ
971 1725 1101 1767 θετέον,
1126 1726 1278 1772 λέγωμεν
1304 1726 1372 1758 νῦν.

307 1772 378 1803 Τῶν
410 1766 453 1808 δή
485 1771 812 1817 κατηγορουμένων,
846 1773 905 1803 καὶ
930 1772 977 1815 ἐφ’
1008 1771 1055 1808 οἷς
1086 1768 1375 1816 κατηγορεῖσθται

374 1816 564 1859 συμβαίνει,
585 1816 648 1849 ὅσα
666 1817 725 1848 υ.ε“ν
742 1815 885 1862 λέγεται
901 1815 997 1848 κατά
1014 1815 1224 1858 συμβεβηκὸς
1243 1813 1264 1851 ἢ
1281 1814 1376 1847 κατά

374 1861 437 1892 τοῦ
473 1860 582 1893 αὐτοῦ
616 1859 637 1897 ἦ
662 1846 805 1904 lid-reposo
837 1860 934 1892 κατά
965 1859 1129 1903 θατέρου,
1164 1860 1283 1892 ταῦτα
1315 1859 1375 1890 οὐκ

375 1903 473 1936 ἔσται
499 1903 550 1945 ἕν,
579 1905 646 1936 οἷον
675 1903 845 1948 ἄνθρωπος
870 1903 986 1942 λευκός
1012 1904 1086 1936 ἐστι
1110 1905 1169 1935 καὶ
1193 1902 1373 1948 μουσικός,

375 1948 448 1980 οἰλλΙ
477 1949 539 1994 οὐχ
557 1949 590 1980 ἓν
608 1949 649 1982 τὸ
665 1950 782 1981 λευκὸν
798 1950 855 1980 καὶ
875 1949 915 1980 τὸ
932 1948 1104 1991 μουσικόν·
1131 1946 1375 1992 συμβεβηκότα

373 1991 437 2035 wip
472 1992 569 2036 ἄμφω
602 1994 650 2035 τῷ
683 1994 790 2035 αύτῷ.
828 1987 904 2024 Οὐδ’
935 1994 962 2024 εἱ
993 1993 1034 2025 τὸ
1067 1990 1185 2025 λευκόν
1217 1992 1375 2036 μουσικὸν

376 2035 495 2075 αληθὲς
521 2038 643 2079 εἰπεῖν,
672 2037 757 2082 ὅμως
786 2038 844 2069 οὐκ
879 2037 977 2070 ἔσται
1003 2037 1044 2069 τὸ
1068 2037 1225 2081 μουσικόν
1257 2037 1374 2068 λευκὰν

374 2080 407 2113 ἕν
437 2093 485 2113 τι·
519 2082 616 2114 κατοὶ
647 2082 857 2126 συμβεβηκὸς
886 2082 950 2128 γάρ
981 2082 1022 2115 τὸ
1051 2082 1208 2126 μουσικόν
1240 2081 1373 2113 λευκόν·

373 2124 461 2157 ὥστε
487 2126 548 2158 οὐκ
573 2127 673 2159 ἔσται
699 2127 740 2159 τὸ
763 2126 881 2158 λευκὸν
898 2126 1056 2169 μουσικὸν
1083 2126 1115 2158 ἕν
1141 2139 1190 2159 τι.

308 2169 364 2201 Διὸ
389 2164 461 2201 οὐδ’
492 2172 507 2202 ὁ
532 2171 674 2208 σκυτεύς
702 2172 815 2208 άπλῶς
842 2170 990 2217 ἀγαθὸς,
1019 2171 1109 2203 ἀλλά,
1131 2172 1214 2214 ζῷον
1239 2165 1373 2202 δίπουν.

377 2214 414 2246 οὗ
432 2214 496 2259 γάρ
520 2215 617 2248 κατὰ.
640 2215 863 2259 συμβεβηκός.

300 2255 378 2289 Ἔτι
404 2254 473 2291 οὐδ’
504 2258 568 2291 ὅσα
593 2259 775 2305 ἐνυπάρχει
800 2261 833 2292 ἐν
858 2260 906 2300 τῷ
929 2258 1042 2304 ἑτέρῳ.
1070 2259 1126 2291 And
1144 2259 1223 2291 οὔτε
1243 2258 1284 2290 τὸ
1300 2260 1376 2290 λευ-

373 2303 432 2335 κόν
458 2303 636 2345 πολλάκις,
663 2305 744 2336 οὔτε
766 2305 781 2336 ὁ
801 2303 972 2347 ἄνθρωπος
992 2303 1162 2346 ἄνθρωπος
1179 2302 1263 2344 ξῷόν
1282 2303 1373 2334 ἐστιν

375 2345 397 2384 ’ἢ
418 2342 551 2423 διιῖἳπουν·
575 2348 756 2393 ἐνυπάρχει
773 2349 837 2394 γάρ
857 2350 889 2380 ἐν
908 2349 955 2390 τῷ
976 2347 1135 2392 ἀνθρώπῳ
1154 2348 1195 2380 τὸ
1213 2347 1296 2390 ζῷον
1314 2350 1372 2379 καὶ

375 2391 417 2423 τὰ
464 2394 574 2426 ίπουν.

440 2521 451 2532 ,
467 2532 481 2539 ³
498 2503 547 2543 ψ’.
559 2502 712 2538 ostquam
740 2493 914 2528 declaravit
937 2494 1155 2527 diversitatem
1181 2492 1371 2536 multiplicis

555 2688 685 2732 incipit;
696 2687 755 2720 ibi:
772 2688 884 2721 Verum
899 2694 999 2720 autem
1013 2693 1054 2720 est
1067 2687 1159 2721 dicere
1170 2687 1185 2703 *
1197 2696 1257 2719 etc.
1275 2687 1370 2720 Circa

305 2735 450 2778 primum
462 2735 521 2768 tria
540 2734 633 2768 facit:
651 2736 770 2779 primo,
789 2736 946 2779 proponit
963 2736 1206 2779 quaestionem
1224 2735 1369 2768 secundo

305 2783 449 2817 ostendit
477 2783 762 2817 rationabilitatem
790 2785 1008 2828 quaestionis;
1039 2783 1101 2816 ibi:
1138 2784 1170 2817 Si
1197 2785 1275 2817 enim
1298 2796 1369 2828 quo·

296 2832 389 2869 ,niam
400 2831 415 2849 *
432 2841 509 2873 etc.;
527 2833 635 2873 tertio,
649 2832 747 2865 solvit
762 2842 852 2873 eam;
871 2832 933 2865 ibi:
950 2833 1066 2866 Eorum
1084 2832 1221 2876 igitur**
1238 2842 1298 2866 ete.
1313 2834 1370 2866 Est

305 2891 384 2923 ergo
408 2880 568 2914 dubitatio
591 2882 710 2925 prima:
737 2882 850 2921 Quare
874 2893 913 2914 ex
941 2881 1103 2926 aliquibus
1128 2881 1257 2914 divisim
1281 2893 1370 2925 prae-

305 2927 418 2961 dicatis
441 2929 481 2962 de
505 2941 573 2962 uno
597 2931 746 2974 sequitur
761 2930 960 2969 enunciatio,
978 2930 1011 2962 in
1028 2941 1092 2974 qua
1113 2929 1235 2963 illamet
1259 2931 1368 2963 unitae

305 2975 532 3019 praedicantur
559 2977 598 3010 de
626 2977 762 3018 eodem,
791 2987 823 3011 et
838 2990 877 3010 ex
893 2977 1056 3022 aliquibus
1075 2990 1153 3011 non.
1176 2978 1272 3011 Unde
1289 2979 1368 3011 haec

305 3023 471 3057 diversitas
495 3026 620 3058 oritur?
643 3026 744 3059 Verbi
767 3027 887 3069 gratia;
916 3038 955 3059 ex
978 3027 1063 3066 istis,
1088 3026 1219 3060 Socrates
1242 3034 1282 3060 est
1305 3028 1370 3060 ani-

304 3072 368 3105 mal
396 3078 422 3105 et
437 3079 478 3105 est
493 3073 570 3117 bipes
582 3086 596 3113 ;
629 3074 786 3117 sequitur,
807 3085 873 3117 ergo
903 3074 1033 3107 Socrates
1060 3081 1100 3107 est
1128 3075 1246 3107 animal
1269 3075 1368 3118 bipes,-

304 3128 336 3152 et
352 3120 499 3153 similiter
515 3133 554 3154 ex
570 3122 638 3154 istis
649 3147 657 3161 ,
682 3122 814 3155 Socrates
829 3128 870 3154 est
885 3123 969 3155 homo
989 3129 1015 3156 et
1030 3129 1071 3155 est
1085 3123 1193 3162 albus;
1209 3124 1367 3167 sequitur,

303 3180 369 3212 ergo
387 3168 518 3202 Socrates
536 3176 577 3202 est
592 3170 676 3203 homo
692 3170 789 3203 albus.
810 3171 858 3203 Ex
874 3170 936 3203 illis
952 3182 1042 3211 vero,
1060 3171 1191 3205 Socrates
1206 3178 1247 3204 est
1263 3171 1366 3211 bonus,

303 3223 329 3249 et
352 3223 393 3249 est
416 3217 620 3257 citharoedus‚·
644 3229 713 3251 non
730 3219 886 3262 sequitur,
910 3230 976 3262 ergo
992 3225 1033 3252 est
1056 3219 1150 3252 bonus
1172 3219 1366 3252 citharoedus.

303 3265 400 3298 Unde
417 3277 607 3309 proponens
628 3267 854 3310 quaestionem
878 3268 998 3311 inquit:
1024 3268 1179 3309 Quoniam
1199 3279 1267 3300 vero
1285 3267 1365 3307 haec,

303 3313 426 3347 scilicet
445 3313 619 3357 praedicta,
635 3316 679 3347 ita
702 3314 930 3358 praedicantur
953 3316 1157 3358 composita,
1181 3315 1264 3348 idest
1293 3327 1368 3348 con-

302 3363 429 3402 iuncta,
453 3371 489 3394 ut
520 3374 625 3394 unum
659 3363 700 3394 sit
723 3361 1022 3406 praedicamentum
1039 3374 1122 3406 quae
1143 3371 1229 3395 extra
1242 3362 1367 3406 praedi-

303 3420 427 3451 cantur,
449 3410 542 3451 idest,
559 3420 596 3443 ut
611 3423 651 3443 ex
672 3412 718 3444 eis
740 3419 827 3444 extra
847 3411 1037 3454 praedicatis
1055 3412 1144 3444 unite
1168 3411 1223 3443 fiat
1242 3411 1367 3454 praedi-

302 3461 406 3500 cado,
428 3460 489 3493 alia
512 3471 590 3493 vero
608 3459 790 3503 praedicata
814 3471 882 3492 non
899 3468 975 3492 sunt
998 3459 1087 3499 talia,
1105 3471 1187 3503 quae
1212 3469 1260 3492 est
1283 3461 1367 3493 inter

302 3508 497 3548 differentia;
511 3508 597 3542 unde
609 3508 680 3542 talis
694 3509 872 3541 innascitur
885 3507 1074 3541 diversitas?
1088 3508 1128 3540 Et
1140 3507 1249 3540 subdit
1262 3520 1367 3541 exem-

301 3557 355 3601 pla
385 3559 450 3590 iam
475 3557 628 3597 adducta,
655 3566 687 3590 et
710 3556 750 3589 ad
773 3557 982 3600 propositum
1015 3555 1189 3599 applicata:
1222 3568 1364 3600 quorum

301 3607 445 3650 primum
475 3607 619 3639 continet
642 3605 824 3649 praedicata
848 3617 887 3638 ex
910 3604 1028 3649 quibus
1051 3604 1088 3637 fit
1111 3616 1214 3637 unum
1238 3616 1297 3648 per
1319 3616 1364 3645 se,

1497 985 1600 1006 unum
1630 985 1726 1005 omne
1752 976 1966 1016 praedicatum
1990 976 2043 1007 fiat
2067 988 2179 1008 eorum
2202 989 2283 1020 quae
2301 987 2385 1010 extra
2408 989 2494 1020 prae-

1497 1019 1656 1057 dicantur,
1686 1019 1746 1049 alia
1773 1030 1848 1050 vero
1872 1021 1954 1058 non}
1983 1031 2064 1061 quae
2092 1022 2262 1053 differentia
2287 1022 2350 1054 est?
2373 1024 2421 1054 De
2439 1024 2495 1054 ho-

1497 1063 1582 1093 mine
1603 1063 1688 1093 enim
1706 1073 1818 1094 verum
1842 1071 1888 1095 est
1911 1065 2023 1102 dicere,
2048 1069 2185 1096 et'extra
2207 1067 2333 1106 animal,
2358 1075 2388 1098 et
2411 1075 2495 1098 extra

1497 1107 1603 1146 bipes;
1628 1114 1659 1137 et
1682 1107 1758 1137 haee
1782 1115 1818 1138 ut
1846 1116 1966 1138 unum:
1991 1116 2031 1147 et,
2051 1110 2226 1149 hominem,
2251 1118 2290 1149 et,
2314 1112 2440 1150 album;
2465 1118 2495 1142 et

1498 1151 1574 1181 haec
1603 1157 1638 1181 ut
1666 1161 1778 1182 unum.
1811 1152 1873 1182 Sed
1901 1163 1966 1182 non
2006 1153 2031 1183 si
2060 1154 2257 1185 citharoedus
2288 1155 2493 1197 (coriarius)

1498 1202 1544 1225 est
1568 1202 1598 1225 et
1621 1195 1736 1233 bonus,
1762 1196 1856 1227 etiam
1880 1196 2077 1227 citharoedus
2102 1197 2302 1240 (coriarius)
2326 1200 2441 1230 bonus.

1431 1241 1463 1271 Si
1488 1239 1574 1269 enim
1597 1239 1751 1279 quoniam
1776 1247 1946 1280 utrunque,
1970 1251 2092 1278 verum,
2117 1252 2183 1272 esse
2207 1250 2332 1282 oportet
2351 1251 2381 1274 et
2400 1244 2494 1275 simul

1498 1290 1658 1323 utrunque
1677 1284 1778 1314 multa
1801 1284 2054 1315 inconvenientia
2073 1293 2173 1316 erunt.
2198 1287 2246 1316 De
2260 1287 2390 1317 homine
2409 1288 2494 1318 enim

1498 1337 1609 1357 verum
1639 1335 1686 1358 est
1715 1335 1746 1358 et
1773 1328 1959 1366 hominem,
1993 1336 2023 1359 et
2051 1330 2159 1360 album
2192 1331 2311 1368 dicere;
2344 1342 2440 1372 quare
2464 1339 2494 1362 et

1499 1382 1606 1402 omne.
1631 1373 1752 1403 Rursus
1776 1372 1801 1402 si
1826 1372 1954 1411 album,
1979 1380 2010 1403 et
2032 1383 2140 1404 omne.
2175 1375 2279 1411 Quare
2310 1375 2367 1406 erit
2394 1376 2493 1406 homo

1498 1416 1587 1446 albus
1611 1417 1719 1454 albus;
1748 1423 1778 1447 et
1800 1417 1862 1447 hoc
1892 1417 1925 1446 in
1954 1417 2123 1448 infinitum.
2149 1418 2190 1448 Et
2218 1429 2324 1449 rursus
2354 1420 2494 1450 musicus

1498 1461 1587 1490 albus
1612 1461 1796 1498 ambulans3
1820 1468 1851 1491 et
1873 1461 1950 1492 haec
1966 1462 2076 1492 eadem
2097 1461 2274 1503 frequenter
2292 1463 2443 1503 implicita
2461 1464 2494 1494 in

1497 1503 1667 1535 infinitum.
1691 1505 1840 1544 Amplius
1863 1505 1888 1535 si
1913 1505 2065 1543 Socrates,
2090 1506 2232 1540 Socrates
2257 1513 2317 1545 est,
2334 1514 2363 1537 et
2377 1507 2493 1546 hom03

1498 1556 1528 1579 et
1551 1549 1693 1579 Socrates
1717 1549 1859 1580 Socrates
1887 1550 2005 1588 homo;
2030 1557 2060 1580 et
2083 1550 2108 1580 si
2131 1550 2231 1581 homo
2255 1558 2286 1581 et
2308 1551 2413 1591 bipes,
2438 1551 2496 1582 erit

1498 1593 1597 1623 horno
1617 1593 1716 1623 homo
1737 1593 1834 1633 bipes·
1856 1593 1954 1630 Quod
1968 1594 2063 1633 igitur
2081 1594 2107 1625 si
2126 1595 2197 1635 quis
2217 1595 2399 1635 simpliciter
2414 1596 2495 1626 dicat

1498 1637 1734 1677 complexiones
1766 1637 1852 1675 fieri,
1883 1637 2020 1678 plurima
2039 1638 2291 1669 inconvenientia
2315 1639 2494 1679 contingere

1498 1681 1702 1711 manifestum
1722 1689 1776 1712 est.
1810 1682 2094 1718 Quemadmodum
2124 1684 2311 1723 ponendum
2342 1691 2388 1714 est
2410 1694 2494 1714 nunc

1497 1725 1643 1756 dicimus.

1430 1771 1555 1801 Eorum
1584 1770 1679 1809 igitur
1706 1779 1788 1810 quae
1813 1770 2042 1809 praedicantur,
2071 1777 2102 1801 et
2127 1771 2164 1801 de
2186 1771 2302 1812 quibus
2322 1772 2493 1812 praedicari

1498 1813 1611 1844 accidit
1626 1823 1847 1854 quaecumque
1864 1815 2039 1845 secundum
2056 1815 2198 1846 accidens
2215 1815 2372 1854 dicuntur,
2389 1816 2439 1846 vel
2455 1816 2493 1846 de

1498 1858 1622 1896 eodem,
1636 1858 1686 1888 vel
1705 1858 1838 1888 alterum
1858 1859 1895 1889 de
1911 1859 2020 1897 altero,
2033 1859 2109 1889 haec
2125 1870 2191 1889 non
2207 1867 2298 1890 erunt
2314 1868 2432 1898 unum;
2447 1867 2492 1898 ut,

1498 1902 1598 1932 homo
1622 1903 1711 1932 albus
1736 1909 1782 1932 est
1801 1909 1831 1932 et
1850 1903 2006 1940 musicus;
2032 1904 2086 1933 sed
2109 1914 2174 1933 non
2191 1911 2237 1934 est
2259 1914 2362 1934 unum
2385 1905 2493 1934 album

1498 1953 1528 1977 et
1551 1946 1727 1984 musicum;
1747 1947 1916 1977 accidentia
1937 1947 2022 1977 enim
2041 1954 2115 1977 sunt
2129 1955 2261 1988 utraque
2280 1948 2392 1979 eidem.
2417 1949 2493 1987 Nec,

1499 1991 1523 2021 si
1543 1991 1667 2029 album,
1691 1991 1851 2021 musicum
1874 2001 1985 2021 verum
2010 1998 2055 2022 est
2078 1991 2190 2029 dicere,
2215 1999 2320 2022 tamen
2345 2003 2411 2023 non
2438 1992 2495 2023 erit

1498 2035 1658 2066 musicum
1671 2035 1780 2065 album
1792 2045 1894 2065 unum
1909 2035 2043 2076 aliquid:
2059 2036 2235 2066 secundum
2251 2036 2392 2067 accidens
2409 2037 2493 2067 enim

1497 2080 1606 2109 album
1631 2079 1790 2109 musicum
1814 2079 1948 2118 dicetur;
1973 2089 2070 2120 quare
2093 2090 2158 2110 non
2188 2080 2244 2110 erit
2268 2081 2376 2111 album
2398 2081 2494 2111 musi-

1496 2132 1570 2154 cum
1594 2134 1696 2154 unum
1720 2123 1848 2164 aliquid.

1430 2168 1588 2205 Quocirca
1604 2178 1662 2198 nec
1676 2167 1874 2198 citharoedus
1892 2166 2082 2208 (coriarius)
2098 2168 2202 2198 bonus
2222 2169 2403 2209 simpliciter
2413 2177 2422 2208 ;
2439 2170 2493 2200 sed

1497 2212 1613 2242 animal
1632 2212 1739 2251 bipes:
1764 2221 1829 2241 non
1853 2212 1938 2242 enim
1962 2219 2036 2242 sunt
2059 2213 2234 2242 secundum
2256 2213 2407 2243 accidens.

1429 2256 1577 2296 Amplius
1602 2266 1658 2286 nec
1682 2266 1891 2296 quaecunque
1913 2256 2021 2286 insunt
2042 2256 2074 2286 in
2098 2257 2170 2286 alio.
2199 2257 2304 2294 Quare
2328 2268 2430 2298 neque
2449 2257 2491 2287 al-

1490 2300 1772 2340 bum'frequenter
1790 2300 1927 2337 dictum,
1948 2310 2050 2340 neque
2069 2300 2169 2330 homo
2184 2301 2283 2330 homo
2303 2302 2419 2331 animal
2435 2308 2491 2339 est,

1495 2345 1545 2374 vel
1568 2344 1670 2384 bipes3
1695 2344 1803 2374 insunt
1826 2344 1910 2374 enim
1934 2344 1966 2374 in
1990 2344 2120 2374 homine
2143 2344 2259 2375 animal
2283 2353 2312 2376 et
2335 2346 2432 2386 bipeS.

1427 2492 1567 2531 scilicet,
1593 2491 1711 2524 animal
1738 2498 1764 2524 ct
1787 2491 1883 2535 bipes,
1909 2502 2013 2534 genus
2037 2501 2069 2524 et
2092 2491 2290 2532 differentia;
2310 2493 2491 2526 secundum

1426 2550 1536 2574 autem
1560 2540 1742 2584 praedicata
1766 2552 1806 2572 ex
1821 2539 1940 2584 quibus
1963 2539 2000 2572 fit
2024 2552 2128 2573 unum
2157 2553 2215 2584 per
2243 2541 2407 2581 accidens,
2431 2543 2490 2575 sci-

1425 2589 1511 2630 licet,
1531 2590 1615 2623 homo
1639 2589 1744 2628 albus;
1760 2597 1893 2621 ternum
1909 2600 1987 2621 vero
2004 2588 2186 2632 praedicata
2203 2601 2242 2622 ex
2254 2589 2372 2634 quibus
2384 2603 2489 2635 neque

1427 2650 1530 2671 unum
1554 2650 1612 2682 per
1629 2650 1663 2670 se
1683 2649 1791 2681 neque
1815 2649 1920 2669 unum
1944 2649 2002 2681 per
2023 2637 2171 2671 accidens
2193 2639 2276 2670 inter
2299 2650 2332 2671 se
2349 2638 2417 2671 fieri
2442 2651 2490 2672 se-

1426 2687 1622 2731 quitur;“ut‚
1647 2686 1829 2719 citharoedus
1853 2691 1880 2718 et
1895 2685 1999 2726 bonus,
2018 2695 2054 2718 ut
2077 2685 2299 2719 declarabitur.

1493 2745 1522 2768 2.
1546 2734 1674 2768 Deinde
1699 2746 1774 2767 cum
1806 2733 1900 2767 dicit:
1928 2734 1959 2767 Si
1981 2735 2059 2767 enim
2081 2735 2224 2778 quoniam
2247 2744 2326 2774 etc.‚
2351 2735 2489 2768 declarat

1424 2785 1594 2816 veritatem
1610 2783 1803 2816 diversitatis
1828 2783 1965 2826 positae,
1986 2795 2025 2816 ex
2049 2795 2112 2827 qua
2131 2783 2329 2816 rationabilis
2345 2783 2489 2817 redditur

1425 2833 1592 2876 quaestio:
1618 2832 1644 2864 si
1668 2843 1810 2875 namque
1835 2832 1918 2864 inter
1942 2831 2123 2875 praedicata
2146 2843 2214 2864 non
2239 2841 2323 2864 esset
2350 2832 2421 2865 talis
2445 2833 2490 2866 di-

1424 2882 1570 2920 versitas,
1588 2879 1815 2913 irrationabilis
1832 2889 1917 2912 esset
1933 2880 2102 2912 dubitatio.
2121 2880 2277 2914 Ostendit
2293 2889 2401 2913 autem
2424 2881 2488 2913 hoc

1423 2931 1548 2962 ratione
1573 2929 1712 2962 ducente
1736 2928 1776 2961 ad
1800 2929 2044 2967 inconveniens,
2062 2929 2274 2971 nugationem
2297 2928 2429 2961 scilicet.
2448 2929 2489 2962 Et

1425 2980 1501 3022 quia
1514 2979 1649 3021 nugatio
1663 2977 1791 3015 duobus
1805 2976 1912 3010 modis
1926 2977 2151 3015 committitur,
2161 2976 2283 3009 scilicet
2295 2977 2443 3020 explicite
2456 2986 2488 3010 et

1425 3026 1598 3070 implicite;
1616 3026 1690 3059 ideo
1708 3027 1815 3069 primo
1838 3025 1968 3058 deducit
1992 3025 2031 3058 ad
2055 3026 2267 3068 nugationem
2291 3025 2486 3069 explicitam,

1424 3074 1569 3108 secundo
1599 3074 1638 3107 ad
1659 3074 1868 3117 implicitam;
1893 3073 1953 3106 ibi:
1978 3074 2131 3118 Amplius,
2154 3074 2180 3106 si
2201 3074 2331 3107 Socrates
2354 3083 2414 3106 etc.
2431 3075 2487 3107 Ait

1424 3135 1502 3166 ergo
1519 3122 1608 3167 quod
1626 3123 1652 3155 si
1668 3122 1757 3154 nulla
1774 3131 1822 3154 est
1846 3123 1929 3154 inter
1945 3134 2170 3166 quaecumque
2192 3122 2373 3165 praedicata
2397 3122 2486 3155 diffe-

1422 3172 1536 3211 rentia,
1565 3170 1621 3203 sed
1644 3171 1683 3204 de
1708 3170 1854 3214 quolibet
1878 3170 2097 3203 indifferenter
2121 3179 2271 3202 censetur
2298 3170 2387 3214 quod
2411 3172 2486 3214 quia

1423 3220 1615 3252 alterutrum
1633 3228 1818 3262 separatum
1841 3218 1968 3259 dicitur,
1986 3218 2075 3262 quod
2092 3227 2267 3262 utrumque
2284 3220 2486 3251 coniunctim

1423 3267 1558 3307 dicatur,
1574 3267 1676 3299 multa
1700 3268 1963 3300 inconvenientia
1985 3276 2171 3311 sequentur.
2196 3268 2247 3300 De
2264 3267 2374 3311 aliquo
2398 3268 2485 3299 enim

1422 3316 1569 3354 homine,
1594 3324 1673 3358 puta
1699 3316 1848 3355 Socrate,
1866 3327 1981 3347 verum
1998 3325 2047 3348 est
2062 3316 2234 3358 separatim
2255 3315 2361 3348 dicere
2385 3315 2485 3359 quod,

1422 3364 1524 3396 homo
1549 3372 1612 3402 est,
1637 3371 1670 3395 et
1693 3362 1784 3395 albus
1809 3372 1875 3402 est;
1899 3374 1993 3406 quare
2016 3370 2042 3396 et
2064 3375 2159 3403 omne,
2184 3363 2267 3396 idest
2294 3372 2325 3396 et
2350 3365 2485 3396 coniun-

1423 3413 1500 3444 ctim
1514 3411 1648 3450 dicetur,
1668 3412 1817 3444 Socrates
1831 3420 1879 3443 est
1891 3411 1993 3444 homo
2007 3411 2108 3444 albus.
2122 3412 2246 3445 Rursus
2264 3421 2295 3444 et
2311 3412 2350 3445 de
2366 3412 2484 3445 eodem

1423 3461 1555 3493 Socrate
1579 3468 1687 3503 potest
1709 3459 1771 3491 dici
1796 3461 1968 3502 separatim
1993 3459 2093 3503 quod,
2118 3468 2166 3491 est
2190 3459 2292 3492 homo
2317 3460 2428 3500 albus,
2453 3470 2485 3494 et

1422 3508 1522 3552 quod,
1538 3517 1587 3541 est
1603 3507 1709 3547 albus;
1727 3519 1826 3551 quare
1850 3516 1882 3540 et
1905 3519 2020 3546 omne,
2044 3507 2137 3547 idest,
2161 3508 2259 3550 igitur
2283 3510 2484 3542 coniunctim

1422 3556 1556 3595 dicetur,
1576 3556 1724 3589 Socrates
1750 3564 1798 3588 est
1821 3555 1923 3588 homo
1941 3555 2031 3588 albus
2049 3555 2154 3588 albus:
2181 3556 2234 3588 ubi
2251 3556 2420 3590 manifesta
2436 3566 2484 3590 est

1421 3605 1569 3647 nugatio.
1594 3605 1719 3638 Rursus
1744 3605 1769 3636 si
1795 3603 1836 3637 de
1850 3604 1967 3637 eodem
1987 3604 2122 3637 Socrate
2147 3605 2266 3637 iterum
2288 3604 2374 3638 dicas
2390 3617 2482 3649 sepa-

2524 942 2531 949 ·
2543 940 2599 967 seq.
2614 946 2635 961 c.
2646 946 2677 960 xi.
