2548 4192
200 270 293 296 ccxx

606 337 804 373 CAPUT
846 336 914 373 IV.

198 447 290 480 Neque
309 446 417 471 indicata
441 444 535 469 menda
553 443 627 476 plura
645 450 712 475 quae
731 442 899 474 irrepserant,
919 447 1004 473 neque
1023 439 1151 480 adhibitae
1169 447 1184 464 a
1206 439 1268 464 viris

270 481 432 515 peritissimis
447 479 648 508 emendationes,
659 479 740 502 ullam
759 484 874 509 unquam
888 476 915 500 in
930 480 1182 515 praestantissimum
1192 475 1268 515 Spin:

271 525 330 542 mae
353 515 526 548 Theologicae
544 522 610 547 opus
637 513 829 546 corruptionem
848 512 975 536 invexere.
1003 511 1105 535 loannis
1123 510 1268 535 Bromiardi

271 552 396 578 sententia
414 551 541 584 quaedam
560 549 718 582 expenditur.

201 643 223 674 Ῑ-
247 645 468 726 Laudabiles
491 647 556 676 iam
579 654 671 675 curae
694 644 907 681 innotescunt,
927 653 1006 684 quas
1025 643 1083 674 viri
1107 651 1267 684 praestan-

310 692 421 725 tissimi
436 701 490 731 per
509 688 706 720 succedentia
724 694 868 727 tempora
887 698 1062 728 suscepere,
1078 695 1114 718 ut
1132 688 1264 720 Summa

205 739 395 779 Theologica
419 735 481 765 divi
496 734 653 771 Thomae,
670 739 827 773 quantum
850 732 990 762 humana
1014 732 1155 763 conferre
1174 733 1266 764 indu-

199 784 271 814 stria
294 787 426 823 poterat,
451 784 620 818 expurgata
643 776 766 807 mendis
789 776 945 816 prodiret3
969 783 1154 817 textumque
1178 788 1266 817 prae—

198 834 301 865 staret,
321 825 376 866 qui
395 822 580 854 sanctissimi
596 820 745 852 Auctoris
764 820 920 860 genuinus
940 828 971 851 et
988 831 1157 860 germanus
1180 822 1265 852 vide-

197 879 291 902 retur.
316 869 403 907 Quid
417 865 510 907 ergo?
535 867 623 897 Num
637 865 757 895 sincera
777 875 812 895 ac
833 864 993 904 primaeva
1011 866 1182 896 verborum
1196 876 1265 896 sen-

197 915 429 954 tentiarumque
452 911 556 950 lectio,
573 920 671 951 quam
691 909 851 940 dictaverit
871 909 1089 951 scripseritque
1108 910 1264 950 Thomas,

197 960 292 990 dubia
316 958 426 995 suerit,
450 967 516 986 non
545 951 723 995 explorata?
746 953 846 984 Absit.
880 954 1033 985 Errorum
1056 954 1112 995 qui
1135 955 1264 995 irrepse-

196 1011 266 1035 rant
289 1010 319 1034 et
342 1001 603 1032 emendationum
621 998 812 1040 quamplura
831 999 977 1029 consulto
997 999 1142 1029 dedimus
1161 1009 1264 1030 exem-

196 1049 265 1090 pla:
290 1047 380 1088 queis
411 1051 611 1085 compertum
644 1042 906 1083 exploratumque
929 1042 1002 1081 fiat,
1026 1043 1104 1073 nihil
1127 1054 1164 1074 ex
1187 1044 1262 1084 ipsis

197 1092 340 1130 mendis,
364 1090 480 1132 quibus
511 1088 592 1119 edita
616 1087 730 1127 egregii
753 1086 837 1117 illius
860 1086 974 1127 Operis
998 1088 1142 1128 exempla
1169 1095 1264 1119 scate-

196 1138 291 1175 bant;
315 1136 393 1166 nihil
416 1145 453 1165 ex
477 1132 762 1169 emendationibus,
779 1141 858 1176 qpas
880 1132 964 1162 docti
988 1132 1180 1173 solertesque
1199 1133 1264 1163 edi-

195 1189 279 1212 tores
303 1180 529 1215 adhibuerunt,
554 1177 643 1218 quod
666 1175 776 1206 attinet
818 1175 838 1205 d
859 1186 998 1214 sensum,
1019 1183 1050 1207 et
1065 1177 1263 1216 sententiam,

196 1233 227 1257 et
250 1225 438 1262 doctrinam,
462 1222 580 1262 cepisse
604 1220 683 1251 illud
706 1230 815 1260 unqua
874 1221 1062 1251 detrimenti.

263 1270 344 1301 Sunt
367 1268 453 1299 enim
476 1266 629 1307 spalmata
652 1265 759 1305 plura,
783 1274 864 1305 quae
888 1265 976 1305 prelo
1001 1272 1121 1296 errante
1149 1265 1199 1296 vel
1217 1265 1264 1295 in—

196 1314 281 1345 curia
304 1311 579 1354 typographorum
602 1309 791 1340 exciderunt.
816 1308 897 1340 Sunt
920 1309 999 1347 alia,
1024 1320 1105 1350 quae
1123 1309 1264 1340 librario-

195 1369 268 1389 rum
296 1357 494 1388 oscitantiam
522 1361 577 1385 aut
606 1353 797 1393 imperitiam
827 1363 955 1384 causam
985 1354 1119 1385 habent:
1144 1354 1264 1395 quippe

196 1403 251 1444 qui
275 1402 381 1433 minus
401 1406 519 1432 attento
539 1398 680 1438 corporis
700 1397 807 1435 oculo,
827 1398 997 1438 minusque
1015 1398 1135 1429 intenta
1149 1399 1264 1429 mentis

196 1448 260 1478 acie
294 1446 417 1478 codices
447 1443 678 1483 manuscriptos
711 1442 873 1481 legebant,
905 1442 1053 1482 notisque
1082 1443 1264 1482 praesertim

196 1489 438 1532 compendiariis
458 1487 578 1528 decepti
593 1496 706 1517 vocem
725 1486 855 1517 alteram
873 1497 931 1526 pro
948 1487 1044 1517 altera
1062 1486 1262 1526 scripserunt.

196 1536 272 1574 Quo
297 1534 415 1575 duplici
438 1533 569 1574 quidem
591 1531 784 1561 mendorum
812 1540 924 1571 genere
955 1531 1040 1561 nitor
1062 1531 1194 1571 quidem
1219 1538 1263 1562 te-

195 1588 267 1612 xtus
290 1579 443 1616 inficitur,
468 1576 627 1607 doctrinae
655 1585 765 1605 sensus
794 1582 824 1606 et
847 1575 1000 1605 sententia
1032 1575 1169 1605 auctoris
1197 1585 1263 1606 non

194 1625 414 1655 immutantur.
439 1622 520 1652 Sunt
543 1620 638 1651 etiam
656 1619 759 1649 variae
777 1620 934 1659 quaedam
954 1620 1114 1657 lectiones,
1133 1629 1214 1660 quae
1230 1620 1263 1650 in

195 1670 272 1710 ipsis
295 1678 392 1699 manu
417 1665 545 1696 exaratis
565 1663 726 1695 codicibus
742 1671 878 1695 exstant:
898 1664 1092 1704 alteramque
1106 1671 1264 1704 praestant

196 1714 278 1744 edita
292 1711 446 1743 nonnulla
465 1709 618 1749 exempla,
634 1708 764 1739 alteram
781 1709 840 1739 alia
859 1719 918 1749 pro
938 1709 1086 1739 codicum
1104 1709 1262 1748 varietate,

195 1768 277 1799 quos
301 1757 346 1787 illi
369 1755 538 1786 adhibuere
562 1753 617 1794 qui
641 1752 794 1784 editiones
818 1759 1012 1784 accurarunt.
1046 1755 1098 1783 An
1122 1763 1196 1793 ergo
1220 1754 1263 1784 le-

194 1802 338 1833 ctionum
353 1801 429 1831 haec
449 1798 653 1838 discrepantia
673 1798 792 1828 variam
807 1797 920 1828 inferat
934 1797 1049 1828 alicubi
1064 1797 1262 1837 sententiam,

194 1853 288 1887 atque
304 1840 554 1886 repugnantem?
577 1842 709 1873 Minime
725 1842 879 1882 gentium.
899 1842 1055 1882 Exemplo
1070 1851 1118 1872 res
1138 1842 1219 1872 clara
1233 1849 1264 1873 et

193 1890 359 1932 perspicua
381 1889 445 1920 fiat.
470 1889 481 1919 1
506 1897 584 1927 par„
603 1896 657 1927 qu.
674 1895 701 1925 1,
726 1893 782 1917 art.
803 1897 838 1924 v,
858 1897 884 1917 c.
910 1887 954 1917 sic
978 1886 1095 1916 habent
1127 1886 1210 1917 edita
1233 1894 1264 1918 et

194 1934 407 1974 manuscripta
439 1932 582 1972 exempla
612 1931 786 1972 quaedam:
810 1931 1032 1962 Praeticarum
1057 1940 1132 1962 vero
1161 1932 1262 1962 scien-

195 1981 314 2011 tiarum
339 1979 395 2009 illa
419 1978 546 2017 dignior
569 1981 626 2013 est,
646 1985 729 2017 quae
746 1975 790 2006 ad
809 1976 994 2007 ulteriorem
1007 1975 1113 2016 finem
1131 1985 1194 2006 non
1211 1985 1262 2006 or-

194 2024 344 2055 dinatur:
367 2023 482 2053 habent
505 2020 580 2059 alia,
603 2030 686 2061 quae
709 2020 752 2051 ad
775 2020 921 2051 altiorem
941 2020 1046 2061 finem
1070 2019 1264 2051 ordinatur:

196 2075 227 2099 et
249 2078 356 2099 rursus
380 2067 450 2105 alia,
474 2075 557 2107 quae
579 2065 622 2096 ad
645 2065 836 2096 ultimiorem
851 2066 955 2107 finem
980 2064 1161 2095 ordinatur.
1191 2064 1263 2095 Alia

194 2122 310 2153 nempe
333 2112 426 2142 lectio
450 2121 524 2151 prae
548 2110 607 2140 alia
634 2109 762 2140 nitidior
785 2116 846 2148 est,
871 2119 937 2140 non
961 2109 1097 2139 invicem
1120 2116 1264 2149 pugnant

194 2157 276 2188 illae.
302 2156 431 2193 Quaest.
446 2165 510 2192 xxv,
526 2162 582 2185 art.
597 2164 638 2184 xv
661 2154 701 2183 ad
724 2161 753 2183 1:
777 2154 969 2191 Dicendum,
989 2153 1074 2194 quod
1091 2153 1262 2192 Dominus,

195 2207 226 2232 et
252 2201 389 2231 Creator
403 2206 432 2231 et
447 2198 630 2230 huiusmodi
648 2199 822 2238 important
837 2199 1010 2229 relationes
1025 2197 1068 2228 ad
1082 2203 1261 2236 creaturas,

194 2245 368 2277 secundum
392 2244 478 2285 quod
499 2249 575 2274 sunt
598 2243 630 2273 in
654 2243 784 2282 seipsis,·
806 2243 862 2274 sed
884 2243 1017 2274 scientia
1031 2243 1094 2273 Dei
1113 2243 1264 2283 importat

194 2291 382 2320 relationem
399 2288 442 2319 ad
457 2293 636 2324 creaturas,
647 2286 822 2318 secundum
839 2287 924 2328 quod
939 2292 1015 2318 sunt
1034 2288 1066 2317 in
1082 2287 1173 2325 Deo,·
1187 2288 1263 2328 quia

194 2335 368 2365 secundum
392 2334 452 2364 hoc
474 2337 521 2363 est
545 2330 792 2371 unumquodque
815 2332 1010 2363 intellectum
1025 2332 1058 2361 in
1078 2337 1164 2369 actu,
1180 2331 1266 2372 quod

195 2385 242 2409 est
265 2380 296 2409 in
322 2378 537 2418 intelligente:
560 2385 613 2406 res
635 2380 742 2406 autem
767 2382 896 2407 creatae
925 2381 1002 2407 sunt
1025 2377 1057 2406 in
1081 2376 1151 2406 Deo
1174 2377 1264 2407 inva-

196 2423 369 2459 riabiliter,
395 2423 426 2452 in
451 2422 563 2461 seipsis
585 2425 691 2450 autem
717 2421 925 2452 variabiliter.
963 2420 1018 2450 Vel
1039 2420 1136 2450 aliter
1158 2420 1264 2451 dicen-

196 2467 272 2498 dum
297 2472 364 2498 est:
386 2465 471 2506 quod
492 2465 652 2495 Dominus
675 2469 705 2494 et
734 2465 872 2496 Creator
893 2470 923 2495 et
941 2465 1125 2495 huiusmodi
1147 2466 1264 2506 impor-

197 2517 268 2543 tant
284 2511 466 2546 relationes,
487 2518 569 2549 quae
588 2515 827 2549 consequuntur
845 2515 947 2546 actus,
964 2509 1019 2549 qui
1038 2509 1266 2550 intelliguntur

198 2557 367 2587 terminari
389 2554 433 2584 ad
456 2555 542 2594 ipsas
564 2558 744 2591 creaturas,
764 2554 938 2584 secundum
963 2553 1047 2593 quod
1064 2559 1141 2584 sunt
1164 2555 1196 2584 in
1215 2563 1264 2585 se-

198 2601 294 2640 ipsis:
317 2605 347 2630 et
370 2599 440 2630 ideo
463 2597 645 2628 huiusmodi
668 2597 840 2628 relationes
859 2598 949 2628 varie
966 2597 1006 2627 de
1024 2598 1094 2627 Deo
1112 2598 1266 2629 dicuntur

197 2644 372 2675 secundum
397 2643 607 2674 variationem
628 2647 865 2672 creaturarum.
889 2641 953 2672 Sed
975 2642 1107 2672 scientia
1125 2647 1155 2672 et
1172 2652 1266 2673 amor

198 2694 229 2720 et
259 2687 441 2719 huiusmodi
473 2687 647 2727 important
678 2687 876 2723 relationes,
909 2695 992 2726 quae
1024 2692 1265 2726 consequuntur

198 2738 299 2770 actus,
321 2733 376 2774 qui
399 2731 627 2772 intelliguntur
645 2731 677 2760 in
697 2731 767 2761 Deo
786 2738 870 2761 esse:
894 2735 923 2760 et
942 2729 1013 2760 ideo
1032 2730 1267 2761 invariabiliter

190 2777 428 2818 praedicantur
450 2776 490 2806 de
512 2775 591 2805 Deo.
616 2774 697 2806 Sunt
715 2785 790 2805 vero
816 2774 951 2812 codices,
976 2780 1050 2804 sunt
1073 2774 1167 2804 etiam
1185 2774 1267 2805 edita

197 2821 350 2862 exempla,
374 2821 407 2851 in
431 2820 547 2861 quibus
570 2829 635 2849 una
658 2820 821 2850 dumtaxat
841 2818 1006 2859 responsio
1029 2818 1161 2858 legitur,
1185 2828 1266 2859 quae

197 2866 337 2897 secundo
361 2866 433 2895 loco
458 2869 596 2904 prostat:
620 2870 652 2894 at
675 2873 826 2904 responsa
845 2863 898 2893 illa
917 2863 983 2893 duo
1007 2862 1039 2892 in
1063 2862 1131 2893 aliis
1155 2862 1266 2894 editio·

198 2910 290 2941 nibus
314 2909 562 2949 distinguuntur,
586 2918 727 2949 quorum
750 2908 885 2939 alterum
908 2916 974 2938 non
997 2913 1152 2947 repugnat
1168 2907 1266 2946 alteri,

198 2955 252 2985 sed
275 2954 352 2984 illud
377 2953 521 2984 declarat.

266 2999 300 3029 In
316 2998 459 3029 Secunda
475 3003 562 3037 parte
581 2996 677 3037 partis
694 2996 869 3034 Secundae,
885 3005 940 3037 qu.
957 3006 989 3033 x,
1011 3001 1067 3026 art.
1077 3005 1115 3026 m
1131 2995 1171 3026 ad
1190 2996 1206 3026 3
1225 2995 1268 3026 sic

198 3043 327 3083 legitur:
352 3043 416 3073 Pro
440 3042 505 3072 alio
523 3046 674 3082 peccato,
694 3046 776 3081 puta
795 3050 859 3081 pro
878 3040 1050 3078 adulterio,
1074 3041 1103 3071 si
1126 3041 1268 3071 commit-

201 3093 290 3118 tatur
312 3097 332 3117 a
345 3086 443 3128 fideli
465 3091 496 3116 et
518 3086 558 3116 ab
577 3085 718 3127 infideli,
742 3085 877 3116 caeteris
890 3085 1037 3125 paribus,
1060 3086 1198 3126 gravius
1206 3094 1268 3125 pu-

202 3133 301 3168 nitur,
322 3132 397 3171 quia
415 3131 552 3171 gravius
564 3135 689 3170 peccat,
704 3129 818 3171 fidelis
835 3139 931 3170 quam
951 3129 1098 3171 infidelis.
1118 3129 1269 3160 Mutilum

200 3182 338 3213 textum,
362 3175 480 3215 absque
503 3174 568 3204 ulla
591 3174 761 3205 sententiae
786 3174 999 3214 corruptione,
1020 3173 1166 3204 exhibent
1187 3173 1269 3204 edita

201 3220 306 3260 aliqua
330 3219 486 3258 exempla:
514 3218 658 3249 Caeteris
683 3218 836 3259 paribus,
866 3220 1003 3259 gravius
1027 3223 1143 3259 peccat
1155 3218 1269 3260 fidelis

200 3274 296 3305 quam
317 3263 464 3304 infidelis.
481 3263 545 3299 Qu.
562 3272 683 3300 cxxx1v,
699 3270 754 3293 art.
765 3272 802 3293 111
822 3262 862 3293 ad
879 3270 908 3293 1:
924 3263 967 3293 Et
983 3262 1266 3304 magnificentiam,

200 3318 284 3348 quae
311 3308 439 3348 respicit
467 3316 622 3347 magnum
647 3308 807 3347 pecuniae
835 3315 952 3338 usum:
979 3307 1033 3338 ubi
1058 3306 1186 3337 nitidior
1208 3306 1268 3337 alia

199 3352 324 3383 videtur
353 3351 466 3388 lectio,
490 3361 573 3391 quae
603 3352 731 3391 respicit
758 3361 914 3392 magnum
945 3352 977 3382 in
1004 3352 1164 3392 pecuniae
1196 3360 1267 3382 usu.

200 3396 362 3427 Variantes
392 3395 544 3436 plurimas
575 3395 607 3425 id
636 3405 736 3435 genus
767 3396 917 3426 lectiones
946 3402 1097 3427 notarunt
1126 3395 1267 3426 Patavini

200 3440 355 3478 editores,
379 3439 519 3480 aliasque
547 3446 682 3480 praestat
705 3449 741 3470 ex
765 3439 873 3470 codice
896 3439 1100 3471 Alcanitiensi
1123 3439 1268 3471 Thomas

201 3484 382 3515 Madalena:
406 3494 485 3524 quas
508 3484 540 3514 in
560 3490 783 3523 argumentum
807 3484 832 3514 si
856 3483 927 3524 quis
946 3485 1102 3522 adsumat,
1126 3490 1162 3516 ut
1184 3483 1267 3515 anci-

201 3527 300 3567 pitem
323 3538 358 3558 ac
382 3528 511 3558 dubiam
535 3528 632 3558 sancti
651 3528 798 3558 Thomae
821 3535 972 3566 mentem,
996 3529 1128 3570 eiusque
1152 3528 1268 3559 doctri·

203 3581 261 3601 nae
285 3572 470 3602 sententiam
493 3572 630 3610 obiiciat,
654 3572 680 3602 is
704 3572 782 3602 nihil
806 3579 886 3603 certe
910 3573 1020 3613 sapiat,
1044 3573 1111 3604 imo
1136 3572 1268 3613 desipiat

202 3623 337 3656 oportet.

942 257 1401 294 DISSERTATIONES
1431 258 1679 296 CRITICAE

1392 337 1427 367 ln
1450 338 1526 378 ipsis
1550 348 1626 368 mss.
1651 338 1823 378 codicibus,
1843 349 1926 380 quos
1945 339 2096 370 hactenus
2114 339 2287 371 lustrarunt
2302 341 2396 371 Sum-

1325 390 1396 411 mae
1424 382 1635 423 Theologicae
1658 383 1812 421 editores,
1844 383 2011 424 quidpiam
2038 383 2188 414 excidisse
2216 385 2396 425 primigenii

1324 431 1437 463 textus,
1457 426 1541 457 ultro
1561 433 1592 457 et
1610 427 1741 457 candide
1764 427 1874 465 fateor,
1894 438 1924 458 v.
1940 438 1970 468 g.
1991 428 2187 459 solutionem
2205 430 2243 459 ad
2264 429 2396 470 aliquod

1324 477 1558 508 argumentum,
1567 471 1738 511 ipsumque
1753 471 1913 502 interdum
1927 472 2156 512 prolusorium,
2165 474 2253 514 quod
2268 480 2394 512 vocant,

1324 521 1548 552 argumentum
1571 515 1635 545 Sed
1657 521 1790 546 contra:
1809 526 1843 546 ac
1867 516 1980 547 mutila
2002 516 2188 547 huiusmodi
2210 518 2291 556 loca,
2313 528 2395 559 quae

1323 557 1514 596 paucissima
1537 566 1621 597 sunt,
1636 559 1842 599 indigitarunt
1858 560 1996 598 Garcias,
2011 561 2177 591 Madalena
2200 562 2317 603 aliique
2336 572 2393 592 no-

1324 607 1442 632 strates.
1467 603 1551 633 Hinc
1574 613 1649 633 vero
1674 603 1804 642 factum,
1829 611 1864 635 ut
1880 604 2107 644 Supplementa
2131 606 2246 636 alicubi
2275 607 2395 637 adiecta

1323 644 1449 676 fuerint.
1479 647 1673 687 Exemplum
1695 655 1820 688 praesto
1845 655 1891 679 est
1914 649 1942 678 1³
1965 649 2038 687 11³0,
2062 659 2117 690 qu.
2135 660 2187 688 cn,
2207 657 2262 681 art.
2283 661 2316 681 vr
2339 651 2394 681 ubi

1322 698 1404 728 quae
1427 691 1592 730 responsio
1615 692 1665 733 ad,
1684 702 1721 722 10
1745 692 1978 723 desiderabatur
2000 703 2018 723 a
2042 692 2154 724 Garcia
2170 700 2201 724 et
2223 705 2242 724 a
2264 695 2393 725 Donato

1322 733 1468 773 suppleta
1494 735 1618 774 legitur.
1649 738 1692 766 At
1719 736 1826 776 ipsum
1857 738 2078 768 adsumentem
2109 738 2190 769 inter
2223 741 2394 770 asteriscos

1321 784 1376 807 aut
1399 778 1535 809 lineolas
1562 779 1759 810 incluserunt
1786 780 1950 820 diligentes
1973 791 2009 812 ac
2040 781 2151 812 sinceri
2180 782 2333 822 editores,
2358 790 2394 814 ut

1320 820 1428 860 ipsum
1447 823 1584 853 crederet
1602 833 1710 861 nemo,
1726 831 1848 863 partem
1862 835 1929 855 esse
1943 825 2123 865 primigenii
2139 833 2259 865 textus;
2279 837 2392 868 quam-

1321 875 1419 905 quam
1442 866 1522 896 illud
1538 873 1569 897 et
1587 867 1647 897 alia
1665 867 1698 897 id
1716 877 1816 907 genus
1835 869 2058 908 supplementa
2079 880 2117 900 ex
2137 870 2206 910 ipsa
2224 871 2392 912 Aquinatis

1321 910 1463 940 doctrina
1487 911 1655 951 desumpta
1673 918 1756 942 sunt.
1775 912 1838 942 Sed
1855 912 1889 942 in
1908 922 1947 943 eo
1966 914 2099 943 demum
2118 915 2245 944 Ioannis
2268 916 2392 947 Nicolai

1321 960 1351 984 et
1373 954 1600 986 Patavinorum
1633 955 1793 986 editorum
1821 956 1958 987 maxime
1987 958 2151 988 desudavit
2179 958 2334 989 industria
2356 970 2392 990 ac

1321 998 1491 1038 diligentia,
1511 1007 1548 1030 ut
1570 1000 1762 1040 scriptorum
1781 1001 1912 1040 allegata
1931 1001 2114 1032 testimonia
2137 1012 2213 1032 suos
2232 1003 2273 1032 ad
2288 1003 2392 1034 fontes

1319 1051 1550 1075 revocarentur.
1576 1044 1697 1075 Indices
1717 1045 1946 1085 corruptissimi
1970 1045 2003 1076 in
2025 1046 2157 1077 vetustis
2181 1046 2272 1077 editis
2288 1057 2391 1078 exem-

1319 1087 1380 1126 plis
1404 1095 1589 1119 occurrunt:
1614 1099 1755 1129 quorum
1773 1089 1887 1120 vitium
1906 1088 1947 1132 (si
1970 1090 2085 1130 partim
2104 1090 2251 1121 exciderit
2267 1101 2305 1122 ex
2319 1091 2391 1132 ipso

1319 1131 1466 1163 Thomae
1490 1133 1632 1171 calamo,
1662 1134 1717 1174 qui
1741 1144 1807 1164 non
1831 1134 1940 1165 omnia
1969 1135 2109 1165 mutuari
2142 1145 2180 1165 ex
2206 1135 2278 1175 ipso
2302 1135 2391 1167 fonte

1320 1175 1439 1219 potuit)
1462 1177 1561 1217 repeti
1585 1177 1651 1208 sine
1676 1178 1774 1208 dubio
1799 1179 1901 1216 debet,
1925 1179 2081 1209 maiorem
2105 1179 2195 1220 quod
2218 1179 2328 1210 attinet
2351 1181 2391 1210 ad

1319 1227 1452 1260 partem,
1477 1231 1514 1252 ex
1536 1222 1737 1253 librariorum
1756 1223 1920 1254 oscitantia
1944 1230 1975 1254 et
1997 1223 2156 1263 imperitia
2174 1224 2390 1264 typographo-

1318 1274 1401 1296 rum.
1426 1265 1485 1296 His
1502 1266 1619 1306 detergi
1637 1273 1667 1297 et
1685 1267 1849 1307 expurgari
1868 1267 2037 1298 Summam
2055 1267 2286 1307 Theologicam
2302 1278 2390 1299 men·

1319 1309 1378 1348 dis,
1402 1319 1468 1340 non
1491 1310 1579 1341 illam
1603 1318 1649 1341 est
1672 1311 1865 1352 interpolari,
1889 1312 1944 1342 sed
1968 1312 2072 1342 ornari
2094 1318 2125 1342 et
2143 1312 2300 1343 illustrari.

1388 1354 1424 1384 11.
1451 1355 1575 1395 Insigne
1594 1356 1817 1396 corruptionis,
1832 1357 1922 1396 quod
1941 1355 2040 1386 afferri
2059 1356 2150 1395 solet,
2166 1363 2391 1396 argumentum

1319 1398 1486 1437 praeterire
1509 1399 1673 1439 piaculum
1696 1400 1796 1438 foret,
1821 1401 1910 1441 quod
1933 1411 1970 1431 ex
1993 1401 2137 1441 quodam
2161 1401 2288 1431 Ioannis
2313 1401 2391 1432 Bro-

1319 1441 1432 1472 miardi
1456 1443 1585 1474 Ordinis
1607 1444 1865 1475 Praedicatorum
1887 1445 1960 1475 loco
1981 1445 2167 1476 desumitur.
2197 1445 2234 1475 In
2256 1445 2391 1476 Summa

1318 1485 1571 1518 Praedicantium
1587 1488 1625 1519 V.
1643 1490 1766 1526 Maria,
1786 1499 1875 1519 num.
1902 1499 1939 1519 10
1959 1489 2002 1520 ait
2019 1489 2088 1520 ille:
2111 1502 2126 1517 α
2140 1489 2211 1529 Ipsa
2228 1499 2304 1520 vero
2324 1496 2391 1520 tarn

1322 1542 1337 1557 »
1359 1530 1534 1562 eminenter
1557 1532 1748 1563 sanctificata
1761 1532 1836 1571 fuit,
1860 1534 1949 1574 quod
1963 1543 2021 1564 nec
2045 1534 2236 1572 mortaliter,
2261 1544 2320 1565 nec
2339 1544 2390 1565 ve-

1322 1586 1336 1601 »
1360 1575 1490 1606 nialiter
1512 1577 1670 1616 peccavit,
1694 1577 1776 1607 sicut
1801 1584 1887 1617 patet
1916 1587 1972 1617 per
1999 1585 2145 1609 sanctum
2168 1578 2333 1608 Thomam
2354 1578 2389 1609 in

1321 1630 1336 1646 »
1359 1619 1467 1650 Tertia
1482 1627 1570 1660 parte
1589 1621 1628 1651 de
1644 1621 1772 1652 Christo
1789 1631 1843 1662 qu.
1854 1631 1971 1660 xxxvu,
1987 1628 2042 1652 art.
2054 1631 2096 1652 vr.
2115 1622 2151 1652 ln
2165 1622 2277 1652 eadem
2293 1622 2390 1653 etiam

1321 1675 1336 1690 >⁹
1359 1664 1554 1704 quaestione,
1567 1672 1623 1696 art.
1641 1675 1666 1696 11
1689 1665 1782 1706 ponit
1804 1665 1872 1696 eius
1891 1665 2146 1696 sanctificationis
2161 1666 2390 1706 excellentiam,

1321 1720 1335 1735 »
1358 1715 1516 1749 quantum
1539 1710 1579 1739 ad
1602 1710 1754 1750 temporis
1778 1709 1985 1750 prioritatem,
2009 1710 2042 1740 in
2065 1710 2128 1740 hoc
2142 1710 2231 1751 quod
2255 1709 2389 1742 sanctifi-

1322 1764 1336 1779 »
1361 1759 1428 1783 cata
1443 1753 1503 1784 fuit
1519 1755 1552 1784 in
1568 1764 1629 1785 sua
1650 1756 1857 1792 animatione,
1876 1754 1956 1785 idest
1975 1755 2007 1785 in
2025 1755 2248 1786 coniunctione
2261 1755 2391 1786 animae

1321 1809 1336 1824 ι
1358 1806 1430 1827 cum
1463 1808 1598 1838 corpore
1620 1799 1653 1829 in
1677 1806 1767 1829 utero
1791 1798 1900 1829 matris
1930 1809 2024 1837 suae,
2049 1804 2080 1830 et
2103 1809 2166 1830 non
2196 1804 2293 1830 ante:
2315 1799 2391 1840 quia

1321 1853 1335 1868 »
1357 1842 1569 1883 sanctificatio
1593 1848 1623 1873 et
1646 1843 1812 1873 mundatio
1825 1843 1872 1883 fit
1889 1853 1953 1883 per
1975 1845 2141 1884 gratiam,
2171 1844 2265 1874 cuius
2286 1844 2390 1875 subie-

1322 1898 1337 1913 »
1359 1891 1444 1916 ctum
1461 1892 1509 1918 est
1526 1888 1636 1918 anima
1646 1895 1660 1925 ‚·
1682 1887 1762 1917 nihil
1781 1887 1867 1918 enim
1883 1894 1929 1918 est
1948 1898 2044 1928 capax
2062 1887 2190 1928 gratiae,
2206 1887 2267 1918 nisi
2283 1888 2390 1919 anima

1320 1942 1335 1958 »
1357 1930 1527 1962 rationalis.
1543 1943 1557 1959 x>
1586 1932 1666 1963 Utor
1689 1942 1748 1972 ego
1773 1932 1893 1962 Veneta
1916 1931 2055 1963 editione
2079 1932 2165 1972 apud
2178 1931 2389 1963 Dominicum

1316 1974 1502 2006 Nicolinum
1525 1976 1599 2006 anni
1628 1976 1709 2007 1586
1734 1976 1767 2006 in
1790 1985 1822 2016 4.

1384 2019 1484 2055 Ouod
1506 2020 1611 2060 primo
1635 2021 1708 2051 loco
1731 2020 1825 2051 tradit
1842 2019 2048 2051 Bromiardus
2067 2019 2106 2050 de
2119 2019 2257 2060 Virginis
2273 2020 2388 2061 Deipa-

1317 2073 1368 2094 rae
1387 2063 1588 2095 immunitate
1606 2066 1645 2095 ab
1665 2065 1755 2095 omni
1775 2064 1869 2104 culpa
1890 2064 1998 2095 lethali
2017 2074 2052 2095 ac
2070 2064 2144 2103 levi,
2158 2064 2221 2095 iam
2243 2065 2388 2096 Thomas

1317 2107 1565 2140 luculentissime
1585 2110 1735 2140 docuerat
1757 2108 1790 2139 in
1809 2108 1917 2139 Tertia
1939 2109 2067 2140 laudata
2081 2109 2233 2140 Summae
2247 2109 2389 2140 Theolo-

1318 2152 1405 2192 gicae
1424 2160 1526 2194 parte:
1546 2164 1613 2184 non
1622 2163 1727 2184 xxxvu
1743 2153 1798 2184 sed
1813 2163 1898 2183 xxvn
1913 2153 2117 2194 quaestione,
2134 2163 2201 2183 non
2217 2153 2392 2185 miculos-1

1319 2197 1374 2227 sed
1393 2207 1426 2227 ιν
1449 2198 1504 2228 ubi
1527 2198 1673 2239 inquirit:
1697 2198 1813 2229 Utrum
1828 2207 1891 2238 per
1909 2197 2092 2228 huiusmodi
2105 2197 2391 2239 sanctificationem

1310 2241 1422 2282 suerit
1444 2249 1614 2274 consecuta
1638 2248 1674 2274 ut
1698 2252 1862 2283 nunquam
1881 2247 2043 2282 peccaret.
2068 2242 2160 2273 Hanc
2182 2251 2259 2273 vero
2283 2243 2392 2274 vicesi-

1319 2296 1404 2316 mam
1427 2288 1593 2327 septimam
1620 2287 1744 2318 Tertiae
1769 2286 1864 2327 partis
1894 2286 2116 2327 quaestionem
2143 2286 2286 2317 conferre
2312 2286 2393 2318 mihi

1319 2330 1412 2361 libuit
1434 2341 1509 2362 cum
1531 2332 1663 2362 vetustis
1686 2331 1830 2372 pluribus
1856 2330 2067 2369 editionibus,
2091 2331 2292 2372 maximeque
2316 2341 2392 2362 cum

1319 2375 1440 2406 Veneta
1463 2376 1538 2406 anni
1567 2377 1661 2416 1493,
1681 2386 1797 2417 easque
1820 2385 1933 2406 omnes
1958 2385 2033 2406 cum
2055 2375 2232 2406 recentibus
2256 2375 2392 2407 omnino

1320 2429 1477 2450 consonas
1501 2421 1714 2461 deprehendi;
1738 2420 1816 2462 quin
1835 2419 1994 2451 adiectum
2017 2419 2184 2461 quidpiam
2206 2426 2262 2451 aut
2283 2419 2390 2451 immi-

1320 2471 1436 2494 nutum
1464 2471 1520 2496 aut
1543 2466 1675 2496 demum
1702 2465 1909 2500 immutatum
1937 2464 2088 2505 suspicari
2112 2464 2183 2505 quis
2206 2464 2318 2495 valeat.
2347 2466 2392 2496 At

1320 2509 1444 2539 obstare
1473 2509 1620 2540 videntur
1649 2509 1741 2541 allata
1772 2508 1950 2540 Bromiardi
1979 2509 2083 2540 verba.
2119 2509 2207 2540 Nihil
2234 2508 2391 2540 mehercle

1319 2553 1436 2584 minus.

1387 2598 1479 2635 Quae
1502 2608 1641 2639 namque
1664 2598 1784 2629 tradere
1807 2597 1881 2628 loco
1901 2597 1996 2629 citato
2015 2597 2117 2638 pergit
2138 2597 2200 2635 ille,
2225 2597 2341 2638 partim
2355 2597 2390 2628 in

1320 2641 1452 2672 articulo
1476 2652 1501 2672 n
1525 2642 1668 2673 eiusdem
1697 2642 1891 2683 quaestionis
1924 2648 2086 2682 prostant:
2114 2641 2230 2681 partim
2263 2642 2302 2672 de
2328 2651 2390 2672 suo

1320 2685 1432 2716 adiecit
1454 2686 1522 2726 ipse
1544 2686 1595 2716 vel
1618 2686 1698 2717 alius
1717 2686 1876 2727 quispiam
1898 2685 2075 2716 Bromiardi
2094 2685 2310 2725 interpolator.
2340 2685 2389 2715 In·

1321 2730 1417 2769 quirit
1431 2730 1591 2771 Aquinas:
1615 2730 1730 2761 Utrum
1750 2730 1842 2760 beata
1865 2730 1962 2770 Virgo
1970 2729 2082 2770 suerit
2094 2729 2295 2770 sanctificata
2313 2734 2390 2760 ante

1321 2775 1580 2805 animationem?
1603 2774 1833 2811 Quaestionem
1856 2773 1990 2804 dirimit:
2013 2773 2206 2811 Dicendum,
2231 2773 2389 2814 inquiens,

1321 2818 1406 2858 quod
1427 2819 1639 2859 sanctificatio
1662 2818 1773 2849 beatae
1793 2817 1935 2859 Virginis
1957 2827 2021 2848 non
2031 2823 2138 2858 potest
2161 2818 2301 2859 intelligi
2313 2823 2391 2849 ante

1322 2863 1391 2893 eius
1413 2864 1654 2893 animationem.
1681 2862 1805 2893 Primae
1828 2861 1958 2893 rationis
1981 2868 2185 2893 momentum
2209 2862 2252 2893 sic
2275 2862 2388 2893 habet:

1325 2919 1340 2934 ‹
1362 2907 1447 2944 Quia
1471 2906 1668 2945 santificatio,
1692 2907 1731 2937 de
1754 2917 1818 2948 qua
1840 2906 2015 2947 loquimur,
2039 2916 2106 2937 non
2129 2913 2176 2937 est
2199 2907 2262 2937 nisi
2280 2916 2390 2937 emun-

1326 2963 1340 2979 »
1362 2952 1450 2982 datio
1464 2961 1485 2982 a
1495 2957 1629 2992 peccato
1643 2952 1816 2992 originali:
1831 2951 1976 2982 sanctitas
1991 2951 2077 2981 enim
2087 2957 2134 2982 est
2146 2951 2282 2991 perfecta
2296 2960 2390 2982 mun-

1325 3008 1340 3023 »
1363 2995 1449 3034 ditia,
1465 3003 1500 3026 ut
1514 2995 1688 3037 Dionysius
1702 2995 1778 3026 dicit
1791 2995 1824 3026 in
1837 3005 1883 3026 ιιι
1900 3005 1967 3036 cap.
1985 2995 2033 3026 De
2057 2995 2169 3026 divinis
2183 2995 2388 3027 Nominibus.

1325 3052 1340 3068 »
1363 3040 1469 3081 Culpa
1491 3047 1598 3071 autem
1626 3050 1693 3070 non
1716 3046 1821 3080 potest
1848 3039 2033 3079 emundari,
2063 3041 2126 3071 nisi
2141 3050 2206 3080 per
2226 3041 2388 3082 gratiam,

1325 3097 1340 3112 »
1363 3085 1454 3118 cuius
1477 3084 1656 3115 subiectum
1688 3091 1734 3115 est
1765 3084 1836 3115 sola
1865 3090 2016 3115 creatura
2039 3085 2229 3116 rationalis:
2261 3090 2293 3115 et
2314 3084 2388 3115 ideo

1325 3141 1340 3156 ι»
1362 3134 1438 3160 ante
1466 3129 1659 3170 infusionem
1683 3128 1807 3159 animae
1832 3128 1991 3159 rationalis
2015 3129 2105 3160 beata
2128 3129 2226 3169 Virgo
2254 3127 2390 3159 sanctifi-

1325 3186 1340 3201 »
1363 3179 1430 3204 cata
1453 3183 1519 3204 non
1543 3173 1611 3204 fuit.
1625 3185 1640 3200 ι
1667 3174 1754 3204 Haec
1770 3173 1881 3203 eadem
1896 3173 1983 3213 apud
2000 3173 2225 3204 Bromiardum
2247 3171 2389 3204 transcri-

1322 3224 1376 3258 pta
1398 3218 1557 3258 leguntur,
1573 3218 1627 3248 sed
1646 3217 1843 3258 interpolata.
1868 3217 2012 3248 Thomas
2031 3218 2088 3248 ait:
2103 3217 2333 3259 Sanctificatio,
2349 3216 2390 3247 de

1321 3272 1385 3303 qua
1409 3262 1571 3303 loquimur
1594 3260 1647 3304 (de
1670 3272 1734 3303 qua
1757 3261 1874 3292 scilicet
1896 3269 1952 3293 art.
1972 3271 1984 3293 1
2008 3269 2111 3302 egerat
2133 3260 2232 3305 ipse),
2256 3271 2319 3292 non
2343 3264 2391 3291 est

1323 3307 1385 3338 nisi
1407 3306 1591 3337 emundatio
1613 3316 1634 3337 a
1652 3311 1786 3347 peccato
1805 3307 1992 3347 originali...
2017 3307 2111 3347 culpa
2127 3311 2234 3337 autem
2254 3315 2317 3336 non
2327 3313 2388 3345 po-

1322 3356 1382 3382 test
1405 3351 1586 3389 emundari,
1611 3352 1674 3382 nisi
1690 3360 1755 3391 per
1775 3351 1930 3392 gratiam.
1953 3351 2033 3381 Tres
2052 3357 2228 3392 quatuorve
2252 3347 2389 3380 adsumit

1321 3405 1415 3426 voces
1438 3395 1659 3434 Bromiardus,
1684 3401 1818 3426 caeteras
1842 3405 1954 3426 omnes
1984 3394 2216 3436 praetermittit:
2240 3392 2388 3433 Sanctifi-

1322 3441 1416 3478 catio,
1441 3439 1597 3481 inquiens,
1622 3445 1653 3470 et
1675 3439 1840 3470 mundatio
1853 3439 1900 3481 fit
1915 3449 1980 3480 per
1996 3440 2150 3481 gratiam.
2173 3437 2271 3469 Addit
2289 3436 2388 3477 Aqui·

1322 3492 1395 3515 nas:
1422 3484 1556 3515 Gratiae
1578 3484 1752 3515 subiectum
1773 3493 1841 3515 esse
1855 3484 1958 3515 solam
1977 3489 2161 3515 creaturam
2185 3481 2387 3512 rationalem.

1323 3529 1411 3559 idem
1434 3528 1527 3559 tradit
1549 3528 1753 3559 Bromiardus
1784 3528 1991 3569 amplioribus
2013 3527 2132 3558 verbis:
2159 3526 2261 3557 Cuius
2286 3525 2389 3556 subie-

1322 3578 1406 3604 ctum
1431 3578 1478 3604 est
1499 3574 1608 3603 anima
1619 3580 1632 3611 ,·
1655 3573 1735 3603 nihil
1754 3573 1837 3603 enim
1857 3577 1904 3603 est
1921 3581 2028 3612 capax
2043 3571 2184 3613 gratiae,
2201 3570 2263 3600 nisi
2276 3570 2386 3600 anima

1322 3618 1501 3648 rationalis.
1533 3616 1706 3648 Concludit
1728 3616 1889 3647 Thomas:
1920 3616 1964 3647 Et
1991 3616 2061 3646 ideo
2090 3619 2166 3645 ante
2194 3613 2387 3654 infusionem
