2788 4204
68 317 102 337 ⁶0:
108 313 280 337 aestimatione.

67 343 113 363 “o
138 340 235 363 metius:
258 339 281 360 in

68 369 149 391 aliam.

67 531 76 538 '
86 535 114 558 ιτ.
126 528 171 549 ima
189 527 280 558 inq-0

68 558 143 576 omitt.
158 560 173 575 a
183 559 266 575 icarus.

68 636 76 644 ⁸
86 641 115 655 u:
131 634 155 655 in
169 632 267 660 aliquod
272 640 280 658 ,-

66 666 191 683 scoomsr:
199 659 232 681 ad
239 660 279 681 ali-

66 687 130 715 quid.

166 724 183 748 μ

64 1005 73 1013 ·
84 1009 142 1024 nnn:
165 1001 259 1022 omissis
265 1008 274 1025 ,-

65 1036 91 1051 οε
107 1029 129 1050 lo
149 1028 177 1049 ic.
189 1029 253 1054 part.

63 1058 72 1065 '
83 1056 117 1077 Co
135 1056 157 1076 d.
168 1066 177 1070 -
189 1061 215 1075 r:
240 1055 276 1074 at-

63 1081 207 1104 tendendum.

60 1273 71 1283 *
82 1271 155 1294 Codd.
170 1283 185 1287 -
200 1278 223 1292 ιη
249 1271 272 1292 in

59 1305 105 1320 sec.
118 1300 196 1326 parte.

59 1327 68 1335 ·
75 1332 91 1346 n
100 1325 174 1346 omitt.
184 1324 274 1346 demon-

58 1352 168 1373 strativo.

59 1380 67 1387 “”
79 1379 142 1400 Lect.
160 1384 190 1399 iv.

57 1488 66 1495 ·
75 1485 110 1507 Cf.
119 1485 157 1506 lib.
164 1485 173 1506 Ι
181 1484 268 1509 Periit„

58 1517 109 1538 lect.
124 1523 161 1542 vn,
182 1518 230 1537 not.
246 1521 270 1536 α.

130 1699 193 1745 Ρίἔιο

55 1751 229 1799 ffssfnfmm'
236 1756 268 1776 iu,

53 1860 62 1867 '
71 1864 119 1879 mx.-
127 1856 211 1879 Codd.:
222 1862 268 1877 ma-

54 1884 169 1909 teriales,-
187 1890 203 1904 K
218 1889 265 1904 om.

53 1913 104 1932 nat.
119 1914 141 1931 et
155 1912 238 1931 mater.

52 1938 87 1958 *ic
98 1943 157 1965 quas
159 1936 266 1965 formas.

51 1965 62 1974 ⁴*
72 1971 97 1985 a:
113 1970 128 1985 a
143 1965 238 1985 natura.

156 2278 167 2310 Ε

49 2338 57 2345 ·
75 2335 151 2363 Quasi
174 2342 221 2357 om.
243 2342 264 2357 m

49 2369 91 2388 un,
112 2363 151 2383 sed
171 2362 224 2383 add.
240 2363 262 2384 in

50 2395 122 2416 marg.
137 2395 160 2410 κ.

47 2439 59 2449 “
76 2444 100 2459 1:
138 2438 260 2459 contraria

49 2465 101 2486 huic
115 2466 195 2492 quant.

316 232 386 267 140

308 300 382 336 hoc
411 299 604 336 ordinatur
631 300 844 336 Rhetorica.
863 321 887 327 -
903 299 1146 347 Quandoque
1170 311 1265 335 vero
1295 300 1375 336 sola

309 352 532 389 existimatio
543 353 563 373 '¹‘
573 352 734 389 declinat
744 352 781 388 in
797 353 962 401 aliquam
975 353 1018 373 ἦ*
1023 360 1171 401 partem
1188 352 1373 389 contradi-

310 406 441 442 ctionis
459 413 614 454 propter
633 405 798 453 aliquam
814 405 1212 454 repraesentationem,
1226 405 1274 441 ad
1290 417 1373 442 mo-

310 459 402 496 dum
431 471 508 507 quo
536 459 579 495 fit
606 458 753 495 homini
781 458 1013 494 abominatio
1043 458 1199 494 alicuius
1229 458 1317 505 cibi,
1343 459 1373 495 si

309 519 609 561 repraesentetur
625 511 658 547 ei
672 512 742 547 sub
758 511 998 547 similitudine
1015 512 1034 530 ὓ
1050 510 1205 547 alicuius
1225 511 1372 548 abomi-

307 565 451 602 nabilis.
473 565 522 601 Et
549 564 597 601 ad
616 565 690 600 hoc
710 563 904 600 ordinatur
922 564 1092 608 Poetica‚·
1116 575 1207 600 nam
1234 573 1372 612 poetae

308 626 363 655 est
390 618 567 654 inducere
596 617 644 653 ad
674 616 1087 664 aliquod*virtuosum
1107 629 1176 665 per
1205 617 1371 665 aliquam

307 672 504 710 decentem
520 669 903 717 repraesentationem
918 676 947 706 μ.
967 670 1108 706 Omnia
1128 677 1256 706 autem
1276 671 1371 707 haec

307 725 354 761 ad
382 723 620 760 Rationalem
647 723 924 770 Philosophiam
951 723 1159 771 pertinent:
1190 723 1370 760 inducere

306 777 406 814 enim
437 788 481 812 ex
510 788 586 812 uno
615 775 654 812 in
682 776 782 813 aliud
812 775 966 813 rationis
995 784 1059 813 est.

358 829 487 866 Tertio
517 836 644 865 autem
672 829 866 877 processui
902 829 1054 866 rationis
1090 830 1255 867 deservit
1282 842 1369 878 pars

305 883 479 930 Logicae,
501 894 599 929 quae
620 882 753 919 dicitur
772 883 990 931 Sophistica,
1022 883 1069 919 de
1089 895 1165 931 qua
1194 883 1268 931 agit
1286 883 1368 920 Ari-

304 936 453 972 stoteles
482 935 520 972 in
548 934 643 971 libro
670 936 938 972 Elenchorum.

356 1001 390 1037 7.
412 988 502 1025 Aliis
531 987 640 1035 igitur
666 989 836 1037 partibus
857 989 1020 1036 Logicae
1040 989 1314 1037 praetermissis
1336 990 1366 1035 *,

302 1042 349 1079 ad
378 1053 557 1090 praesens
577 1041 852 1079 intendendum
867 1043 887 1063 *
902 1050 957 1079 est
977 1042 1074 1079 circa
1102 1051 1249 1091 partem
1274 1043 1369 1079 iudi-

301 1096 474 1141 cativam.
486 1102 608 1144 >prout
622 1095 779 1132 traditur
793 1096 831 1132 in
850 1096 946 1132 libro
960 1096 1217 1132 Posteriorum
1232 1096 1367 1144 analy-

301 1149 470 1186 ticorum.
503 1147 578 1195 Qui
608 1148 785 1186 dividitur
813 1149 851 1186 in
873 1156 1000 1197 partes
1029 1149 1143 1186 duas:
1166 1149 1204 1186 in
1223 1149 1365 1197 prima,

301 1202 463 1239 ostendit
481 1202 742 1239 necessitatem
763 1202 1051 1239 demonstrativi
1070 1202 1288 1250 syllogismi,
1319 1203 1367 1240 de

301 1268 377 1304 quo
397 1263 452 1292 est
471 1255 539 1291 iste
559 1254 667 1301 liber;
689 1255 726 1292 in
746 1255 912 1292 secunda
928 1256 961 1301 *,
979 1255 1026 1292 de
1042 1255 1124 1303 ipso
1146 1255 1365 1303 syllogismo

301 1308 601 1346 demonstrativo
616 1309 636 1330 *
651 1308 890 1353 determinat3
913 1309 980 1345 ibi:
1002 1309 1107 1345 Scire
1133 1314 1258 1345 autem
1288 1310 1365 1357 opi-

300 1374 439 1399 namur
467 1363 486 1381 *
517 1370 584 1400 etc.

353 1417 387 1452 8.
410 1416 625 1453 Necessitas
645 1422 771 1451 autem
793 1414 989 1451 cuiuslibet
1018 1414 1071 1451 rei
1091 1414 1286 1451 ordinatae
1316 1416 1364 1452 ad

299 1469 418 1505 finem
446 1481 490 1505 ex
516 1481 585 1506 suo
605 1469 681 1505 fine
702 1468 861 1504 sumitur
887 1468 922 1511 *;
943 1467 1030 1504 finis
1054 1475 1183 1504 autern
1204 1467 1363 1504 demon-

298 1521 439 1558 strativi
467 1521 672 1570 syllogismi
701 1528 756 1557 est
788 1520 982 1569 acquisitio
1012 1520 1210 1566 scientiae;
1239 1520 1360 1566 unde,

298 1575 328 1611 si
347 1575 501 1611 scientia
520 1575 661 1624 acquiri
681 1586 759 1610 non
777 1581 907 1622 posset
930 1585 999 1622 per
1018 1573 1281 1622 syllogismum
1301 1575 1363 1611 vel

297 1636 574 1675 argumentum,
596 1627 697 1664 nulla
727 1635 824 1663 esset
843 1627 1045 1664 necessitas
1075 1627 1362 1664 demonstrativi

297 1681 502 1729 syllogismi
517 1687 539 1718 ⁹.
562 1681 692 1718 Posuit
711 1687 838 1717 autern
860 1681 966 1717 Plato
984 1681 1004 1701 *
1018 1681 1123 1728 quod
1151 1680 1304 1717 scientia
1324 1681 1362 1717 in

296 1734 406 1771 nobis
426 1746 505 1771 non
525 1742 700 1771 causatur
720 1745 764 1770 ex
784 1733 1016 1782 syllogismo,
1042 1734 1109 1771 sed
1135 1746 1180 1770 ex
1203 1734 1362 1783 impres-

295 1787 401 1824 sione
431 1788 641 1824 formarum
671 1787 850 1824 idealium
880 1787 917 1823 in
946 1787 1093 1824 animas
1122 1794 1288 1833 nostras,
1317 1799 1361 1824 ex

295 1841 431 1890 quibus
461 1841 574 1878 etiam
605 1841 759 1878 effluere
789 1840 938 1877 dicebat
966 1841 1109 1877 formas
1138 1842 1361 1877 naturales⁴·

294 1894 332 1930 in
362 1895 474 1931 rebus
503 1894 745 1940 naturalibus,
767 1906 862 1941 quas
881 1894 901 1914 *
918 1894 1087 1942 ponebat
1113 1906 1194 1930 esse
1214 1893 1361 1942 partici-

293 1947 466 1996 pationes
485 1948 672 1997 quasdam
688 1948 899 1984 formarum
919 1959 941 1983 a
962 1947 1119 1984 materia
1136 1949 1156 1968 ‘¹‘
1172 1955 1360 1996 separata-

295 2013 392 2038 rum.
423 2002 480 2038 Ex
509 2014 585 2050 quo
615 2001 844 2049 sequebatur
870 2000 975 2049 quod
1003 2000 1150 2048 agentia
1179 2000 1361 2037 naturalia

293 2067 372 2091 non
401 2055 606 2092 causabant
634 2055 776 2091 formas
804 2053 843 2091 in
872 2054 985 2090 rebus
1014 2053 1267 2100 inferioribus,
1295 2055 1360 2091 sed

293 2109 418 2144 solum
447 2108 645 2144 materiam
673 2107 952 2156 praeparabant
980 2107 1027 2144 ad
1055 2107 1360 2156 participandum

292 2161 434 2198 formas
463 2169 664 2210 separatas.
696 2162 744 2198 Et
772 2161 940 2198 similiter
963 2161 1133 2209 ponebat
1160 2161 1263 2209 quod
1292 2172 1361 2209 per

291 2215 457 2251 studium
479 2222 515 2251 et
530 2214 747 2251 exercitium
764 2226 843 2251 non
864 2222 1039 2251 causatur
1058 2213 1096 2250 in
1111 2213 1222 2250 nobis
1242 2213 1360 2250 scien-

290 2268 340 2304 tia
355 2265 369 2291 ξ
378 2281 386 2314 ;
403 2267 469 2305 sed
480 2275 627 2305 tantum
643 2275 890 2305 removentur
900 2267 1185 2316 impedimenta,
1199 2275 1235 2304 et
1250 2267 1359 2304 redu—

291 2321 384 2358 citur
398 2322 517 2358 homo
533 2321 640 2370 quasi
654 2321 720 2358 *in
731 2321 960 2358 memoriam
978 2332 1124 2367 eorum,
1137 2333 1236 2368 quae
1252 2329 1359 2357 natu-

289 2374 413 2411 raliter
432 2374 499 2411 scit
518 2387 563 2411 ex
583 2374 834 2423 impressione
855 2374 1068 2411 formarum
1084 2381 1357 2423 separatarum.

291 2427 483 2464 Sententia
499 2435 626 2464 autem
646 2427 856 2464 Aristotelis
872 2435 927 2464 est
943 2427 1130 2464 contraria
1143 2427 1359 2475 *quantum

288 2481 337 2518 ad
365 2488 564 2530 utrunque.
596 2481 707 2517 Ponit
736 2481 836 2518 enim
858 2481 965 2529 quod
994 2480 1142 2517 formae
1170 2481 1358 2517 naturales

288 2658 327 2683 alii
347 2658 448 2683 codices
467 2656 597 2687 exhibent,
617 2663 750 2689 quamque
769 2656 827 2680 ideo
846 2656 1085 2688 adoptamus.-H:
1105 2659 1269 2686 moueretur,
1290 2663 1357 2688 quae

287 2701 341 2718 non
360 2698 400 2718 est
418 2693 486 2717 bona
504 2693 588 2722 lectio,
606 2697 636 2716 ut
654 2696 723 2724 patet
741 2699 772 2716 ex
790 2696 917 2716 contextu.

341 2728 369 2762 μ)
389 2729 441 2753 Per
460 2728 503 2760 (O,
514 2727 637 2760 propter)
656 2727 773 2759 aliquam
792 2727 925 2752 decentem
946 2726 991 2759 (Q,
1001 2726 1181 2759 praesentem)
1201 2733 1356 2758 repraesen-

287 2764 422 2789 tationem.
441 2763 525 2788 Editio
543 2763 634 2787 Pinna:
650 2770 701 2794 per
719 2762 835 2795 aliquam
850 2762 1054 2794 praecedentem
1074 2762 1356 2793 repraesentationem.

286 2800 402 2832 Utraque
420 2799 494 2824 lectio
513 2799 582 2823 bona
600 2803 652 2829 est3
672 2798 764 2823 melior
779 2802 867 2823 tamen
886 2805 917 2822 ea
935 2802 983 2828 est,
998 2805 1078 2830 quam
1093 2797 1212 2822 dedimus
1232 2805 1262 2822 ex
1281 2797 1356 2822 codd.

339 2834 363 2869 ν)
384 2834 415 2859 Si
432 2834 543 2860 scientia
561 2833 665 2866 acquiri
690 2840 741 2858 non
757 2836 850 2865 posset
868 2837 915 2858 etc.
942 2833 1012 2857 Haec
1031 2833 1173 2865 propositio
1192 2832 1356 2865 hypothetica

286 2875 338 2896 tres
358 2871 497 2895 sententias
515 2870 637 2902 implicite
655 2869 840 2902 complectitur,
860 2875 971 2901 quarum
987 2868 1060 2899 duae,
1076 2875 1170 2900 nempe
1187 2868 1317 2892 Platonica
1331 2872 1357 2892 et

285 2906 446 2930 Aristotelica
464 2906 614 2936 recitantur;
639 2905 712 2929 tertia
735 2909 822 2929 autem
841 2904 1053 2936 subintelligitur,
1078 2903 1139 2936 quia
1157 2904 1198 2928 vix
1217 2911 1246 2928 ac
1264 2910 1297 2928 ne
1314 2903 1357 2928 vix

286 2942 391 2974 quidem
417 2941 492 2974 digna
510 2945 551 2965 est
568 2945 596 2965 ut
614 2940 775 2970 nominetur,
799 2947 894 2972 nempe
917 2939 1062 2964 academica
1081 2946 1128 2964 seu
1148 2939 1266 2971 sceptica.
1290 2939 1356 2963 Aca-

286 2977 377 3001 demici
396 2977 465 3001 enim
485 2984 532 3001 seu
551 2976 655 3008 sceptici
675 2975 736 3000 nihil
755 2979 826 3000 certo
845 2975 901 2999 sciri
921 2974 952 2999 ab
972 2974 1077 2999 homine
1090 2982 1170 3007 posse
1184 2973 1356 3005 affirmabant,

286 3013 332 3037 sed
351 3017 394 3036 aut
412 3012 580 3036 dubitandum
598 3019 658 3036 esse
677 3011 709 3036 de
727 3010 849 3035 omnibus
868 3015 912 3035 aut
930 3010 1031 3034 nonnisi
1050 3010 1257 3043 probabilitatem
1276 3017 1356 3042 posse

286 3047 406 3080 contingi.
425 3047 492 3072 Cum
511 3054 574 3080 ergo
592 3045 650 3071 finis
669 3046 895 3071 demonstrationis
915 3046 949 3070 sit
967 3046 998 3070 ad
1022 3045 1214 3076 certitudinem,
1233 3045 1283 3070 hoc
1302 3050 1355 3076 est,

286 3083 317 3107 ad
332 3083 464 3107 scientiam
480 3083 621 3116 perducere
627 3090 634 3114 ;
654 3081 703 3106 hoc
721 3080 773 3106 tine
787 3081 818 3106 ab
832 3081 994 3106 Academicis
1009 3081 1148 3111 subtracto,
1164 3081 1235 3105 nulla
1247 3085 1287 3105 est
1301 3088 1355 3105 am-

285 3119 352 3150 plius
367 3118 591 3143 demonstrationis
606 3117 755 3142 necessitas.
771 3117 843 3141 Plato
857 3124 920 3141 vero
934 3116 1046 3149 ponebat
1059 3117 1192 3141 scientiam
1206 3116 1281 3141 nobis
1295 3123 1354 3141 esse

285 3154 404 3184 inditam,
430 3159 455 3178 et
479 3153 603 3186 quidquid
628 3153 661 3177 de
685 3160 753 3177 novo
777 3153 835 3176 sciri
859 3152 934 3176 nobis
953 3152 1070 3182 videtur,
1097 3159 1149 3176 non
1175 3159 1235 3176 esse
1259 3159 1354 3176 novam

285 3189 431 3220 scientiam,
451 3189 497 3213 sed
515 3189 601 3213 verius
624 3187 842 3212 reminiscentiam
861 3195 949 3212 rerum
969 3187 1122 3218 inditarum,
1141 3187 1187 3212 sed
1206 3183 1362 3212 obliturum(

285 3224 476 3249 Demonstratio
495 3229 581 3249 autern
605 3223 737 3248 ordinatur
755 3231 807 3248 non
832 3223 863 3248 ad
887 3223 1041 3247 memoriam
1064 3223 1236 3253 excitandam,
1256 3222 1303 3247 sed
1322 3222 1354 3247 ad

285 3260 468 3292 acquirendam
491 3259 638 3289 scientiam,
662 3266 714 3283 non
737 3258 850 3283 habitam
876 3263 935 3283 ante
959 3258 1214 3283 demonstrationem.
1239 3258 1309 3291 Ergo
1328 3257 1354 3282 in

285 3296 410 3320 sententia
433 3295 563 3320 Platonica
586 3294 657 3319 nulla
681 3299 722 3319 est
745 3295 821 3319 etiam
845 3294 984 3318 necessitas
1008 3293 1243 3318 demonstrationis.
1267 3293 1355 3318 Tertia

286 3335 325 3354 est
343 3331 468 3355 sententia
485 3330 645 3361 Aristotelis,
670 3330 714 3363 qui
734 3335 759 3354 et
777 3329 909 3355 scientiam
933 3329 1021 3354 haberi
1041 3337 1055 3354 a
1073 3329 1148 3354 nobis
1167 3336 1247 3362 posse
1266 3334 1355 3354 contra

285 3366 411 3398 scepticos
430 3366 522 3390 merito
540 3370 640 3396 tuetur,
659 3370 686 3390 et
703 3365 836 3390 scientiam
856 3373 913 3389 non·
928 3365 1003 3390 nobis
1027 3364 1134 3390 inditam
1153 3371 1228 3395 esse,
1247 3364 1293 3389 sed
1312 3371 1353 3389 ac-

286 3401 350 3432 quiri
376 3402 522 3426 successive
540 3409 586 3433 per
604 3408 758 3433 processum
777 3408 791 3425 a
810 3400 980 3433 praecognitis
1005 3400 1134 3433 principiis
1154 3400 1186 3424 ad
1209 3400 1354 3425 conclusio-

286 3443 332 3460 nes
351 3443 381 3460 ex
405 3437 496 3461 iisdem
519 3437 647 3469 principiis
672 3435 826 3461 inserendas.
852 3436 918 3460 Hinc
942 3436 1084 3460 necessitas
1110 3435 1352 3466 demonstrationis,

286 3478 338 3502 qua
356 3472 411 3496 sola
429 3479 459 3496 ex
477 3472 605 3504 principiis
621 3472 696 3496 certis
711 3472 735 3496 in
751 3472 820 3496 aliud
834 3476 906 3496 certo
921 3471 1133 3504 cognoscendum
1148 3470 1353 3504 argumentando

285 3507 569 3537 procedimus.-Quae
588 3507 734 3532 immediate
752 3512 898 3540 sequuntur
917 3506 1029 3539 legimus
1049 3507 1085 3530 uti
1105 3506 1206 3531 codices
1226 3506 1352 3539 legunt.-

285 3540 320 3564 P:
340 3541 431 3566 Posuit
449 3545 537 3567 autem
556 3542 634 3567 Plato
653 3542 724 3574 quod
746 3542 857 3567 scientia
877 3549 928 3567 non
949 3544 1077 3566 causatur
1101 3542 1127 3567 in
1149 3541 1223 3566 nobis
1241 3547 1279 3566 ex
1296 3541 1353 3575 syl-

286 3575 397 3609 logismo
417 3581 464 3601 etc.

896 221 1279 258 POSTERIORUM
1307 221 1737 259 ANALYTICORUM
1766 223 1858 259 LIB.
1891 225 1917 260 Ι.

1433 300 1663 337 reducuntur
1681 301 1752 338 *in
1780 310 1907 339 actum
1927 315 1949 339 a
1969 303 2100 340 formis
2129 316 2228 352 quae
2249 313 2335 342 sunt
2363 305 2400 342 in
2421 318 2500 343 ma-
2531 318 2539 325 ·
2562 322 2743 344 Ascuam-„0⁸

1430 353 1543 399 teria,
1574 354 1711 391 scilicet
1740 367 1761 391 a
1790 355 1921 392 formis
1959 357 2185 393 naturalium
2216 358 2421 405 agentium.
2452 358 2502 396 Et
2529 343 2742 396 {iiiffss's‘iti‘r‘iri

1430 406 1598 443 similiter
1626 407 1733 455 ponit
1752 408 1858 456 quod
1885 409 2039 446 scientia
2058 410 2101 447 fit
2129 410 2167 447 in
2187 411 2298 447 nobis
2327 418 2412 448 actu
2431 424 2500 461 per
2528 398 2590 418 ‘²⁶¹⁸'

1429 459 1596 507 aliquam
1612 460 1806 497 scientiam
1827 461 1865 498 in
1884 463 1994 499 nobis
2013 463 2339 511 praeexistentem.
2357 465 2406 501 Et
2423 466 2498 502 hoc

1430 520 1484 548 est
1503 513 1585 549 fieri
1614 513 1652 550 in
1671 514 1781 551 nobis
1810 515 2005 552 scientiam
2024 528 2094 564 per
2112 517 2375 564 syllogismum
2400 519 2499 555 aut*
2525 529 2574 550 *οε
2589 531 2690 557 autper-
2739 529 2742 531 “

1429 574 1696 612 argumentum
1725 567 2011 617 quodcumque.
2035 570 2138 606 Nam
2169 582 2214 606 ex
2236 582 2315 606 uno
2335 570 2373 607 in
2393 571 2496 608 aliud

1428 620 1730 665 argumentando
1759 621 2004 669 procedimus
2027 624 2058 659 ss.
2523 627 2738 663 ‘uzq‘uodcumque

1482 683 1517 719 9.
1538 672 1600 709 Ad
1620 673 1900 710 ostendendum
1921 675 2029 722 igitur
2048 676 2310 713 necessitatem
2335 676 2494 713 demon·
2523 661 2739 716 iifflffssig‘ff

1427 724 1569 760 strativi
1612 726 1838 773 syllogismi,
1877 728 2081 775 praemittit
2123 723 2342 766 Aristoteles
2389 730 2494 778 quod
2522 714 2648 762 Ξῗῖηηιῖῗάο
2657 721 2738 742 ”⁰⁶⁶

1428 777 1588 824 cognitio
1619 778 1656 814 in
1684 779 1795 815 nobis
1823 780 2028 827 acquiritur
2056 793 2101 817 ex
2126 781 2251 829 aliqua
2280 782 2492 830 cognitione

1424 830 1699 878 praeexistenti.
1733 833 1822 869 Duo
1860 832 1970 880 igitur
2007 833 2107 870 facit:
2137 834 2263 882 primo
2295 835 2329 881 ²¹⁸,
2369 844 2492 872 osten·
2521 851 2735 878 ucomoqmpr.

1425 883 1477 919 dit
1495 884 1515 904 *
1537 884 1798 932 propositum;
1829 886 2018 933 secundo,
2050 886 2163 923 docet
2190 887 2352 924 modum
2384 901 2492 936 prae·
2516 882 2737 934 ἕῗῖἕᾟίἷῗρξὲἔῗαῑῗ

1426 937 1647 984 cognitionis
1659 937 1760 983 ;..ibi:
1786 939 1995 986 Dupliciter
2013 945 2137 976 autem
2157 941 2178 960 *
2198 947 2266 977 etc.
2289 940 2399 977 Circa
2418 941 2491 989 pri·
2519 931 2736 988 *illaaz‘l'e‘f'an

1424 1001 1533 1026 mum
1563 990 1640 1027 duo
1669 991 1765 1028 facit.
1796 991 1938 1038 Primo,
1960 992 2103 1029 inducit
2121 993 2376 1030 universalem
2404 1006 2491 1042 pro·
2520 985 2694 1030 ffiieffiifnfffl'

1422 1043 1651 1090 positionem
1671 1044 1910 1093 propositum
1937 1046 2205 1093 continentem,
2227 1046 2366 1083 scilicet
2384 1047 2492 1095 quod

1423 1097 1592 1145 acceptio
1614 1097 1836 1145 cognitionis
1865 1098 1903 1135 in
1922 1098 2033 1135 nobis
2061 1099 2104 1136 fit
2133 1111 2177 1136 ex
2206 1100 2330 1148 aliqua
2358 1112 2490 1148 praee-

1421 1149 1568 1186 xistenti
1589 1150 1814 1198 cognitione.
1836 1152 1885 1188 Et
1911 1151 1999 1188 ideo
2029 1152 2132 1189 dicit:
2162 1153 2292 1190 Omnis
2319 1153 2490 1190 doctrina

1421 1208 1458 1238 et
1483 1203 1604 1240 omnis
1632 1204 1846 1252 disciplina,
1876 1217 1955 1241 non
1983 1212 2110 1242 autem
2148 1206 2270 1242 omnis
2302 1207 2487 1256 cognitio,

1421 1256 1510 1303 quia
1520 1269 1599 1293 non
1614 1257 1738 1294 omnis
1754 1258 1917 1305 cognitio
1934 1270 1979 1295 ex
1989 1258 2105 1307 priori
2121 1259 2335 1307 cognitione
2347 1259 2488 1308 depen—

1422 1309 1484 1345 det
1498 1314 1525 1345 ο;
1548 1318 1645 1346 esset
1660 1310 1760 1347 enim
1777 1311 1815 1347 in
1830 1311 2019 1348 infinitum
2035 1311 2138 1348 abire
2153 1313 2184 1349 ³⁸.
2202 1311 2340 1349 Omnis
2360 1320 2488 1349 autem
2518 1348 2525 1354 ,
2537 1322 2666 1369 Codd‘jp
2687 1348 2725 1370 m

2516 1379 2527 1389 ⁴⁸
2537 1384 2564 1400 n:
2579 1378 2711 1401 doctr-inae.

2518 1432 2526 1440 ¹
2536 1438 2564 1453 n:
2579 1432 2651 1454 acuo.

1421 1362 1638 1410 disciplinae
1649 1364 1848 1413 *acceptio
1866 1376 1910 1401 ex
1924 1365 2188 1413 praeexistenti
2203 1365 2416 1413 cognitione
2433 1366 2486 1403 fit.

1420 1415 1577 1452 Nomen
1599 1417 1620 1437 '¹‘
1640 1424 1767 1453 autem
1806 1417 1998 1454 doctrinae
2028 1426 2064 1455 et
2092 1418 2309 1467 disciplinae
2342 1418 2392 1455 ad
2425 1431 2487 1455 co-

1418 1468 1594 1515 gnitionis
1614 1469 1901 1517 acquisitionem
1921 1471 2091 1519 pertinet.
2118 1472 2221 1508 Nam
2242 1471 2412 1509 doctrina
2433 1480 2488 1509 est

1418 1521 1516 1557 actio
1545 1521 1638 1568 eius,
1658 1522 1723 1570 qui
1743 1523 1884 1571 aliquid
1905 1536 2135 1571 cognoscere
2163 1525 2266 1570 facit;
2292 1524 2487 1574 disciplina

1417 1582 1546 1611 autem
1563 1582 1618 1611 est
1633 1575 1797 1624 receptio
1812 1577 1832 1597 *
1847 1577 2069 1624 cognitionis
2083 1578 2131 1614 ab
2147 1577 2233 1614 alio.
2250 1578 2342 1614 Non
2357 1585 2486 1614 autem

1417 1627 1626 1676 accipitur*
1635 1628 1695 1665 hic
1712 1628 1881 1666 doctrina
1897 1637 1933 1666 et
1943 1630 2138 1679 disciplina
2152 1630 2365 1668 secundum
2380 1630 2486 1679 quod

1418 1692 1458 1717 se
1485 1681 1627 1718 habent
1646 1681 1695 1718 ad
1714 1682 2003 1730 acquisitionem
2031 1683 2208 1720 scientiae
2237 1690 2396 1729 tantum,
2417 1683 2486 1721 sed

1416 1733 1466 1771 ad
1485 1734 1772 1782 acquisitionem
1802 1736 2024 1783 cognitionis
2053 1736 2342 1785 cuiuscumque.
2366 1736 2485 1783 Quod

1416 1795 1528 1835 patet,
1550 1787 1639 1835 quia
1659 1788 1872 1826 manifestat
1896 1790 1994 1826 hanc
2018 1789 2321 1838 propositionem
2336 1795 2355 1812 π
2371 1789 2484 1827 etiam
2610 1807 2629 1824 κ
2657 1797 2660 1800 ’

1416 1841 1454 1876 in
1484 1840 1718 1889 disputativis
1748 1849 1783 1878 et
1800 1842 1820 1863 *
1839 1842 2032 1879 rhetoricis
2062 1843 2389 1891 disputationibus,
2415 1855 2485 1892 per
2511 1855 2645 1878 *mein

1416 1906 1511 1942 quas
1531 1907 1611 1931 non
1630 1894 1834 1943 acquiritur
1852 1895 2017 1932 scientia.
2034 1896 2196 1944 Propter
2209 1897 2315 1944 quod
2336 1896 2450 1933 etiam
2464 1896 2485 1917 *
2510 1904 2725 1952 ’ᾍνοζὲαζοεν

1416 1959 1494 1983 non
1515 1947 1602 1984 dicit
1622 1959 1666 1984 ex
1684 1948 1948 1997 praeexistenti
1975 1949 2128 1986 scientia
2156 1950 2218 1986 vel
2247 1949 2428 1986 intellectu
2449 1949 2482 1996 *,
2511 1937 2568 1979 ³⁴Cf-
2583 1946 2724 1985 ium-1114,

1415 2000 1483 2037 sed
1510 2000 1770 2038 universaliter
1797 2002 2020 2051 cognitione.
2045 2002 2162 2039 Addit
2190 2010 2319 2039 autern
2347 2002 2484 2040 intelle·
2511 1991 2560 2010 '’⁰‘'
2574 1994 2599 2019 γ’

1415 2054 1512 2090 ctiva
1550 2054 1598 2091 ad
1638 2054 1917 2091 excludendum
1959 2055 2222 2104 acceptionem
2260 2055 2483 2103 cognitionis

1416 2106 1616 2144 sensitivae
1653 2108 1714 2144 vel
1751 2107 2028 2155 imaginativae.
2059 2109 2163 2145 Nam
2200 2108 2409 2157 procedere
2438 2120 2484 2145 ex

1414 2172 1493 2197 uno
1523 2160 1562 2197 in
1590 2160 1691 2198 aliud
1722 2161 1874 2198 rationis
1904 2169 1959 2198 est
1987 2162 2123 2198 solum.

1474 2226 1531 2250 10.
1554 2213 1746 2260 Secunde,
1759 2227 1847 2251 cum
1864 2214 1967 2251 dicit:
1978 2214 2274 2252 Mathematicae
2283 2214 2383 2252 enim
2399 2221 2482 2261 etc„

1414 2266 1629 2304 manifestat
1655 2267 1958 2316 propositionem
1995 2268 2246 2317 praemissam
2274 2279 2344 2317 per
2374 2267 2483 2304 indu-

1416 2320 1592 2357 ctionem.
1622 2321 1670 2357 Et
1697 2320 1843 2369 primo,
1874 2321 1912 2358 in
1941 2321 2248 2359 demonstrativis
2277 2321 2315 2358 in
2343 2320 2482 2370 quibus

1414 2373 1619 2422 acquiritur
1633 2374 1797 2411 scientia.
1816 2375 1858 2411 In
1877 2373 1935 2411 his
1955 2382 2084 2411 autem
2098 2373 2383 2424 principaliores
2398 2380 2485 2411 sunt

1415 2427 1710 2464 Mathematicae
1726 2427 1913 2474 scientiae,
1929 2435 2085 2477 propter
2101 2427 2354 2465 certissimum
2365 2428 2384 2447 ⁴¹
2400 2439 2483 2464 mo·

1415 2479 1507 2517 dum
1538 2480 1880 2518 demonstrationis.
1912 2481 2201 2530 Consequenter
2237 2487 2365 2518 autem
2398 2486 2486 2517 sunt
2511 2470 2523 2485 ⁸

2515 1484 2635 1506 Doctrina.

2514 1537 2649 1565 Disciplina.

2515 1593 2523 1600 ·
2532 1597 2559 1612 a:
2573 1591 2688 1618 acceptio.

2513 1645 2522 1653 ·
2534 1643 2663 1666 Codd.-t:
2687 1649 2730 1666 nec

2513 1668 2729 1728 aaran

2512 1724 2613 1745 etr-inan·
2623 1725 2648 1745 et
2655 1722 2728 1745 deser·

2508 1749 2608 1777 plinam.

2513 2437 2724 2486 'mattenh-

1465 2654 1489 2690 ξ)
1510 2656 1562 2680 Per
1575 2656 1693 2681 studium
1709 2659 1735 2681 et
1748 2655 1907 2681 exercitium
1922 2663 1974 2680 non
1988 2659 2116 2681 causatur
2129 2660 2177 2680 etc.
2197 2655 2265 2686 Quid
2280 2656 2313 2681 sit
2326 2656 2396 2681 istud
2410 2663 2482 2681 exer-

1411 2692 1498 2716 citium
1518 2691 1667 2716 distinctum
1686 2699 1701 2716 a
1720 2692 1806 2716 studio
1825 2692 1937 2716 novitius
1956 2691 1988 2716 de
2006 2691 2072 2716 facili
2090 2691 2215 2724 intelliget
2228 2699 2259 2716 ex
2272 2699 2313 2722 eo,
2327 2691 2399 2724 quod
2412 2691 2482 2716 aliud

1411 2731 1451 2751 est
1469 2727 1574 2751 studere
1593 2731 1619 2751 et
1633 2727 1701 2751 aliud
1715 2734 1774 2751 sese
1787 2727 1813 2751 in
1827 2727 1914 2751 studio
1928 2733 2060 2752 exercere:
2080 2727 2167 2751 studet
2180 2726 2249 2751 enim
2263 2727 2306 2752 ille
2319 2727 2363 2760 qui
2378 2727 2481 2752 nonnisi

1411 2762 1443 2786 ad
1462 2761 1554 2786 horam
1572 2766 1686 2786 mentem
1701 2762 1812 2795 applicat
1823 2762 1856 2787 ad
1870 2761 1966 2794 aliquid
1980 2761 2188 2795 intelligendum3
2203 2762 2250 2786 sed
2263 2758 2311 2787 ille'
2320 2762 2407 2787 solum
2421 2769 2482 2787 sese

1411 2802 1512 2822 exercet
1530 2797 1555 2821 in
1575 2797 1672 2827 studio,
1692 2797 1737 2830 qui
1755 2797 1902 2830 frequenter
1920 2797 2046 2822 incumbit
2064 2797 2165 2822 lectioni
2184 2802 2262 2830 atque
2281 2797 2448 2823 meditationi.
2461 2810 2482 2816 —

1410 2832 1492 2857 Codd.
1507 2833 1567 2857 AB:
1581 2839 1634 2864 per
1652 2832 1736 2857 studii
1758 2833 1916 2858 exercitium
1936 2839 1988 2857 non
2012 2835 2140 2858 causatur
2159 2833 2228 2863 (non
2253 2835 2382 2858 causatur
2405 2833 2482 2858 ceten'

1411 2869 1499 2899 codd.;
1515 2868 1548 2899 P,
1563 2875 1615 2892 non
1632 2868 1806 2898 causabatur5
1820 2868 1851 2898 N,
1866 2875 1918 2893 non
1937 2871 2096 2893 causaretur
2101 2868 2147 2898 )...,
2162 2867 2210 2893 sed
2223 2871 2327 2894 tantum
2343 2868 2484 2894 ete-Re·
2521 2877 2524 2881 ’

1410 2903 1583 2928 movebantur
1598 2903 1694 2935 imped.
1714 2903 1809 2928 habent
1827 2903 1886 2935 PR;
1905 2903 2081 2928 CDEKLNT:
2101 2906 2290 2929 removeantur
2295 2912 2305 2934 ,-
2323 2903 2365 2929 alii
2389 2903 2480 2929 codd.=

1409 2942 1588 2964 removentur.

1464 2975 1489 3007 ο)
1508 2974 1569 2999 Νοη
1589 2977 1677 2999 autem
1697 2974 1783 2999 omnis
1801 2974 1926 3007 cognitio,
1941 2974 2005 3006 quia
2023 2981 2076 2999 non
2096 2974 2182 2999 omnis
2199 2974 2319 3008 cognitio
2337 2981 2376 2999 ex
2388 2974 2481 3006 priori

1409 3010 1560 3043 cognitione
1574 3009 1705 3042 dependet
1718 3014 1766 3034 etc.
1775 3009 1841 3034 ——Ita
1854 3010 1913 3035 edit.
1928 3010 2042 3034 Piana.-
2051 3009 2133 3035 Codd.
2149 3009 2215 3035 lKS:
2234 3017 2287 3035 non
2301 3013 2391 3035 autem
2405 3009 2480 3040 dicit,

1409 3045 1495 3070 omnis
1513 3045 1897 3079 cognitio.-BCDEMNRST:
1917 3051 1969 3070 non
1988 3047 2076 3070 autem
2095 3045 2183 3070 omnis
2201 3045 2319 3078 cognitio
2337 3052 2375 3070 ex
2389 3044 2480 3077 prlori
2496 3076 2497 3079 Ἴ

1408 3081 1561 3114 cognitione
1583 3080 1714 3113 dependet
1732 3085 1780 3105 etc.
1792 3094 1813 3100 ·-
1827 3080 1853 3111 Q
1870 3081 2010 3106 mendose:
2028 3081 2115 3106 omnis
2134 3080 2287 3112 disciplina,
2312 3087 2375 3105 nam
2393 3079 2480 3106 omnis

1409 3116 1533 3141 doctrina
1551 3119 1577 3141 et
1595 3115 1712 3150 cognitio
1726 3122 1764 3140 ex
1773 3116 1972 3148 praeexistenti
1984 3116 2137 3150 cognitione
2150 3115 2288 3148 dependet.
2297 3129 2317 3134 —
2326 3115 2479 3141 astinenu-

1409 3152 1546 3176 lectionem
1561 3151 1676 3182 Pianam,
1691 3158 1759 3184 quae
1773 3156 1814 3176 est
1827 3152 1904 3176 etiam
1919 3152 2028 3176 aliorum
2041 3151 2117 3176 codd.
2130 3151 2190 3176 Duo
2204 3151 2274 3176 enim
2287 3155 2360 3176 notat
2375 3158 2397 3176 ι.
2406 3149 2479 3176 'rho-

1409 3195 1478 3218 mas;
1501 3195 1523 3218 1,
1542 3187 1614 3220 quod
1628 3187 1780 3212 Aristoteles
1799 3186 1860 3212 dicit
1873 3187 1959 3212 omnis
1973 3187 2112 3217 doctr-imi,⁸
2127 3193 2151 3218 2,
2166 3186 2238 3219 quod
2251 3194 2304 3212 non
2318 3186 2378 3211 dicit
2391 3185 2480 3211 omnis

1407 3222 1540 3256 cognitio‚·
1554 3230 1583 3247 ac
1597 3227 1689 3256 postea
1697 3221 1824 3247 rationem
1834 3222 1949 3255 assignat
1959 3229 2005 3247 cur
2013 3222 2167 3247 Aristoteles
2179 3229 2244 3247 usus
2263 3221 2340 3247 fuerit
2354 3220 2479 3247 doctriua

1409 3263 1434 3283 et
1443 3258 1593 3290 disciplina,
1605 3265 1658 3283 non
1668 3262 1755 3283 autem
1769 3257 1927 3291 cognitione,
1938 3258 2001 3291 quia
2011 3264 2106 3290 nempe
2119 3264 2172 3282 non
2183 3257 2270 3283 omnis
2277 3257 2396 3291 cognitio
2405 3261 2478 3282 ete·-

1408 3293 1536 3326 Loquitur
1554 3298 1641 3318 autem
1659 3293 1812 3318 Aristoteles
1832 3293 1864 3318 de
1878 3293 2023 3326 cognitione
2035 3292 2239 3324 indeterminate,
2254 3292 2316 3326 quia
2328 3297 2419 3325 postea
2431 3291 2477 3316 de-

1408 3329 1513 3354 clarabit
1526 3334 1583 3354 tum
1597 3333 1715 3354 naturam
1733 3332 1790 3353 tum
1808 3328 1917 3353 modum
1931 3328 2007 3354 huius
2025 3328 2178 3362 cognitionis
2196 3327 2336 3361 requisitae
2350 3327 2383 3353 nd
2401 3326 2476 3352 Intel-

1407 3365 1544 3390 lectualem
1563 3364 1705 3389 doctrinam
1723 3369 1749 3389 et
1767 3363 1936 3396 disciplinam.

1461 3399 1490 3433 π)
1517 3399 1587 3430 Quia
1611 3399 1766 3433 manifestat
1790 3399 1859 3424 hanc
1878 3399 2090 3432 propositionem
2109 3403 2158 3424 etc.
2183 3398 2211 3423 In
2235 3398 2351 3431 margine
2373 3396 2431 3422 eod.
2449 3396 2475 3421 M

1407 3435 1523 3466 additur,
1544 3435 1570 3460 in
1594 3435 1715 3460 omnibus
1738 3434 1900 3467 disciplinis,
1919 3439 1949 3459 ut
1967 3434 2063 3459 scilicet
2080 3434 2156 3459 lectio
2175 3434 2222 3459 sita
2240 3433 2304 3467 quia
2321 3431 2476 3465 nnan'ffestat

1407 3470 1476 3495 hanc
1490 3470 1700 3503 propositionem
1716 3470 1742 3495 in
1761 3470 1882 3495 omnibus
1901 3469 2056 3502 disciplinis,
2071 3469 2151 3495 etiam
2166 3473 2215 3494 etc.
2233 3468 2334 3493 Revera
2351 3466 2415 3492 haee
2429 3466 2474 3492 ad·
2525 3478 2527 3481 .

1408 3505 1469 3530 ditio
1487 3506 1519 3530 ad
1538 3505 1746 3539 perspicuitatem
1765 3505 1882 3530 lectionis
1901 3505 2008 3535 confert,
2027 3505 2075 3530 sed
2094 3504 2201 3529 minime
2219 3502 2364 3529 necessaria
2382 3506 2429 3532 est,
2449 3506 2476 3526 et

1407 3549 1467 3566 cum
1486 3541 1561 3566 codd.
1586 3541 1773 3572 contradicant,
1793 3548 1823 3565 ex
1841 3540 1918 3565 unius
1937 3540 1994 3565 cod.
2013 3539 2163 3565 auctoritate
2181 3546 2233 3564 non
2252 3542 2293 3564 ent
2310 3536 2474 3570 acceptanda,

1407 3576 1559 3608 praesertim
1577 3576 1638 3609 quia
1655 3576 1757 3601 videtur
1774 3576 1863 3601 notula
1881 3575 2028 3608 marginalis
2047 3574 2164 3607 apposita
2181 3580 2196 3599 a
2214 3573 2318 3598 lectore.
