2548 4192
251 273 272 296 L
1249 252 1450 288 INDEX

705 333 808 355 CAPUT
822 333 851 354 V.

246 374 321 398 Ratio
339 374 365 398 in
384 373 460 397 huius
480 373 573 405 Operis
593 372 704 397 editione
723 371 861 395 servanda:
882 377 933 402 qua
953 370 984 393 de
1003 376 1031 393 re
1050 367 1158 399 litigium
1185 367 1310 390 Ioannem

299 409 433 434 Nicolaum
458 408 523 432 inter
547 412 572 432 et
596 407 762 431 Franciscum
786 404 981 430 Combefisium.
1007 403 1139 428 Simonius
1165 406 1191 426 et
1215 401 1309 426 Posse-

298 445 374 469 vinus
394 444 471 468 notati
474 454 1101 468 ...............
1134 444 1202 469 pag.
1258 444 1310 462 cx11

594 520 819 546 DISSERTATlO
835 518 954 543 SEXTA.

247 597 288 622 De
309 595 509 622 Commentariis
523 595 549 619 in
565 594 699 626 Epistolas
712 592 798 617 sancti
811 591 889 616 Pauli
901 589 1023 622 Apostoli
1032 596 1177 620 eorumque
1199 587 1310 620 integri-

301 635 355 657 tate
373 635 398 656 et
416 631 560 656 editionum
573 629 639 664 fide.

710 685 813 708 CAPUT
827 685 845 706 1.

244 728 366 753 Veterum
376 725 496 751 iudicium
507 725 538 749 de
552 723 748 749 Commentariis
760 722 809 746 divi
822 721 943 746 Thomae
952 721 978 745 in
989 720 1120 752 Epistolas
1136 719 1215 744 sancti
1227 719 1308 744 Pauli.

298 763 360 787 Pars
379 761 530 786 eorumdem
558 759 625 791 stylo
653 758 758 790 proprio
776 757 912 789 Aquinatis
938 756 1048 788 scripta,
1074 755 1122 780 alia
1147 759 1276 787 reportata
1295 762 1310 779 a

296 797 438 829 Reginaldo
457 794 626 819 Privernensi.
641 793 759 818 Prolixus
774 793 847 817 locus
871 792 897 816 in
921 791 1064 824 Epistolam
1084 791 1093 815 1
1109 791 1141 815 ad
1161 789 1308 814 Corinthios

296 833 412 857 Thomae
427 830 592 863 suppositus:
607 837 639 854 an
658 829 763 853 Nicolao
777 828 895 853 Gorrano
914 827 1105 857 restituendus,
1128 834 1160 850 an
1180 826 1257 850 Petro
1277 825 1309 849 de

296 867 444 892 Tarentasia
459 865 566 890 dubium
581 879 1121 889 .............
1160 871 1173 884 »
1247 868 1308 885 cxm

240 938 339 963 Erasmi
358 936 534 962 testimonium
553 935 585 959 de
604 903 948 967 praefatgAggiz-iiiilentariis.
968 932 1052 965 Ipsius
1072 939 1183 956 censura
1202 931 1308 963 depelli-

291 978 333 998 tur
351 977 438 998 contra
457 971 598 996 doctrinam
621 969 757 1002 Aquinatis
777 969 809 994 de
829 969 888 993 Iesu
908 968 1011 993 Christo
1031 967 1224 1000 praedestinato
1243 966 1308 991 Filio

292 1009 338 1033 Dei
366 1021 1126 1032 ..................
1166 1012 1180 1026 »
1260 1009 1308 1027 cxv

639 1043 647 1047 “
691 1046 794 1068 CAPUT
808 1046 847 1067 111.

237 1077 414 1104 Socinianismi
434 1075 547 1109 suspicio
570 1076 754 1108 propulsatur,
774 1082 826 1108 qua
846 1074 928 1099 notari
948 1081 1028 1106 posse
1053 1074 1145 1098 eadem
1170 1072 1307 1106 Aquinatis

291 1113 405 1138 doctrina
419 1112 568 1145 insipienter
585 1111 672 1136 visum
691 1115 731 1135 est
749 1110 878 1135 Richardo
896 1110 1020 1134 Simonio.
1046 1108 1205 1134 Oscitantiae
1220 1116 1248 1133 ac
1267 1116 1307 1132 er-

290 1149 356 1174 roris
375 1147 533 1173 convincitur
551 1147 620 1172 idem
638 1146 778 1176 Simonius,
803 1146 848 1179 qui
868 1145 998 1170 Thomam
1017 1149 1121 1169 accusat
1145 1144 1226 1169 veluti
1245 1152 1307 1168 con-

290 1184 440 1209 fundentem
451 1183 636 1216 Origenianum
647 1186 823 1206 commentum
834 1182 866 1206 de
876 1180 1072 1214 praeexistentia
1087 1180 1232 1205 animarum
1246 1187 1307 1204 cum

291 1219 390 1245 haeresi
409 1218 544 1252 Pelagiana
562 1218 594 1243 de
612 1217 763 1242 meritorum
783 1216 960 1250 praecedentia
988 1234 995 1241 .
1033 1234 1040 1241 .
1077 1234 1084 1240 .
1122 1234 1129 1240 .
1168 1225 1181 1239 ιι
1238 1222 1307 1240 cxvu

237 1292 361 1317 Eiusdem
380 1290 486 1316 Simonii
506 1290 568 1314 aliae
587 1259 885 1314 censuraiAgiellliliXtur
905 1288 937 1312 de
956 1288 1036 1312 modo
1062 1286 1185 1311 motionis
1206 1286 1307 1311 divinae

289 1328 320 1352 ad
339 1331 409 1351 actus
425 1326 515 1350 malos.
531 1325 569 1350 De
583 1324 701 1350 haeretici
721 1324 834 1354 notione,
860 1329 938 1356 atque
957 1323 1241 1347 transubstantiatione.
1266 1322 1306 1347 De

289 1362 437 1387 adoratione
455 1360 544 1386 Crucis
1249 1365 1307 1383 cxix

234 1434 272 1459 De
291 1433 403 1466 genuino
422 1432 473 1457 divi
491 1431 609 1456 Thomae
628 1401 844 1464 quedgffffgtg.
856 1430 991 1455 retinendo
1015 1429 1041 1454 in
1065 1429 1260 1454 Commentario
1280 1430 1306 1454 in

286 1469 428 1502 Epistulam
447 1468 478 1492 ad
498 1468 631 1492 Romanos
660 1466 802 1491 disseritur.
824 1467 942 1498 Itemque
962 1466 993 1490 de
1012 1466 1094 1490 altero
1114 1466 1140 1490 in
1160 1465 1305 1498 Epistolam

286 1506 318 1530 ad
337 1505 440 1530 Galatas
459 1519 1136 1529 ................
1182 1511 1194 1524 ›
1247 1508 1305 1527 cxxi

566 1583 790 1608 DISSERTATIO
811 1582 968 1607 SEPTIMA.

233 1658 275 1682 De
296 1655 496 1682 Commentariis
515 1655 541 1680 in
559 1658 657 1687 septem
677 1654 811 1685 Epistolas
835 1653 983 1679 Canonicas
1007 1657 1033 1678 et
1057 1653 1083 1678 in
1102 1654 1303 1688 Apocalypsim,

284 1695 376 1717 sancto
393 1691 507 1716 leomae
524 1690 651 1724 Aquinati
668 1690 819 1722 suppositis.
1142 1708 1144 1710 ,

233 1788 414 1815 Commentarii
439 1788 465 1812 in
494 1792 594 1820 septem
624 1786 753 1820 Epistulas
779 1786 936 1817 Canonicas,
957 1786 1037 1811 veluti
1063 1787 1221 1820 supposititii
1246 1787 1303 1813 reii-

284 1825 392 1850 ciuntur.
413 1824 523 1853 Elumbe
542 1823 652 1847 aliorum
677 1822 824 1847 criticorum
844 1827 1034 1854 argumentum.
1055 1823 1158 1848 Solidae
1178 1831 1207 1848 ac
1226 1831 1303 1849 verae

284 1868 376 1886 causae
390 1859 584 1893 suppositionis.
605 1859 711 1884 Nicolao
723 1858 842 1883 Gorrano
862 1858 1040 1883 adiudicantur
1075 1877 1083 1883 .
1120 1876 1129 1884 .
1167 1868 1181 1883 ι
1228 1866 1303 1885 cmv

687 1901 791 1923 CAPUT
809 1901 838 1923 11.

229 1932 310 1966 Typis
329 1932 410 1957 editae
425 1931 473 1956 sub
493 1931 598 1956 nomine
612 1930 692 1955 sancti
706 1930 824 1955 Thomae
840 1930 1023 1963 Expositiones
1049 1931 1116 1956 duae
1129 1930 1156 1955 in
1171 1931 1301 1964 Apocaly-

283 1968 358 2001 psim.
365 1967 438 1998 Quae
448 1967 542 2000 incipit:
557 1966 628 1991 Vidit
639 1966 715 1991 Iacob
726 1966 752 1991 in
763 1966 869 1995 somnis,
878 1974 892 1990 a
904 1965 1069 1991 sanctissimo
1080 1967 1194 1992 Doctore
1203 1967 1303 1992 abiudi-

283 2008 361 2028 catur.
373 2004 435 2028 Item
445 2003 492 2027 alia
502 2010 569 2036 quae
579 2002 672 2035 incipit:
688 2002 748 2027 Vox
758 2001 868 2027 Domini
872 2002 1066 2034 praeparantis
1076 2009 1193 2028 cervos.»
1229 2010 1302 2029 cxxvi

681 2043 784 2066 CAPUT
803 2043 842 2065 111.

228 2074 378 2108 Superiores
398 2073 570 2106 expositiones
590 2073 655 2098 duae
683 2072 792 2097 invicem
818 2077 1016 2105 comparantur,
1041 2073 1225 2107 colligiturque
1246 2082 1299 2100 non

280 2117 363 2135 unum
382 2109 556 2142 eumdemque
575 2108 623 2133 dici
642 2116 721 2141 posse
740 2113 881 2133 auctorem.
906 2109 986 2133 Aetas
1006 2109 1145 2142 inquiritur
1172 2110 1301 2142 auctoris,

283 2146 327 2179 qui
347 2145 532 2177 expositionem
546 2144 704 2169 elucubravit
719 2143 895 2177 incipientem:
916 2144 991 2170 Vidit
1007 2144 1083 2170 Iacob
1099 2145 1125 2170 in
1140 2145 1248 2171 somnis.
1264 2147 1302 2172 De

282 2182 458 2206 Cumanorum
477 2180 660 2205 conversione:
676 2188 708 2204 an
727 2179 845 2205 Thomae
863 2180 975 2213 Anglico
993 2181 1071 2205 tribui
1091 2189 1121 2206 ea
1140 2181 1233 2206 debeat
1258 2190 1301 2207 ex·

283 2215 393 2250 positio?
396 2233 1125 2242 .................
1165 2227 1178 2240 ι
1217 2225 1301 2244 cxxvn

562 2279 788 2305 DISSERTATIO
808 2279 958 2305 OCTAVA.

232 2347 273 2372 De
286 2344 381 2378 parvis
402 2342 603 2369 Commentariis
618 2350 682 2375 quos
701 2343 866 2368 elucubravit
884 2347 992 2369 sanctus
1020 2343 1135 2370 Thomas
1150 2345 1176 2370 in
1196 2345 1301 2379 aliquas

284 2381 433 2406 divinarum
454 2379 654 2411 scripturarum
670 2378 834 2410 particulas,
857 2379 883 2403 in
899 2379 1019 2411 primam
1039 2383 1065 2405 et
1079 2380 1225 2406 secundam
1246 2381 1300 2407 De-

283 2417 414 2444 ‹tr-etalem,
430 2415 455 2439 in
475 2414 570 2439 librum
590 2413 622 2439 de
641 2413 746 2439 Divinis
760 2414 918 2440 Nominibus
937 2419 963 2440 et
977 2416 1128 2441 Boethium.

696 2465 798 2487 CAPUT
812 2465 829 2488 1.

232 2506 324 2530 Sancto
342 2504 467 2535 Thomae,
482 2509 598 2529 veterum
617 2503 765 2528 testimonio
789 2511 817 2529 ac
842 2502 900 2534 fide,
925 2505 1103 2531 adiudicantur
1123 2506 1299 2539 expositiones

284 2540 413 2572 Decalogi,
428 2539 558 2565 Orationis
578 2539 734 2567 Dominicae.
749 2539 914 2564 Salutationis
929 2541 1076 2572 AngeHcae,
1091 2542 1210 2575 Symboli
1230 2541 1297 2569 fidei.

284 2577 400 2601 Adversa
417 2575 541 2600 refellitur
554 2582 662 2600 censura
676 2574 744 2599 Petri
756 2575 788 2599 de
802 2575 867 2600 Alva
883 2581 908 2600 et
922 2576 1040 2602 Casimiri
1055 2577 1166 2609 Oudini;
1183 2586 1298 2612 quorum

284 2611 327 2636 ille
346 2611 492 2636 Innocentio
516 2611 600 2643 Papae
623 2610 655 2635 lll
674 2618 704 2635 ea
724 2610 859 2643 Opuscula
893 2612 1030 2644 adscribit;
1050 2613 1098 2638 iste
1127 2614 1240 2640 Hem-ico
1265 2615 1297 2640 de

283 2647 428 2672 Wrimaria.
465 2663 1137 2674 ................
1177 2660 1189 2673 ι
1234 2658 1298 2676 cxxx

689 2688 793 2711 CAPUT
807 2689 836 2711 11.

230 2718 474 2745 Animadversiones
484 2718 510 2743 in
517 2717 711 2750 Expositionem
721 2718 885 2743 Salutationis
896 2719 1198 2753 Angelicae.Sphalmata
1208 2729 1297 2748 emen-

286 2756 385 2785 dantur,
401 2754 474 2787 queis
490 2758 609 2786 corrupta
623 2753 773 2786 prodierunt
787 2759 904 2779 veterum
915 2755 1104 2782 haereticorum
1124 2758 1239 2789 nomina,
1250 2758 1295 2792 qui

285 2790 436 2815 refelluntur
454 2789 480 2814 in
494 2789 631 2822 Opusculo
651 2789 682 2814 de
696 2789 817 2814 Articulis
831 2789 889 2815 fidei
903 2795 929 2816 et
948 2792 1127 2818 sacramentis.
1163 2804 1175 2816 ι
1214 2802 1297 2819 cxxxtt

684 2832 787 2855 CAPUT
803 2833 841 2855 111.

231 2861 321 2887 Eidem
340 2862 464 2893 Angelico
489 2861 593 2887 Doctori
615 2861 776 2886 vindicantur
800 2862 976 2895 expositiones
1005 2864 1103 2897 primae
1123 2870 1150 2890 et
1169 2866 1299 2891 secundae

284 2897 431 2922 Decretalis.
447 2897 510 2922 ltem
530 2897 737 2922 Commentarius
752 2897 778 2922 in
793 2898 887 2923 librum
904 2898 935 2923 de
951 2898 1050 2925 Divinis
1070 2900 1234 2926 Nominibus.
1259 2901 1298 2926 De

285 2933 361 2958 latina
383 2933 466 2965 agitur
489 2932 609 2958 versione
627 2932 659 2957 ab
674 2933 802 2965 Aquinate
822 2933 933 2959 adhibita
934 2952 1119 2962 .....
1158 2947 1171 2959 ι
1210 2944 1300 2963 cxxxtv

685 2974 789 2996 CAPUT
803 2974 843 2996 IV.

233 3003 343 3028 Genuini
354 3003 432 3028 sancti
442 3003 560 3028 Thomae
573 3002 658 3027 foetus
667 3002 795 3028 habentur
809 3003 994 3031 commentarii
1014 3005 1040 3030 in
1056 3006 1155 3032 Boethii
1171 3007 1252 3033 libros
1267 3008 1300 3034 de

287 3039 498 3064 Hebdomadibus
522 3043 547 3063 et
566 3039 597 3063 de
611 3038 743 3064 Trinitate.
767 3038 846 3063 Tituli
870 3041 1073 3067 Hebdomadum
1097 3043 1233 3075 expositio.
1258 3044 1299 3069 Ab

286 3074 414 3107 Aquinate
432 3074 614 3099 Commentarii
642 3074 818 3099 abiudicantur
841 3075 866 3100 in
886 3077 1003 3102 eiusdem
1030 3078 1130 3103 Boethii
1159 3078 1240 3104 libros
1269 3080 1301 3105 de

288 3109 469 3134 Consolatione
483 3109 663 3142 philosophiae
682 3115 707 3134 et
721 3110 753 3135 de
767 3110 928 3137 Scholarium
946 3112 1095 3145 disciplina:
1120 3122 1234 3147 quorum
1253 3123 1301 3148 po-

287 3149 399 3170 stremus
419 3152 504 3178 neque
522 3153 661 3177 germanus
680 3150 720 3170 est
738 3145 838 3171 Boethii
862 3146 947 3173 foetus
976 3166 983 3173 .
1020 3166 1028 3174 .
1066 3167 1073 3174 .
1111 3167 1118 3174 .
1158 3160 1171 3173 ›
1210 3158 1299 3176 cxxxvt

589 3205 814 3231 DlSSERTATlO
838 3207 941 3232 NONA.

237 3267 278 3292 De
289 3267 348 3300 fide
366 3267 482 3292 auctoris
503 3267 626 3299 Operum,
642 3275 708 3300 quae
731 3269 811 3302 vulgo
829 3270 1019 3303 Areopagitica
1044 3271 1177 3302 dicuntur,
1192 3281 1227 3298 an
1250 3274 1300 3299 Or-

289 3302 423 3327 thodoxus
437 3302 524 3336 fuerit
537 3309 571 3327 an
596 3303 760 3332 Haereticus,
776 3304 816 3329 vel
829 3305 1023 3337 Apollinarista
1038 3307 1079 3332 vel
1098 3307 1301 3342 Euthychianus

289 3345 334 3363 seu
353 3337 552 3371 Menophysita.

701 3389 803 3412 CAPUT
818 3390 834 3412 1.

236 3424 378 3450 orthodoxi
392 3424 508 3457 quinque
521 3424 643 3458 Episcopi
666 3425 692 3450 in
715 3426 852 3452 collatione
867 3427 1151 3461 Constantinopolitana
1165 3438 1233 3456 anno
1250 3430 1299 3456 532

288 3460 407 3484 videntur
424 3468 503 3492 opera
520 3461 600 3493 vulgo
619 3461 796 3494 Areopagitica
814 3462 947 3494 reiecisse,
970 3464 1050 3489 veluti
1063 3464 1148 3490 foetus
1167 3466 1300 3499 Apollina-

289 3495 415 3520 ristarum.
435 3495 530 3521 Natalis
549 3496 686 3521 Alexandri
705 3498 842 3530 responsio
862 3498 893 3523 ad
913 3506 1021 3524 examen
1039 3505 1160 3526 vocata.»
1190 3509 1300 3528 cxxxvm

238 3565 278 3589 An
297 3565 464 3598 Areopagitae
483 3567 576 3600 scripta
598 3567 637 3592 vel
653 3539 799 3593 tesffigffi
811 3540 931 3602 ¹(xl'yrillus
950 3571 1140 3597 Alexandrinus
1160 3573 1302 3598 laudaverit

291 3600 317 3624 in
335 3600 405 3625 libris
425 3606 511 3626 contra
525 3602 667 3627 Diodorum
682 3608 707 3628 et
720 3603 906 3629 Theodorum?
930 3605 1144 3632 Orthodoxorum
1163 3609 1302 3642 responsio

1420 330 1446 354 in
1466 328 1603 354 collatione
1622 327 1917 359 Constantinopolitana.
1948 326 2061 351 Liberati
2081 326 2190 351 Diaconi
2213 327 2288 352 locus
2316 335 2452 361 expensus

1421 370 1446 399 et
1465 364 1625 389 emendatus.
2250 370 2319 396 pag.
2357 371 2452 390 cxxx1x

1366 435 1512 467 Praecipue
1531 433 1776 467 Apollinaristarum
1796 403 1934 457 hagsszgdts
1947 404 2031 464 Ιὲζρίῐί
2050 432 2151 465 passim
2175 433 2346 459 adversantur
2373 443 2454 468 opera

1421 471 1504 502 vulgo
1522 469 1715 501 Areopagitica:
1736 469 1855 500 adeoque
1881 468 1912 492 ab
1933 468 2033 492 eisdem
2053 476 2106 493 non
2125 469 2279 501 prodierunt
2306 470 2452 497 haereticis.

1422 505 1557 530 Guillelmi
1578 505 1647 529 Cave
1666 504 1793 529 sententia
1813 503 1966 535 expenditur
1985 521 1992 528 .

1824 543 1929 566 CAPUT
1943 544 1985 566 IV.

1366 575 1434 599 Ante
1453 574 1767 606 constantinopolitanam
1782 573 1842 597 anni
1864 572 1913 597 532
1930 573 2097 598 collationem
2122 574 2176 599 noti
2195 580 2268 600 erant
2291 576 2349 601 libri
2368 577 2451 602 Areo-

1420 610 1530 642 pagitici,
1546 617 1614 642 quos
1635 610 1744 633 loannes
1759 608 1990 641 scythopolitanus
2010 609 2148 635 illustravit
2170 610 2277 636 scholiis
2297 611 2449 638 vindicavit-

1420 653 1473 678 que
1487 645 1519 670 ab
1535 645 1674 669 haereseos
1690 649 1758 668 nota.
1775 644 1841 674 Quis
1856 644 1899 669 ille
1913 643 2006 670 fuerit?
2022 645 2124 670 Eodem
2139 650 2258 679 tempore
2273 647 2387 672 laudavit
2401 656 2448 674 eos

1420 680 1601 713 Ephraemius,
1625 679 1771 704 Patriarcha
1794 679 1973 705 Antiochenus
1994 698 2272 708 .......
2311 693 2324 706 ι
2399 691 2448 709 ext.

1831 722 1936 744 CAPUT
1949 722 1980 744 V.

1365 750 1404 775 De
1419 751 1469 775 alio
1484 751 1724 783 Areopagiticorum
1740 750 1892 781 Scholiaste,
1903 751 2032 785 Dionysio
2046 753 2231 784 Alexandrino,
2242 753 2388 787 inquiritur.
2404 756 2446 780 An

1419 787 1519 817 eadem,
1530 794 1598 818 quae
1612 786 1722 811 loannes
1737 786 1967 819 Scythopolitanus
1982 788 2136 820 lucubravit,
2147 789 2266 822 Dionysii
2281 790 2448 816 Alexandrini

1419 822 1527 846 nomine
1542 827 1691 854 praenotata
1706 821 1805 847 scholia
1819 822 1930 847 suerint?
1945 823 2011 854 Quis
2027 823 2070 848 ille
2085 824 2229 858 Dionysius
2239 826 2446 852 Alexandrinus?

1418 858 1514 889 Magno
1533 857 1661 890 Dionysio
1680 858 1850 883 Alexandriae
1869 858 2002 891 Episcopo
2021 867 2158 892 perperam
2184 861 2241 893 ipsa
2265 861 2446 895 Areopagitica

1418 900 1498 925 opera
1517 893 1654 926 tribuenda
1673 893 1776 918 coniicit
1794 894 1904 918 loannes
1924 894 2061 928 Philippus
2081 896 2237 921 Baraterius.
2275 914 2282 922 .
2320 906 2336 921 »
2387 905 2446 923 exat

1825 936 1930 958 CAPUT
1944 937 1984 959 VI.

1364 964 1502 995 Colligitur
1515 964 1695 997 Areopagitica
1710 972 1789 997 opera
1809 973 1946 998 perperam
1970 966 2099 999 Gregorio
2122 967 2218 1000 Magno
2234 968 2355 994 Romano
2374 969 2444 995 Pon-

1418 999 1478 1024 tifici
1497 1000 1608 1025 attribui.
1625 1000 1717 1033 Neque
1732 1000 1837 1025 illorum
1861 1007 1951 1026 auctor
1970 1007 2010 1027 est
2024 1002 2120 1028 latinus
2139 1003 2271 1036 quispiam
2290 1004 2385 1030 homo:
2401 1013 2447 1031 ne-

1418 1043 1471 1068 que
1489 1036 1648 1069 Aegyptius:
1665 1036 1712 1061 sed
1731 1036 1856 1067 Graecus,
1872 1044 1903 1062 ex
1921 1037 2018 1063 Achaia
2037 1043 2066 1063 ut
2090 1038 2199 1064 videtur.
2233 1057 2240 1064 .
2278 1058 2285 1065 .

1817 1079 1922 1102 CAPUT
1937 1080 1989 1102 Vll.

1363 1106 1403 1130 Ab
1419 1106 1553 1132 haereticis
1568 1107 1761 1141 Monophysitis
1781 1116 1829 1134 seu
1843 1108 2012 1142 Eutychianis
2026 1110 2207 1143 Areopagitica
2223 1119 2305 1144 opera
2314 1119 2369 1136 non
2383 1119 2445 1145 pro-

1418 1142 1505 1174 diisse,
1519 1143 1592 1168 velut
1610 1144 1769 1175 auctoribus,
1789 1150 1942 1177 argumenta
1961 1146 2036 1178 plura
2055 1147 2180 1172 suadent:
2200 1148 2307 1180 vulgata
2325 1147 2446 1181 Dionysii

1417 1178 1589 1212 Areopagitae
1602 1184 1706 1205 vetusta
1719 1181 1894 1213 praenotatio:
1907 1181 2089 1214 Areopagitica
2113 1183 2236 1215 dogmata
2244 1183 2278 1214 ab
2292 1183 2446 1211 orthodoxis

1418 1214 1538 1239 Patribus
1562 1220 1653 1241 contra
1668 1215 1846 1248 Eutychianos
1860 1221 1886 1242 et
1899 1217 2083 1243 Monothelitas
2106 1218 2232 1244 adhibita:
2257 1219 2374 1252 suspicio
2387 1219 2446 1252 qui-

1418 1250 1478 1274 dem
1498 1251 1568 1283 apud
1588 1251 1690 1284 aliquos
1710 1252 1743 1277 de
1762 1257 1868 1277 auctore
1887 1253 2080 1285 Apollinarista,
2095 1254 2165 1287 apud
2185 1254 2318 1280 neminem
2336 1255 2371 1280 de
2388 1255 2446 1280 Mo-

1418 1285 1565 1319 nophysita.
1576 1287 1716 1312 Adduntur
1730 1288 1878 1313 testimonia
1892 1289 1968 1321 plura
1983 1289 2009 1314 in
2025 1289 2124 1314 eisdem
2148 1289 2221 1315 libris
2236 1295 2366 1321 contenta,
2377 1298 2446 1324 quae

1417 1321 1586 1355 Eutychianis
1606 1323 1739 1356 erroribus
1759 1324 1938 1349 adversantur.
1993 1343 2272 1351 .......
2311 1334 2325 1350 »
2364 1333 2445 1353 exam

1362 1394 1544 1428 Areopagitica
1563 1395 1686 1428 dogmata
1703 1366 2186 1431 ἰιῑαιωι-ἭῐξὲῖὶὲἓᾷΜοηορὴγεὶᾱε
2210 1397 2321 1423 adversa
2338 1397 2381 1424 vel
2394 1397 2446 1431 ipsi

2325 1050 2338 1063 D
2376 1047 2446 1066 exui

1418 1430 1562 1455 doctissimi
1577 1430 1634 1460 viri,
1649 1431 1694 1465 qui
1709 1431 1802 1458 eadem
1816 1439 1876 1457 esse
1890 1431 2036 1458 inficiantur
2050 1432 2171 1467 Dionysii
2185 1433 2374 1467 Areopagitae:
2386 1433 2446 1459 Μο-
2497 1443 2499 1445 ·

1417 1466 1499 1498 rinus,
1514 1466 1651 1498 Noun-ius,
1667 1466 1846 1497 Quesnellius.
1860 1468 1996 1493 Accedunt
2010 1467 2106 1495 Christ.
2121 1469 2260 1502 Augustus
2275 1469 2346 1503 Salig
2364 1473 2393 1495 et
2405 1469 2444 1494 la-

1416 1502 1500 1528 cobus
1518 1502 1652 1528 Brukerus
1654 1521 2287 1531 ...............
2326 1514 2340 1529 a
2379 1512 2447 1531 σειν

1822 1544 1927 1568 CAPUT
1941 1545 1982 1568 IX.

1361 1572 1495 1598 Michaelis
1514 1573 1642 1606 Lequieni
1661 1573 1837 1605 coniecturae,
1864 1574 1940 1608 queis
1965 1582 2046 1608 opera
2070 1575 2192 1609 Areopag

1416 1609 1500 1642 phaeo
1520 1617 1568 1634 seu
1586 1609 1692 1634 Pulloni
1711 1609 1926 1643 Menophysine,
1951 1615 1997 1636 eut
2014 1610 2119 1636 cuidam
2137 1619 2168 1637 ex
2193 1611 2313 1637 eiusdem
2335 1611 2445 1639 nudi·

1416 1644 1554 1670 tribuenda
1568 1645 1723 1679 suspicatur.
1747 1645 1865 1679 Itemque
1883 1646 2048 1672 coniecturae
2071 1646 2163 1672 Crozei
2177 1647 2211 1672 de
2228 1646 2341 1681 Syn-do
2361 1647 2444 1675 Am-

1416 1681 1588 1714 pagiticorum
1617 1686 1722 1707 auctore
1746 1681 1879 1716 simulque
1903 1682 2107 1715 praeformatore
2131 1681 2272 1709 haereseos
2295 1682 2444 1718 memphy-

1416 1716 1524 1742 sitarum
1548 1734 2278 1744 .................
2315 1727 2331 1743 »
2366 1725 2445 1747 mm

1826 1759 1932 1782 CAPUT
1949 1759 1980 1783 Χ.

1361 1785 1416 1812 Nec
1434 1786 1600 1821 Theophilus
1627 1795 1676 1813 nec
1695 1788 1809 1822 Cyrillus
1820 1807 1827 1820 ‚
1850 1788 1975 1823 Episcopi
1994 1788 2160 1814 Alexandrini
2171 1808 2178 1821 ‚
2197 1788 2444 1823 Monophyntumm

1415 1822 1545 1848 lueresim
1555 1823 1772 1856 praeformarunt.
1778 1824 1890 1857 Synesio
1898 1825 2031 1858 Episcopo
2041 1824 2209 1850 ptolemaidis
2217 1832 2355 1859 perperam
2361 1825 2444 1851 Ano-

1415 1858 1526 1891 pagitica
1539 1859 1690 1884 tribuuntur
1698 1867 1786 1893 opera:
1802 1867 1889 1894 neque
1912 1861 2005 1886 eadem
2015 1860 2167 1886 elucubrata
2177 1866 2240 1886 sunt
2254 1868 2284 1886 ea
2295 1865 2383 1886 mente
2398 1868 2444 1886 eo-

1415 1902 1468 1928 que
1487 1895 1605 1926 consilio,
1616 1900 1644 1920 ut
1658 1903 1731 1921 error
1745 1896 1823 1922 unius
1842 1895 1868 1921 in
1883 1896 1988 1922 Christo
2008 1901 2115 1922 naturae
2134 1897 2308 1930 evulgaretur.
2329 1906 2343 1920 »
2381 1896 2443 1923 ibid.

1359 1965 1500 1992 Fullonem
1513 1974 1574 1992 esse
1588 1971 1722 1992 auctorem
1736 1967 1980 2000 Areopagiticorum
1994 1975 2048 1992 non
2063 1968 2158 2002 probat
2177 1967 2243 1993 ritus
2263 1967 2384 2001 publicae
2398 1975 2440 1994 sa-

1414 2002 1450 2027 cri
1470 2002 1597 2035 unguenti
1617 2002 1820 2028 consecrationis
1839 2002 1865 2028 in
1885 2002 2073 2036 Areopagiticis
2093 2003 2255 2037 descriptus,
2276 2009 2358 2037 quem
2377 2003 2443 2030 anti·

1414 2038 1551 2071 quissimis
1570 2038 1734 2071 temporibus
1750 2039 1892 2064 nonnullae
1907 2038 2039 2064 Ecclesiae
2053 2038 2218 2074 adhibebant.
2233 2039 2371 2066 Canticum
2383 2039 2444 2065 Tri-

1415 2074 1507 2106 sagion
1527 2073 1553 2099 in
1572 2074 1672 2099 eisdem
1697 2074 1885 2108 Areopagiticis
1908 2075 1950 2100 vel
1971 2082 2024 2100 non
2052 2079 2215 2101 memoratur
2239 2075 2282 2101 vel
2301 2079 2371 2101 certe
2389 2083 2444 2101 non

1414 2110 1515 2135 redolet
1538 2110 1558 2135 F
1561 2110 1656 2135 ullonis
1676 2115 1702 2135 et
1731 2111 1932 2135 Severianorum
1951 2110 2085 2143 ingenium
2095 2129 2284 2137 .....
2323 2121 2337 2135 ι
2366 2118 2442 2138 mxx

1814 2153 1920 2176 CAPUT
1933 2153 1985 2176 xn.

1359 2182 1517 2216 Symbolum
1528 2181 1586 2208 fidei
1597 2191 1651 2208 non
1661 2182 1755 2208 indicat
1773 2187 1864 2207 auctor
1873 2182 2116 2216 Areopagiticorum
2132 2182 2183 2218 legi
2194 2187 2239 2208 aut
2249 2181 2379 2209 decantari
2398 2186 2442 2209 eo·

1413 2218 1490 2244 litum
1500 2218 1526 2244 in
1537 2218 1665 2251 Liturgia‚
1676 2226 1756 2251 quam
1767 2218 1897 2243 describit.
1908 2218 1983 2244 Unde
1993 2218 2132 2252 praecipua
2142 2218 2209 2244 cadit
2218 2218 2345 2253 Lequieni
2355 2218 2443 2245 conie-

1413 2259 1486 2280 ctura
1506 2255 1538 2279 de
1556 2254 1744 2288 Areopagiticis
1755 2254 1827 2279 libris
1847 2254 1925 2279 Petro
1940 2254 2043 2280 Fulloni
2063 2254 2242 2281 adscribendis
2279 2273 2287 2280 .
2325 2263 2341 2279 »
2409 2262 2444 2282 οι

1810 2295 1914 2318 CAPUT
1929 2295 1991 2318 xm.

1357 2325 1516 2358 Symbolum
1531 2325 1642 2359 simplex
1657 2325 1799 2350 Nicaenum
1814 2325 1874 2350 fecit
1887 2333 1975 2350 sacrae
1994 2325 2112 2359 liturgiae
2131 2330 2234 2359 partem
2244 2325 2340 2351 Petrus
2355 2325 2442 2353 Fullo.

1413 2361 1571 2395 Symbolum
1586 2360 1905 2394 Constantinopolitanum
1920 2361 2066 2387 Orthodoxi
2081 2361 2270 2387 adhibuerunt:
2286 2361 2364 2396 isque
2377 2361 2444 2387 ritus

1413 2397 1439 2422 in
1459 2397 1601 2423 Occidente
1621 2397 1705 2422 serius
1725 2397 1809 2422 multo
1837 2401 1967 2430 receptus.
1989 2396 2066 2422 Ritus
2084 2397 2236 2422 huiusmodi
2256 2404 2310 2423 non
2338 2397 2444 2431 exponit

1411 2441 1459 2458 nec
1479 2433 1574 2458 indicat
1592 2438 1682 2458 auctor
1699 2432 1951 2466 Areopagiticorum.
1975 2433 2043 2459 Hinc
2061 2433 2141 2458 vitam
2153 2433 2213 2467 ,egit
2232 2433 2275 2458 ille
2294 2437 2355 2459 ante
2373 2433 2444 2460 eius-

1411 2469 1471 2494 dem
1492 2469 1553 2494 novi
1571 2468 1636 2494 ritus
1655 2473 1775 2501 tempora
1779 2486 2280 2495 ............
2320 2477 2334 2493 »
2399 2475 2443 2495 cn

1809 2509 1914 2533 CAPUT
1928 2509 1991 2533 xw.

1356 2538 1462 2564 Primus
1482 2539 1724 2573 Areopagiticorum
1743 2539 1818 2564 locus
1833 2547 1847 2564 a
1863 2539 1999 2573 Lequieno
2017 2538 2136 2565 obiectus
2156 2546 2187 2565 ex
2211 2539 2278 2565 libro
2292 2539 2327 2566 de
2339 2538 2441 2565 Divinis

1409 2575 1576 2600 Nominibus.
1592 2575 1674 2600 Prava
1693 2575 1815 2608 dogmata
1830 2574 2038 2609 Monophysiu‘ca
2052 2576 2231 2608 explanantur.
2247 2574 2316 2601 Cum
2330 2574 2372 2601 hl·
2387 2582 2442 2600 non

1409 2616 1546 2642 consonat,
1562 2611 1615 2636 imo
1630 2611 1782 2636 adversatur
1801 2611 1948 2644 praedictus
1964 2611 2047 2643 locus,
2062 2618 2117 2645 quo
2132 2611 2233 2636 divinae
2248 2616 2355 2638 namne
2374 2610 2440 2636 inte-

1409 2647 1490 2680 gritas
1517 2651 1543 2672 et
1566 2646 1696 2672 humanae
1724 2646 1844 2672 exaltatio
1872 2646 1899 2672 in
1924 2646 2029 2672 Christo
2054 2647 2213 2672 declaratur:
2234 2645 2387 2673 Scholiutie
2413 2650 2440 2672 et

1409 2690 1431 2708 s.
1446 2682 1567 2708 Thomae
1590 2682 1768 2708 commentarii
1770 2699 2271 2708 ............
2311 2692 2324 2706 ι
2376 2689 2440 2708 cun

1809 2724 1914 2748 CAPUT
1927 2724 1980 2748 XV.

1354 2754 1412 2780 Alia
1430 2754 1611 2788 Areopagitica
1634 2754 1783 2780 testimonia
1797 2754 1851 2779 duo
1870 2761 1901 2779 ex
1919 2754 2013 2779 eodem
2037 2753 2104 2779 libro
2120 2754 2152 2779 de
2166 2753 2266 2779 Divinis
2281 2753 2438 2781 Nominibus

1409 2790 1518 2816 obiecta.
1538 2790 1662 2816 Naturam
1682 2789 1778 2815 diserte
1797 2788 1932 2822 distinguit
1955 2797 1969 2815 a
1988 2797 2102 2824 persona
2130 2794 2234 2814 auctor:
2255 2789 2384 2824 docetque
2401 2789 2439 2816 fi—

1409 2831 1477 2852 ctam
1506 2830 1657 2851 naturarum
1685 2825 1830 2851 unitionem
1849 2825 1875 2850 in
1894 2832 2007 2859 persona
2032 2829 2058 2851 et
2075 2825 2142 2851 hanc
2162 2832 2193 2850 ex
2212 2824 2315 2851 duabus
2338 2825 2439 2851 naturis

2389 2868 2439 2887 σιν

2194 1575 2251 1601 itica
2275 1575 2354 1601 Petro
2377 1575 2445 1602 Cn·-

1409 2861 1597 2895 compositam:
1613 2861 1663 2886 divi
1683 2861 1803 2886 Thomae
1821 2860 2025 2886 commentarius
2032 2878 2264 2886 ......
2309 2870 2322 2885 ι

1801 2902 1907 2926 CAPUT
1925 2902 1989 2925 XVI.

1355 2932 1474 2966 Epistola
1493 2937 1599 2965 quarta,
1615 2939 1683 2966 quae
1702 2937 1742 2957 est
1761 2932 1793 2957 ad
1812 2932 1904 2957 Caium
1915 2950 1922 2963 ,
1936 2931 2093 2965 opponitur:
2115 2931 2260 2965 eademque
2279 2931 2311 2957 ad
2330 2938 2439 2958 namen

1409 2973 1524 2994 vocatur.
1546 2967 1735 2993 Grandioribus
1755 2967 1842 2993 verbis
1862 2975 1942 2993 unam
1962 2967 2039 2992 docet
2066 2971 2158 2992 auctor
2180 2971 2287 2992 naturae
2307 2966 2439 2996 humanu

1410 3003 1591 3029 exaltationem
1611 3003 1637 3028 in
1656 3002 1775 3034 Christo,
1796 3003 1907 3037 eiusque
1926 3002 2050 3036 operandi
2076 3003 2186 3028 modum
2205 3003 2283 3036 plane
2301 3002 2438 3035 divinum,

1410 3039 1564 3070 mirabilem,
1580 3039 1744 3064 ineffabilem.
1759 3039 1810 3064 Sed
1825 3039 1888 3064 haec
1903 3044 2025 3070 attamen,
2041 3039 2114 3064 salva
2133 3043 2240 3064 naturae
2254 3038 2386 3064 humanae
2398 3038 2438 3064 in-

1411 3075 1528 3108 tegritate
1547 3075 1635 3108 quoad
1654 3075 1842 3106 substantiam,
1862 3075 1987 3108 ipsasque
2007 3075 2080 3108 quod
2099 3074 2188 3100 attinet
2211 3075 2243 3100 ad
2257 3074 2394 3100 facultates
2412 3078 2440 3100 et

1409 3111 1585 3144 operationes,
1605 3110 1772 3144 intelligenda
1790 3111 1861 3136 iubet
1879 3111 1950 3136 idem
1969 3115 2060 3135 auctor
2061 3128 2275 3136 ......
2313 3119 2328 3135 »
2375 3109 2437 3137 ibid.

1797 3151 1902 3175 CAPUT
1920 3151 1994 3175 xvn.

1356 3180 1493 3206 Postrema
1512 3181 1631 3207 eiusdem
1646 3180 1779 3214 Epistulae
1798 3181 1830 3206 ad
1845 3180 1945 3213 Caium,
1966 3180 2047 3207 veluti
2066 3180 2171 3215 speciali
2191 3185 2252 3206 nota
2271 3180 2366 3215 digna,
2387 3180 2437 3206 Lo-

1410 3217 1523 3250 quienus
1542 3216 1653 3250 opponit
1670 3216 1764 3242 verba:
1780 3223 1847 3250 quae
1866 3222 1953 3242 tamen
1969 3225 2022 3242 non
2037 3223 2126 3247 unam,
2148 3217 2195 3242 sed
2215 3223 2310 3242 novam
2329 3215 2438 3242 Delviri-

1410 3253 1462 3278 lem
1481 3253 1508 3278 in
1527 3252 1631 3278 Christo
1649 3252 1828 3286 operationem
1847 3252 1994 3278 enunciant.
2010 3253 2080 3278 Haec
2094 3260 2158 3278 vero
2173 3260 2226 3278 non
2248 3252 2341 3278 mima
2360 3252 2437 3279 dum-

1409 3293 1478 3313 taxat
1495 3295 1526 3314 ex
1540 3287 1678 3322 utriusque
1697 3292 1803 3313 naturae
1818 3288 1939 3314 confluxu
1953 3288 2120 3322 operationes
2134 3287 2329 3322 complectitur3
2343 3294 2437 3314 vet-um

1410 3324 1442 3349 ad
1461 3324 1510 3349 alia
1528 3331 1649 3358 quaeque
1668 3323 1831 3357 protenditur
1849 3324 2031 3357 operationum
2051 3331 2147 3358 genera
2172 3341 2180 3349 .
2217 3341 2225 3349 .
2262 3341 2270 3350 .
2309 3333 2323 3347 ι
2366 3329 2437 3350 am

1791 3365 1896 3388 CAPUT
1915 3365 2000 3389 xvm.

1355 3394 1510 3420 Postremus
1544 3394 1619 3420 locus
1644 3394 1787 3428 opponitur
1811 3402 1841 3420 ex
1866 3394 1932 3420 libro
1958 3395 1990 3421 de
2015 3394 2114 3420 Divinis
2140 3393 2305 3419 Nominibus.
2331 3393 2436 3419 Mixtam

1409 3431 1551 3464 quamdam
1567 3439 1619 3456 non
1639 3430 1736 3456 invehit
1750 3430 1992 3464 Areopagiticorum
2020 3435 2111 3456 auctor
2125 3429 2303 3463 operationem
2322 3429 2348 3454 in
2363 3427 2438 3454 Chri-

1409 3471 1459 3498 sto,
1475 3474 1543 3500 quae
1562 3465 1596 3491 ita
1611 3466 1644 3491 sit
1658 3466 1752 3492 Christi
1767 3466 1880 3500 propria,
1895 3471 1925 3492 ut
1943 3466 1969 3492 in
1989 3473 2047 3492 eam
2066 3465 2230 3491 sanctissima
2248 3463 2363 3490 Trinitas
2377 3464 2436 3489 nul-

1410 3501 1461 3526 lam
1481 3506 1597 3527 exerceat
1621 3500 1798 3528 efficientiam:
1820 3502 1883 3536 quid
1902 3501 1928 3527 in
1953 3501 2052 3528 eisdem
2077 3500 2274 3535 operationibus
2299 3499 2436 3534 proprium

1410 3537 1505 3562 Christi
1524 3537 1613 3569 fuerit,
1635 3538 1698 3571 quid
1716 3537 1835 3563 Trinitati
1860 3545 2018 3570 commune,
2038 3537 2191 3563 declaratur.
2210 3535 2296 3561 Sancti
2316 3534 2437 3561 Thomas

1410 3572 1627 3598 commentarius:
1649 3573 1764 3607 itemque
1792 3573 1870 3599 latina
1888 3573 1993 3605 versio,
2016 3573 2122 3606 qualem
2145 3571 2262 3605 exposcit
2284 3571 2436 3605 bequienus

1410 3613 1560 3639 correctam,
1576 3608 1607 3633 ab
1627 3609 1685 3642 ipso
1705 3609 1834 3642 Aquinate
1853 3609 1966 3634 adhibita
1989 3613 2015 3634 et
2033 3608 2136 3634 innoxia
2156 3607 2291 3633 declarata.
2303 3617 2316 3630 »
2355 3613 2436 3632 cum
