2548 4192
895 266 950 301 IN
980 266 1018 302 S.
1049 266 1290 304 THOMAM
1317 269 1639 315 AQUINATEM

172 354 187 369 ›
209 350 284 374 sunt
307 348 372 373 tres
394 342 598 383 hypostases:
620 342 707 382 apud
729 343 844 373 latinos
867 350 976 373 autem
999 353 1065 373 non
1089 350 1170 374 recte
1191 354 1241 373 so-

172 398 187 414 »
210 394 274 426 nat,
298 386 324 417 si
347 385 418 427 quis
441 385 534 424 dicat,
558 386 648 426 quod
671 393 745 417 sunt
768 392 834 418 tres
855 387 1069 424 substantiae;
1087 387 1159 418 licet
1180 388 1242 427 hy-

171 442 186 457 »
202 431 344 471 postasis
372 429 411 460 sit
432 429 518 459 idem
541 430 627 469 apud
649 429 807 469 Graecos,
838 431 927 471 quod
954 431 1131 461 substantia
1155 431 1241 470 apud

171 486 187 501 2>
209 473 339 505 Latinos
355 473 532 503 secundum
555 474 780 513 proprietatem
793 474 950 504 vocabuli.
974 475 1058 504 Nam
1072 475 1159 514 apud
1182 475 1240 504 La-

172 530 187 545 »
209 518 293 549 tinos
315 517 492 548 substantia
512 517 654 548 usitatius
674 528 732 558 pro
753 519 887 549 essentia
911 518 1010 558 accipi
1033 519 1123 557 solet,
1143 528 1241 559 quam

170 573 185 588 1·
208 569 274 592 tam
296 570 367 599 nos,
387 570 486 601 quam
505 560 615 591 Graeci
634 572 733 592 unam
755 562 789 592 in
807 562 920 592 divinis
939 561 1138 592 confitemur.
1162 563 1240 592 Pro-

170 616 185 632 »
208 612 277 646 pter
299 604 390 645 quod
413 604 493 635 sicut
516 604 627 635 Graeci
650 605 759 636 dicunt
777 612 843 636 tres
860 607 1059 646 hypostases,
1084 616 1142 636 nos
1167 606 1240 636 dici-

170 660 186 675 »
208 659 282 679 mus
305 654 371 679 tres
415 658 558 687 ersonas,
579 656 615 680 ut
631 650 726 680 etiam
743 650 942 690 Augustinus
961 650 1054 680 docet
1067 649 1100 679 in
1115 650 1171 681 VII
1191 650 1239 680 De

170 705 186 720 »
208 692 370 724 Trinitate.
421 698 456 722 ec
480 699 526 723 est
549 693 694 732 dubium,
715 694 794 734 quin
817 694 912 724 etiam
935 693 1036 724 simile
1060 693 1099 724 sit
1121 693 1154 723 in
1172 693 1239 724 aliis

169 748 185 763 »
207 736 326 767 multis.
351 735 443 767 Unde
471 737 512 766 ad
535 737 678 768 officium
700 738 773 768 boni
803 739 1007 769 translatoris
1030 737 1180 777 pertinet,
1204 744 1240 768 ut

169 792 185 807 ι»
208 791 245 811 ea
267 790 349 821 quae
373 786 447 811 sunt
470 781 641 812 catholicae
664 781 737 812 fidei
760 781 965 820 transferens,
994 788 1094 812 servet
1116 789 1238 812 senten-

169 835 184 851 »
207 824 294 863 tiam,
317 831 420 855 mutet
442 831 549 855 autem
572 826 709 856 modum
727 825 880 866 loquendi
900 826 1078 856 secundum
1097 825 1238 865 proprie-

168 880 183 895 ³
206 875 303 900 tatem
325 868 462 909 linguae,
477 868 510 898 in
533 879 632 910 quam
648 869 800 901 transfert.
820 872 961 910 Apparet
984 869 1080 908 enim,
1100 869 1190 910 quod
1213 869 1239 899 si

167 923 183 938 ν
206 923 243 943 ea
265 922 347 953 quae
374 912 408 942 in
435 913 532 943 latino
561 913 731 945 litteraliter
754 914 920 952 dicuntur,
947 912 1115 954 vulgariter
1142 923 1237 952 expo-

167 968 183 983 >
206 964 337 987 nantur:
369 956 516 987 indecens
547 957 604 988 erit
626 957 798 998 expositio,
830 957 857 988 si
888 967 1012 997 semper
1040 957 1174 987 verbum
1201 966 1239 986 ex

168 1012 184 1027 2>
205 1001 302 1031 verbo
326 1007 479 1031 sumatur.
503 1001 607 1032 Multo
629 1002 725 1042 igitur
747 1001 857 1042 magis,
882 1001 1012 1042 quando
1041 1010 1077 1030 ea
1100 1010 1182 1040 quae
1204 1000 1238 1030 in

167 1056 183 1071 »
206 1055 271 1075 una
299 1045 408 1086 lingua
437 1045 604 1084 dicuntur,
637 1045 866 1076 transferuntur
887 1045 922 1075 in
944 1045 1058 1083 aliam,
1082 1043 1125 1074 ita
1147 1043 1238 1084 quod

168 1101 184 1116 x
205 1089 339 1120 verbum
369 1096 513 1119 sumatur
536 1099 573 1119 ex
594 1089 710 1127 verbo,
741 1099 808 1119 non
837 1095 883 1119 est
908 1088 1044 1130 mirunt,
1075 1087 1101 1117 si
1131 1088 1238 1127 aliqua

168 1144 183 1159 ιν
206 1132 348 1163 dubietas
378 1132 582 1172 relinquatur.
602 1144 617 1159 ›
651 1132 773 1163 Omnes
796 1132 938 1171 utinam,
967 1131 1023 1172 qui
1046 1130 1238 1170 scriptorum

166 1175 315 1216 operibus
344 1176 378 1206 in
407 1175 502 1206 aliam
531 1176 675 1217 linguam
703 1177 859 1207 vertendis
890 1185 1021 1216 operam
1051 1174 1236 1213 conferunt,

164 1219 242 1251 haec
265 1219 412 1250 Thomae
434 1227 600 1260 praecepta
623 1227 788 1251 servarent.

231 1263 528 1304 Areopagiticorum
551 1264 707 1303 auctoris,
734 1273 833 1305 quem
851 1262 1044 1304 Dionysium
1064 1261 1235 1302 Areopagi-

164 1314 232 1339 tam
254 1317 332 1338 aevo
355 1307 523 1349 Aquinatis
547 1318 643 1339 nemo
667 1318 751 1338 unus
775 1317 841 1338 non
860 1306 1064 1345 existimabat,
1089 1305 1236 1346 frequens

165 1351 360 1391 &pindus
388 1351 548 1392 Operibus
576 1360 672 1383 usus:
707 1362 743 1382 ac
775 1358 935 1392 praeterea
966 1350 1068 1381 editus
1098 1349 1137 1379 ab
1164 1349 1235 1389 ipso

150 1395 153 1396 ⁷
166 1390 423 1427 Commentarius
439 1403 560 1436 prostat
574 1396 607 1426 in
621 1396 739 1426 librum
757 1396 809 1426 De
823 1395 938 1426 divinis
953 1394 1152 1425 Nominibus.
1177 1394 1236 1423 La-

165 1440 265 1471 tinam
286 1439 466 1471 versionem
489 1440 616 1471 adhibet
638 1440 672 1470 in
689 1440 762 1478 isto,
786 1449 886 1480 quam
909 1438 1085 1469 confecerat
1103 1438 1236 1468 Ioannes

165 1484 365 1523 Sarracenus,
389 1484 446 1525 qui
465 1485 572 1515 Abbas
595 1495 620 1515 s.
636 1484 781 1514 Andreae
804 1483 1008 1515 Vercellensis
1032 1482 1162 1513 Ordinis
1186 1491 1235 1512 ca-

164 1528 358 1559 nonicorum
376 1528 582 1570 Regularium
605 1528 727 1559 dicitur.
748 1527 886 1559 Caeteris
905 1527 938 1557 in
957 1526 1116 1567 Operibus
1135 1525 1235 1556 modo

163 1572 263 1612 hanc,
294 1572 394 1603 modo
425 1573 638 1614 antiquiorem
665 1571 751 1603 affert
780 1582 799 1602 a
828 1572 946 1602 Ioanne
976 1570 1072 1602 Scoto
1101 1570 1236 1610 Erigena

165 1616 356 1648 confectam:
381 1617 528 1658 quinimo
552 1616 813 1658 frequentissime,
834 1622 971 1656 utroque
991 1614 1122 1644 dimisso
1141 1614 1235 1644 inter-

164 1667 262 1702 prete,
283 1661 496 1701 Areopagitici
519 1668 620 1693 textus
644 1660 745 1691 reddit
764 1669 894 1690 sensum
916 1658 1115 1690 nitidioribus
1133 1657 1235 1688 verbis

164 1715 357 1746 expressum.
382 1705 537 1746 Exempla
560 1705 705 1736 dedimus
728 1704 820 1744 plura
842 1702 1066 1734 Dissertatione
1089 1702 1162 1733 Vlll
1187 1711 1235 1732 ca-

163 1749 229 1796 pite
255 1761 300 1782 111.
327 1751 433 1782 Nemo
464 1759 530 1780 non
559 1749 644 1780 videt
671 1758 795 1780 curasse
825 1747 1005 1786 Thomam,
1036 1752 1073 1776 ut
1099 1745 1236 1775 aliorum

163 1793 276 1826 saltem
298 1793 438 1826 adhibito
463 1794 613 1833 consilio,
645 1793 702 1833 qui
724 1801 868 1832 graecam
890 1791 1034 1831 linguam
1061 1789 1231 1827 callebant,

163 1839 300 1870 auctoris
319 1845 460 1870 mentem
478 1837 577 1870 tutius
600 1844 631 1868 et
655 1836 759 1867 verius
784 1842 840 1866 aut
866 1834 1064 1865 verisimilius
1083 1834 1235 1874 adseque-

164 1889 264 1923 retur;
288 1893 364 1914 cum
385 1883 580 1921 versionum,
604 1891 686 1922 quae
710 1879 898 1918 ferebantur,
922 1889 982 1919 pro
1011 1877 1060 1908 sui
1089 1877 1235 1908 acumine

163 1927 281 1970 ingenii
303 1927 378 1958 vitia
401 1933 432 1958 et
452 1926 569 1957 menda
592 1925 713 1965 optime
736 1930 853 1955 nosset.

231 1971 383 2009 Queritur
405 1971 555 2012 doletque
576 1969 711 2000 Michael
726 1968 908 2009 Lequienus
926 1966 960 1996 in
974 1965 1199 1996 Dissertatione
1214 1975 1237 1994 11

158 2014 210 2058 (n.
227 2016 283 2059 15)
297 2014 540 2053 Damascenica,
550 2021 672 2045 textum
695 2013 870 2054 quemdam
884 2011 1026 2041 eiusdem
1040 2009 1236 2050 Areopagiti-

158 2070 273 2091 corum
297 2059 445 2098 auctoris,
463 2059 519 2100 qui
536 2058 636 2098 capite
653 2068 675 2087 11
690 2057 738 2087 De
757 2055 870 2087 divinis
891 2054 1099 2092 Nominibus,
1124 2063 1235 2084 nume-

159 2114 196 2135 ro
214 2105 234 2136 6
250 2104 375 2145 legitur,
383 2103 496 2135 vitiose
512 2102 698 2134 translatum
714 2100 821 2132 haberi
835 2100 868 2130 in
883 2099 1019 2139 antiquis
1036 2098 1234 2139 quibusque,

158 2148 300 2190 itemque
323 2147 499 2179 recentibus
522 2146 555 2177 in
579 2145 780 2176 editionibus.
806 2144 925 2175 Graeca
947 2143 1041 2173 verba
1064 2149 1152 2172 sunt:
1173 2142 1231 2172 καὶ

159 2185 300 2236 δράσαι,
325 2193 383 2223 καὶ
409 2189 551 2231 παθεῖν,
579 2187 643 2221 ὅσοι
666 2188 729 2226 τῆς
756 2185 966 2232 ἀνθρωπικῆς
989 2185 1096 2217 ἀυτοῦ
1125 2183 1235 2229 θεουρ-

158 2237 236 2282 γίοις
255 2235 346 2268 ἐστὶν
366 2234 505 2280 ἔκκριτοι
528 2235 587 2266 καὶ
605 2232 779 2277 ἑξαὶρετα.
801 2233 892 2270 Quae
909 2231 952 2262 sic
971 2231 1062 2262 vertit
1080 2230 1232 2271 Erigena:

159 2282 303 2314 Verbum
326 2281 470 2312 divinum
493 2280 622 2320 operari
645 2284 675 2309 et
692 2279 764 2319 pati
787 2285 1005 2318 quaecumque
1027 2275 1235 2306 humanitatis

160 2327 230 2358 eius
251 2325 359 2357 divina
383 2326 508 2356 actione
529 2329 605 2355 sunt
627 2323 764 2354 discreta
788 2326 819 2352 et
840 2330 964 2352 summe
985 2319 1143 2350 miranda.
1164 2319 1232 2350 Sar-

159 2378 308 2401 racenus:
331 2369 454 2401 Facere
477 2374 508 2399 et
523 2369 596 2409 pati
618 2375 836 2408 quaecumque
858 2365 1020 2395 humanae
1039 2365 1139 2403 ipsius
1161 2373 1234 2394 con-

159 2415 375 2455 templationis
396 2418 472 2444 sunt
495 2413 594 2443 electa
618 2417 648 2442 et
669 2416 801 2442 semota.
821 2409 884 2440 Ubi
907 2405 1044 2450 θεωρίας
1065 2417 1233 2447 perperam

160 2459 284 2500 legebat
297 2458 479 2497 interpretes
494 2467 552 2496 pro
568 2453 753 2500 θεουργίας.
767 2452 957 2484 Ambrosius
968 2451 1233 2484 Camaldulensis:

161 2503 275 2544 anue
289 2507 320 2533 et
332 2502 432 2543 gessit
446 2507 476 2531 et
483 2501 620 2541 pertulit
634 2509 717 2540 quae
731 2503 806 2529 sunt
821 2497 982 2527 humanae
998 2496 1097 2536 ipsius
1110 2505 1234 2526 assum-

157 2547 278 2588 ptionis
301 2547 400 2577 electa
430 2550 526 2585 atque
549 2544 740 2584 praecipua.
769 2541 948 2572 loachimus
971 2539 1150 2570 Perionius:
1174 2540 1234 2570 Fe-

160 2592 265 2632 citque
288 2596 319 2621 et
335 2599 456 2630 passus
478 2594 525 2619 est
548 2589 669 2626 omnia,
691 2596 775 2628 quae
797 2586 959 2615 humanae
981 2584 1081 2624 ipsius
1098 2584 1234 2614 actionis

156 2635 336 2676 praecipua
354 2639 430 2665 sunt
448 2639 479 2664 et
496 2633 690 2673 singularia.
713 2629 890 2661 Balthassar
908 2627 1097 2659 Corderius:
1121 2628 1235 2668 anue

160 2679 310 2720 gesserit,
328 2678 510 2718 tuleritque,
527 2675 609 2718 q'uae
624 2677 786 2706 humanae
801 2674 900 2714 ipsius
913 2673 1047 2703 actionis
1054 2673 1233 2712 praecipua

161 2728 238 2754 sunt
270 2727 301 2753 et
331 2722 525 2763 singularia.
558 2723 601 2751 At
640 2719 719 2750 verti
758 2725 904 2759 oportere
935 2715 1233 2759 humano-divinam

160 2767 399 2808 operationem,
430 2775 486 2796 seu
516 2764 731 2795 efficacitatem
766 2772 821 2793 seu
851 2761 1041 2792 activitatem
1072 2761 1234 2792 contendit

162 2810 355 2852 Lequienus.
381 2810 549 2847 Quaenam
572 2808 666 2839 fuerit
687 2807 741 2838 illa
762 2807 876 2845 versi0‚
896 2816 995 2847 quam
1013 2805 1157 2836 Thomas
1181 2807 1234 2838 ad-

163 2852 282 2885 hibuit?
304 2854 492 2885 Versionem
515 2852 675 2884 Sarraceni
691 2859 846 2892 sequutus
865 2859 911 2883 est
934 2850 967 2880 in
993 2850 1234 2884 Commentario

162 2898 198 2928 in
218 2898 338 2929 librum
354 2898 403 2928 De
421 2896 533 2928 divinis
550 2895 753 2928 Nominibus,
772 2897 960 2929 Versionem
978 2894 1072 2927 aliam
1090 2895 1123 2926 in
1141 2896 1235 2928 Sum-

164 2952 219 2973 ma
232 2941 411 2982 theologica
425 2941 512 2971 affert
526 2948 614 2981 parte
630 2941 682 2980 111,
692 2943 877 2982 quaestione
891 2951 952 2979 xix,
969 2948 1024 2972 art.
1035 2952 1046 2971 1
1060 2938 1182 2982 (obiect.
1198 2939 1235 2984 1),

164 2985 254 3016 illam
263 2984 389 3024 scilicet,
400 2995 500 3026 quam
510 2986 691 3026 Lequienus
701 2986 927 3017 accuratiorem
943 2991 1047 3016 censet
1060 2995 1096 3015 ac
1110 2993 1233 3016 veram:

165 3030 210 3060 Et
232 3030 361 3070 operari
383 3034 414 3059 et
431 3030 502 3069 pati
524 3038 742 3070 quaecumque
768 3031 930 3061 humanae
959 3030 1027 3061 eius
1049 3029 1237 3070 divinaeque

166 3074 343 3114 operationi
365 3079 559 3113 congruunt.
579 3073 663 3104 Hinc
687 3074 800 3105 frustra
818 3085 854 3105 ac
875 3074 1034 3105 immerito
1054 3073 1141 3104 dolet
1163 3074 1236 3104 loco

165 3118 260 3148 citato
276 3116 323 3147 vir
339 3116 539 3147 doctissimus
553 3127 589 3148 ac
604 3117 630 3147 si
645 3117 788 3149 Thomas
807 3129 999 3159 germanam,
1016 3128 1115 3159 quam
1135 3124 1236 3158 putat,

165 3168 268 3193 textus
291 3159 504 3200 Areopagitici
525 3161 703 3191 versionem
725 3162 909 3202 ignorasset.

234 3203 512 3245 Etymologiarum
541 3214 638 3235 usum
667 3206 832 3244 praeterire
861 3206 924 3236 hoc
952 3206 1025 3236 loco
1054 3215 1120 3236 non
1150 3204 1236 3243 licet,

166 3249 224 3290 qui
247 3249 287 3279 ad
317 3258 460 3289 graecam
487 3248 620 3288 pertinet
647 3249 867 3280 eruditionem.
891 3251 988 3280 Hunc
1015 3249 1049 3279 in
1078 3248 1237 3289 Aquinate

169 3300 278 3324 nostro
308 3292 416 3325 laudat
439 3292 596 3322 Gerardus
620 3293 706 3323 Ioan.
735 3293 868 3324 Vossius
891 3293 971 3324 libro
997 3293 1026 3324 V
1056 3293 1104 3323 De
1127 3299 1238 3322 natura

166 3337 294 3374 artium,
319 3336 374 3376 qui
398 3336 438 3366 de
456 3337 658 3376 philosophia
680 3336 867 3375 inscribitur,
892 3337 991 3376 capite
1015 3347 1065 3374 m,
1088 3336 1118 3376 §-
1140 3345 1157 3366 2
1182 3335 1237 3365 ubi

168 3383 202 3412 in
227 3381 440 3421 etrmologiis,
474 3380 585 3420 quales
607 3380 695 3420 apud
716 3381 919 3411 Aristotelem
947 3386 978 3410 et
1000 3381 1081 3410 alios
1104 3380 1235 3416 multos,

170 3424 401 3456 recurrendum
418 3434 486 3454 esse
504 3423 722 3454 animadvertit
739 3423 782 3455 ad
801 3434 956 3465 graecum
964 3423 1125 3464 fontem...
1142 3422 1236 3462 quod,

169 3469 290 3510 inquit,
321 3474 351 3499 et
386 3469 522 3498 Thomas
551 3469 695 3508 Aquinas
724 3473 839 3498 monet.
871 3467 991 3498 Passim
1016 3467 1050 3496 in
1080 3466 1237 3505 Operibus

170 3513 238 3543 eius
262 3523 386 3553 graecas
409 3522 502 3542 voces
526 3511 680 3551 explicari,
705 3522 771 3542 non
794 3518 865 3551 apte
890 3510 1022 3551 quidem
1042 3510 1158 3549 plures,
1180 3509 1238 3539 viri

170 3557 268 3588 critici
297 3557 502 3595 adnotarunt;
525 3556 670 3597 feliciter
699 3556 791 3594 alias,
823 3555 911 3586 fateri
941 3554 1063 3595 cogitur
1092 3553 1238 3583 laudatus

171 3611 308 3641 operum
338 3600 474 3632 Launoii
501 3600 601 3631 editor
626 3599 757 3630 Praefat.
785 3599 819 3629 in
846 3606 973 3630 tomum
1000 3598 1046 3629 V:
1077 3607 1158 3638 quae
1186 3597 1238 3627 de-

2238 285 2369 311 CCCXIX

1297 357 1389 377 mum
1404 348 1523 387 omnia,
1538 348 1587 378 sin
1600 358 1709 389 graece
1722 348 1848 389 linguae
1862 349 2000 389 peritum
2013 349 2206 390 Aquinatem
2221 359 2368 383 nostrum

1297 392 1442 430 probant,
1459 399 1596 423 attamen
1620 392 1750 423 fortasse
1769 403 1835 423 non
1860 393 1992 423 omnino
2014 394 2127 424 rudem
2146 401 2175 425 et
2196 395 2367 434 hospitem,

1297 442 1328 465 at
1343 435 1526 466 eruditionis
1547 443 1637 475 certe,
1654 446 1736 477 quae
1756 437 1931 477 comparari
1951 447 1987 467 ex
2005 447 2132 477 graecae
2150 438 2275 478 linguae
2295 440 2368 469 scri-

1296 479 1440 518 ptoribus
1463 487 1577 519 potest,
1601 487 1823 520 promotorem
1847 491 1925 511 aevo
1950 491 2010 511 suo
2034 481 2282 512 meritissimum.

1364 523 1416 553 IV.
1441 524 1644 554 Postremum
1666 534 1770 554 sacrae
1793 524 1825 554 id
1849 535 1948 565 genus
1972 525 2168 563 eruditionis,
2193 535 2258 566 qua
2276 526 2367 556 Tho-

1295 576 1363 596 mas
1386 568 1535 606 pollebat,
1556 568 1715 607 specimen
1739 567 1844 606 affero,
1865 569 1955 609 quod
1979 569 2097 600 eruitur
2121 579 2158 599 ex
2175 569 2367 600 variantibus

1295 610 1371 640 novi
1395 621 1431 641 ac
1459 611 1570 642 veteris
1598 612 1792 643 Testamenti
1815 612 2003 643 lectionibus
2037 623 2074 643 ex
2100 613 2247 644 hebraico
2275 619 2365 644 textu

1294 663 1476 695 graecoque
1507 655 1665 695 profectis.
1699 656 1792 687 Varia
1828 656 2015 687 huiusmodi
2045 656 2220 687 lectionum
2253 667 2367 698 genera

1294 697 1459 736 proferunt
1477 700 1668 739 Ludolphus
1694 700 1848 730 Kusterus
1872 700 1905 730 in
1935 699 2063 740 praefat.
2090 701 2130 730 ad
2155 711 2278 731 novum
2304 702 2366 732 Te-

1294 748 1486 772 stamentum
1516 753 1664 782 graecum
1697 744 1813 773 Ioanne
1843 743 1944 774 Millio
1975 751 2140 775 accurante
2163 744 2302 783 editum,
2335 752 2366 776 et

1293 785 1406 816 Daniel
1421 786 1593 827 Whitbyus
1608 787 1642 816 in
1661 787 1802 817 examine
1817 787 2005 818 variantium
2027 788 2202 819 lectionum
2222 788 2364 819 eiusdem

1293 828 1397 859 Millii:
1423 840 1544 870 quaeve
1566 830 1640 860 inde
1669 831 1895 869 emolumenta,
1920 831 1998 871 quin
2028 832 2132 862 ullum
2155 832 2233 862 sacri
2260 839 2363 863 textus

1293 873 1469 904 auctoritati
1499 874 1678 913 periculum
1707 874 1889 912 immineat,
1920 875 2095 905 redundare
2125 876 2159 906 in
2189 876 2363 907 Ecclesiam

1293 916 1426 955 possint,
1446 917 1590 956 pluribus
1609 918 1776 948 declarant.
1797 918 1994 948 Variantium
2013 929 2086 959 ergo
2107 919 2283 950 lectionum
2302 920 2362 951 fre-

1292 970 1394 999 quens
1418 961 1553 992 occurrit
1576 971 1653 991 usus
1675 961 1708 991 in
1732 961 1890 1000 Operibus
1913 962 2069 1001 Thomae,
2098 963 2300 1004 maximeque
2327 964 2362 994 in

1293 1003 1537 1034 Commentariis
1563 1004 1597 1034 in
1625 1015 1745 1035 sacram
1772 1005 1975 1044 Scripturam.
2001 1006 2179 1045 Specimina
2206 1008 2362 1038 nonnulla

1291 1054 1435 1086 prostant
1456 1048 1489 1077 in
1513 1047 1736 1078 Dissertatione
1759 1049 1802 1079 VI
1826 1049 1865 1079 de
1888 1049 2131 1080 Commentariis
2154 1051 2187 1081 in
2203 1051 2362 1090 Epistulas

1291 1090 1381 1121 Pauli
1403 1091 1560 1131 Apostoli.
1586 1092 1625 1123 V.
1649 1102 1679 1132 g.
1705 1092 1782 1122 haec
1804 1092 1898 1122 habet
1920 1092 1971 1122 ille
1996 1093 2035 1123 ad
2059 1101 2153 1133 caput
2171 1105 2182 1124 1
2201 1095 2240 1124 ad
2263 1095 2359 1126 Rom.

1291 1144 1370 1165 vers.
1394 1142 1430 1174 4:
1459 1148 1473 1162 e<
1491 1134 1643 1175 Origenes
1667 1135 1751 1174 dicit,
1776 1136 1865 1176 quod
1889 1136 1988 1166 littera
2011 1147 2075 1166 non
2099 1138 2190 1168 debet
2208 1148 2286 1176 esse,
2306 1140 2361 1179 qui

1294 1189 1308 1204 »
1324 1178 1586 1218 praedestinatus
1609 1184 1674 1216 est,
1703 1179 1758 1209 sed
1781 1181 1835 1219 qui
1857 1179 2033 1210 destinatus
2061 1186 2108 1211 est
2130 1181 2228 1212 Filius
2251 1182 2358 1213 Dei...

1294 1234 1309 1248 ²>
1331 1221 1426 1252 Sed...
1447 1223 1658 1253 communiter
1673 1233 1784 1253 omnes
1807 1223 1877 1253 libri
1899 1223 1986 1254 latini
2009 1224 2134 1263 habent,
2152 1225 2207 1265 qui
2224 1226 2361 1265 praede—

1293 1277 1308 1292 »
1330 1267 1467 1296 stinatus
1495 1272 1551 1297 est.
1570 1279 1584 1293 »
1616 1267 1657 1297 Et
1685 1267 1724 1296 ad
1748 1274 1842 1306 caput
1865 1278 1912 1306 1x,
1943 1277 2021 1298 vers.
2052 1276 2102 1309 17:
2136 1282 2149 1296 «
2171 1269 2254 1300 Dicit
2276 1270 2362 1301 enim

1292 1321 1307 1336 »
1330 1309 1490 1350 Scriptura
1512 1310 1678 1349 Pharaoni,
1694 1312 1769 1351 quia
1790 1312 1821 1341 in
1845 1311 1903 1342 hoc
1926 1312 2028 1351 ipsum
2053 1313 2188 1344 excitavi
2210 1318 2273 1344 te...
2290 1313 2360 1353 Vel,

1294 1366 1309 1380 ²>
1330 1355 1457 1385 servavi
1472 1359 1518 1392 te,
1536 1355 1714 1385 secundum
1729 1355 1823 1385 aliam
1842 1355 2005 1386 litteram..
2016 1362 2044 1386 .:
2065 1363 2171 1386 nostra
2190 1364 2299 1387 autem
2311 1357 2360 1388 lit-

1293 1409 1308 1424 »
1330 1404 1395 1428 tera
1410 1398 1454 1428 sic
1469 1398 1563 1429 habet
1579 1397 1695 1441 (Exodi
1712 1408 1780 1438 cap.
1800 1409 1845 1437 tx,
1862 1409 1940 1429 vers.
1969 1397 2036 1441 16):
2057 1401 2154 1430 Posui
2168 1405 2207 1431 te.
2230 1413 2245 1428 »
2265 1401 2306 1431 Et
2320 1401 2361 1431 ad

1292 1451 1360 1481 cap.
1377 1452 1407 1472 x1
1431 1442 1471 1472 ad
1487 1443 1660 1480 Hebraeos,
1679 1452 1758 1473 vers.
1772 1450 1828 1473 21:
1849 1456 1863 1470 ι
1880 1443 2035 1474 Adoravit
2049 1443 2226 1484 fastigium
2247 1446 2360 1485 virgae

1293 1498 1308 1513 ›
1331 1486 1408 1516 eius.
1420 1487 1493 1516 Hoc
1506 1486 1639 1517 habetur
1653 1486 1767 1517 Genes.
1778 1497 1872 1525 van,
1882 1497 1961 1517 vers.
1977 1488 2027 1525 31,
2039 1487 2094 1517 ubi
2108 1487 2222 1518 dicitur
2235 1489 2357 1528 quod...

1293 1542 1308 1556 ι
1330 1529 1478 1560 adoravit
1491 1530 1535 1561 ad
1557 1536 1653 1570 caput
1667 1531 1786 1568 lectuli,
1804 1537 1840 1561 ut
1863 1530 1938 1562 dicit
1950 1531 2051 1561 littera
2065 1538 2185 1562 nostra:
2202 1532 2252 1562 vel
2260 1532 2359 1573 fasti-

1293 1586 1308 1601 »
1330 1575 1420 1614 gium
1442 1575 1554 1615 virgae
1573 1576 1652 1612 eius,
1672 1581 1708 1605 ut
1726 1574 1835 1605 dicunt
1850 1574 2066 1615 Septuaginta:
2084 1575 2134 1605 vel
2151 1585 2250 1616 super
2259 1576 2359 1617 sasti-

1292 1630 1307 1645 ι
1329 1619 1432 1659 gium,
1453 1625 1488 1649 ut
1502 1618 1635 1649 habetur
1657 1618 1690 1648 in
1708 1628 1829 1659 graeco.
1850 1631 1863 1646 a
1891 1619 2060 1649 Innumera
2079 1626 2153 1650 sunt
2173 1619 2360 1650 huiusmodi

1290 1662 1443 1702 exempla,
1468 1672 1549 1702 quae
1568 1662 1734 1703 Aquinatis
1757 1662 1944 1693 industriam
1967 1663 2202 1702 commendant,
2222 1663 2278 1704 qui
2301 1664 2360 1694 sibi

1289 1713 1412 1745 partem
1434 1706 1515 1736 hanc
1539 1716 1642 1736 sacrae
1665 1706 1848 1737 eruditionis
1879 1714 1934 1738 aut
1963 1707 2091 1746 propria
2115 1706 2273 1747 diligentia
2305 1714 2360 1738 aut

1290 1749 1427 1780 aliorum
1450 1760 1512 1789 ope
1537 1750 1739 1790 comparavit.

1356 1794 1449 1824 Ferre
1468 1793 1579 1834 utique
1602 1794 1780 1824 subsidium
1797 1801 1920 1833 poterat
1939 1804 2021 1834 opus
2039 1794 2171 1835 insigne,
2188 1795 2278 1835 quod
2300 1804 2358 1825 no-

1290 1844 1408 1875 strates,
1428 1838 1568 1878 Hugone
1591 1838 1630 1868 de
1653 1845 1761 1868 sancto
1782 1838 1887 1869 Charo
1913 1838 1963 1868 vel
1982 1838 2020 1868 de
2044 1845 2152 1869 sancto
2176 1838 2357 1869 Theuderio

1290 1881 1495 1921 praesidente,
1517 1881 1550 1912 in
1565 1881 1728 1912 parisiensi
1744 1882 1900 1912 coenobio
1923 1882 2135 1913 Saniacobaeo
2151 1882 2357 1922 perfecerunt,

1290 1926 1380 1966 quod
1398 1925 1598 1966 inscribiturzss
1610 1926 1712 1956 Sacra
1731 1926 1835 1956 Biblia
1855 1927 2019 1967 recognita
2036 1931 2066 1956 et
2080 1926 2258 1964 emendata,
2279 1926 2359 1957 idest

1290 1980 1310 2000 a
1327 1971 1517 2010 scriptorum
1539 1971 1621 2001 vitiis
1639 1975 1834 2011 expurgata,
1855 1970 1971 2000 additis
1989 1970 2032 2000 ad
2057 1971 2237 2011 marginem
2258 1971 2358 2000 variis

1291 2014 1476 2045 lectionibus
1505 2014 1648 2045 codicum
1673 2023 1748 2044 mss.
1771 2014 2003 2051 hebraeorum,
2031 2023 2224 2054 graecorum
2249 2019 2279 2044 et
2307 2023 2358 2044 ve-

1290 2063 1394 2088 terum
1415 2059 1588 2089 latinorum
1607 2058 1750 2089 codicum
1766 2063 1872 2088 aetate
1893 2058 2004 2088 Caroli
2019 2058 2137 2098 Magni
2154 2058 2357 2097 scriptorum.

1290 2102 1451 2142 Integrum
1474 2109 1504 2133 et
1528 2102 1652 2142 elegans
1676 2102 1844 2142 exemplar,
1869 2109 2007 2142 quatuor
2029 2101 2247 2141 grandioribus
2266 2102 2358 2132 volu-

1289 2146 1428 2176 minibus
1453 2153 1611 2184 constans,
1635 2146 1669 2176 in
1693 2146 1804 2176 eadem
1827 2146 2037 2176 Saniacobaea
2060 2146 2159 2175 domo
2183 2145 2358 2176 etiamnum

1289 2191 1484 2221 adservatur:
1516 2191 1571 2220 sed
1601 2190 1770 2228 volumen,
1801 2200 1867 2230 quo
1899 2189 2117 2220 continebatur
2145 2190 2355 2227 Psalterium,

1290 2233 1480 2277 (dolendum
1503 2232 1590 2276 sane)
1615 2244 1681 2264 non
1705 2240 1842 2273 apparet.
1873 2233 1910 2263 In
1933 2233 2019 2263 Actis
2043 2232 2182 2272 Capituli
2206 2233 2357 2272 generalis

1289 2289 1373 2309 anno
1403 2279 1484 2309 1236
1517 2277 1660 2308 celebrati
1683 2277 1823 2315 Parisiis,
1854 2277 1931 2307 haec
1954 2277 2108 2307 habentur
2137 2286 2271 2307 numero
2299 2278 2355 2316 34:

1295 2322 1446 2353 Volumus
1469 2327 1500 2352 et
1523 2321 1724 2358 mandamus,
1750 2327 1785 2352 ut
1802 2321 1975 2352 secundum
1995 2321 2234 2358 correctionem,
2258 2330 2355 2360 quam

1280 2366 1414 2407 faciunt
1427 2367 1572 2403 Fratres,
1583 2366 1696 2405 quibus
1710 2366 1769 2396 hoc
1784 2366 1965 2406 iniungitur
1974 2366 2006 2395 in
2016 2365 2184 2395 Provincia
2195 2364 2355 2403 Franciae,

1289 2411 1374 2440 aliae
1389 2410 1512 2440 Bibliae
1531 2409 1661 2440 Ordinis
1679 2410 1889 2450 corrigantur
1908 2414 1938 2439 et
1952 2413 2149 2449 purgentur.
2171 2409 2258 2438 Haec
2273 2408 2356 2449 typis

1289 2453 1371 2484 edita
1395 2460 1538 2493 prostant
1555 2460 1646 2484 tomo
1670 2453 1713 2484 lv
1728 2452 1884 2483 Thesauri
1908 2452 1983 2483 novi
2002 2452 2251 2490 anecdotorum,
2276 2461 2358 2492 quae

1289 2504 1408 2528 ascetae
1432 2497 1646 2528 Sammauraei
1669 2497 1877 2534 Benedictini,
1901 2497 2041 2527 Martene
2065 2503 2095 2527 et
2117 2496 2267 2534 Durand,
2293 2496 2358 2526 col-

1288 2542 1440 2582 legerunt.
1466 2541 1617 2581 Elogium
1642 2541 1772 2571 consule
1791 2540 1939 2580 Hugonis
1963 2541 2002 2570 de
2026 2550 2050 2571 s.
2073 2540 2179 2571 Charo
2203 2539 2289 2579 apud
2313 2539 2358 2569 Ia-

1290 2586 1408 2616 cobum
1418 2585 1611 2623 Echardum,
1622 2585 1677 2615 ubi
1691 2584 1751 2615 alia
1761 2585 1952 2615 adnotantur
1962 2584 2063 2624 plura,
2075 2584 2153 2614 scitu
2165 2583 2358 2623 dignissima,

1289 2639 1372 2670 quae
1395 2630 1435 2660 ad
1453 2629 1574 2670 insigne
1602 2629 1747 2668 superius
1766 2639 1849 2668 opus
1867 2628 2032 2668 pertinent.
2054 2628 2125 2658 Hoc
2144 2627 2239 2658 etiam
2262 2637 2358 2666 opere

1289 2683 1387 2704 usum
1416 2683 1483 2703 esse
1512 2673 1722 2714 Aquinatem,
1753 2680 1789 2703 ut
1811 2672 1914 2703 varios
1944 2672 2126 2702 divinorum
2155 2671 2358 2711 eloquiorum

1282 2728 1419 2756 sensus,
1452 2727 1535 2758 quos
1566 2718 1729 2748 variantes
1758 2716 1891 2748 afferunt
1921 2717 2089 2754 lectiones,
2124 2714 2357 2746 commentariis

1290 2768 1470 2802 exponeret,
1494 2761 1601 2792 nullus
1626 2761 1747 2792 dubito.

1655 2879 1866 2916 CAPUT
1909 2878 1980 2915 IV.

1290 2987 1419 3012 Lectionis
1444 2986 1518 3019 copia
1542 2985 1567 3010 in
1591 2985 1731 3017 Aquinate,
1757 2984 1800 3017 qui
1826 2983 1953 3014 Graecos,
1978 2982 2085 3013 Arabes,
2108 2982 2213 3007 Latinos
2231 2981 2358 3014 plurimos

1339 3036 1345 3043 ·
1363 3022 1459 3047 evolvit
1476 3020 1656 3054 philosophos.
1675 3020 1772 3044 Eadem
1796 3019 1911 3043 lectionis
1931 3018 2003 3050 copia
2026 3018 2051 3042 in
2070 3017 2246 3042 ecclesiasticis
2266 3024 2359 3041 monu-

1363 3057 1465 3082 mentis.
1483 3056 1552 3081 Artis
1572 3055 1672 3080 criticae
1694 3054 1843 3088 specimina.

1292 3160 1315 3191 1.
1432 3169 1491 3189 uae
1507 3157 1711 3188 disseruimus
1727 3157 1887 3194 hactenus,
1907 3155 1993 3186 haud
2008 3155 2075 3185 leve
2092 3154 2251 3194 specimen
2270 3163 2359 3193 prae·

1433 3204 1506 3233 bent
1533 3201 1732 3239 eruditionis,
1761 3210 1864 3240 neque
1892 3199 2052 3237 modicae,
2081 3208 2184 3238 neque
2207 3197 2358 3237 vulgaris,

1292 3257 1356 3288 qua
1396 3247 1535 3286 pollebat
1564 3245 1725 3286 Aquinas:
1760 3251 1796 3274 ut
1825 3243 1952 3274 nonnisi
1983 3253 2039 3282 per
2061 3241 2290 3281 impudentiam
2319 3241 2358 3270 ab

1292 3290 1424 3322 Oudino
1448 3290 1568 3320 dictum
1591 3289 1699 3327 fuerit,
1729 3288 1779 3319 vel
1801 3288 1923 3318 nullam
1948 3287 1998 3317 vel
2020 3286 2174 3316 modicam
2209 3284 2357 3315 eruditio-

1292 3345 1362 3365 nem
1392 3344 1434 3364 ex
1462 3334 1593 3363 lectione
1624 3332 1764 3372 Operum
1794 3332 1861 3361 eius
1883 3331 2010 3361 hauriri
2032 3339 2134 3369 posse.
2167 3328 2296 3358 Nullam
2317 3338 2358 3358 ne

1291 3379 1341 3408 vel
1356 3377 1516 3408 modicam
1532 3376 1741 3406 eruditionem
1757 3374 1909 3414 praeferat
1923 3375 2119 3410 continuum,
2139 3372 2228 3412 quod
2243 3378 2358 3402 vocant

1296 3421 1385 3462 Opus
1408 3422 1439 3451 in
1463 3425 1602 3460 quatuor
1614 3419 1807 3459 Evangelia,
1831 3418 1863 3447 in
1887 3428 1952 3458 quo
1973 3416 2186 3447 elucubrando
2206 3422 2253 3446 tot
2271 3415 2355 3445 evol-

1291 3475 1363 3495 vere
1386 3463 1516 3494 Latinos
1537 3463 1737 3502 Graecosque
1761 3461 1926 3500 scriptores
1949 3460 2057 3491 debuit
2079 3459 2149 3498 ille;
2175 3458 2356 3499 curavitque

1292 3515 1450 3549 praeterea
1478 3514 1513 3538 ut
1542 3516 1651 3547 graeca
1674 3505 1811 3546 plurima
1840 3512 1992 3544 excerpta,
2016 3513 2098 3544 quae
2121 3503 2356 3540 delitescebant,

1292 3552 1388 3583 latina
1416 3551 1537 3581 civitate
1561 3547 1768 3580 donarentur?
1799 3549 1895 3579 Nulla
1918 3558 1957 3578 ne
1984 3548 2034 3578 vel
2057 3547 2182 3577 modica
2209 3553 2359 3586 appareat

1294 3595 1427 3627 eruditio
1451 3595 1614 3633 Thomae,
1643 3593 1698 3634 qui
1725 3592 1835 3624 latinas
1859 3602 1941 3633 quae
1964 3591 2156 3630 ferebantur,
2185 3600 2222 3621 ex
2244 3594 2357 3631 graeco
