2788 4204
94 464 105 473 ⁶
115 468 143 484 u:
161 462 223 484 dicit.

96 628 105 636 '
115 633 141 647 a:
159 625 297 647 necessitas.

194 662 208 678 κ

97 689 106 697 “
114 694 140 709 a:
155 688 305 714 argumente-

97 719 164 739 mur,·
184 719 305 738 moi-oar:

96 741 282 767 argumentetur.

93 767 144 787 ἰιι
168 765 241 787 conci.
265 765 305 786 de-

93 792 271 814 monstrationis
295 808 302 817 ,

94 819 134 840 sed
149 824 195 840 non
210 819 277 839 bene.

93 996 131 1016 'lz
148 996 179 1016 ut.

93 1101 100 1109 ·
119 1099 217 1120 Tantum
239 1105 266 1120 ex

94 1125 162 1147 codd.

93 1208 102 1215 ·
112 1211 140 1226 ιη·
151 1210 199 1226 om.
210 1203 269 1230 scit„
280 1207 302 1224 et

94 1231 152 1253 inira
161 1237 174 1252 Ρ
184 1236 231 1252 om.
242 1236 302 1251 sem·

87 1264 140 1286 per.

94 1416 102 1425 ·
112 1421 139 1436 o:
150 1421 197 1442 pro
211 1416 284 1436 ertur.
292 1422 301 1440 ,-

97 1442 134 1464 alii
157 1448 185 1463 co
203 1441 225 1462 d.
243 1444 304 1466 (exc.

95 1467 291 1495 cuns-rhsertur.

90 1522 99 1531 '
107 1520 181 1542 Codd.
189 1532 199 1537 -
206 1527 230 1541 νε
239 1521 282 1542 sic.
288 1532 298 1536 -

87 1553 103 1568 u
121 1554 127 1568 ε
156 1553 182 1568 re
208 1547 300 1574 aliquid

91 1573 219 1594 demonstr.

97 1599 243 1630 '’eodm-p:
256 1599 299 1628 fe-

89 1631 169 1647 cimus.

87 1653 106 1662 ¹·
117 1658 144 1673 n:
159 1658 187 1673 eo
201 1651 271 1679 quod.

86 1731 95 1739 “
104 1736 296 1756 ΑΒυῡκιΝοιὶκςτ.

88 1769 98 1773 -
105 1763 125 1778 p:
132 1757 265 1785 inserimus;
274 1763 295 1778 e:

84 1783 198 1811 serimus.

181 1810 199 1835 λ

83 1845 94 1853 ⁴
106 1843 192 1866 Codd.:
208 1850 269 1866 esse.

342 233 413 269 190

332 300 386 337 sic
414 307 500 336 etc.:
530 310 628 347 quae
656 298 739 334 talis
767 304 833 334 est.
854 296 1132 334 Demonstratio
1157 295 1258 331 circa
1278 306 1400 331 neces-

331 353 475 390 sarium
495 358 549 388 est
569 357 605 388 et
621 351 929 395 demonstratum,
951 349 1047 386 idest
1069 347 1400 385 demonstrationis

335 405 545 452 conclusio,
567 417 640 441 non
659 409 783 453 potest
807 403 916 440 aliter
938 414 978 438 se
995 402 1144 438 hahere.
1175 401 1225 436 Et
1242 401 1317 437 hoc
1337 412 1397 437 ac-

335 459 551 508 cipiendum
568 465 622 494 est
636 458 656 476 ⁴*
684 465 865 504 tanquam
884 454 1110 503 principium
1131 453 1178 489 ad
1199 453 1400 490 ostenden-

334 512 427 549 dum
454 510 712 560 propositum,
747 508 884 545 scilicet
912 507 1016 555 quod
1051 506 1323 543 demonstratio
1354 519 1399 543 ex

333 564 552 601 necessariis
583 562 779 612 procedat3
810 560 915 597 cuius
943 559 1099 608 quidem
1130 559 1304 607 principii
1331 572 1397 597 ve-

333 617 419 654 ritas
436 618 456 638 *
471 629 515 653 ex
534 614 750 665 praemissis
779 620 945 662 apparet,
970 620 1011 649 ut
1038 612 1115 649 iam
1144 612 1287 649 dictum
1309 620 1363 649 est
1372 619 1397 649 ¹.

333 672 390 707 Ex
418 671 491 706 hoc
520 677 646 705 autem
665 666 849 716 principio
879 666 930 702 sic
950 673 1232 713 argumentatur
1244 666 1274 702 *.
1297 666 1399 702 Con-

333 723 448 760 clusio
477 720 686 759 necessaria
702 721 722 740 ⁴*
737 732 816 757 non
843 717 967 767 p'otest
993 719 1084 755 sciri
1100 718 1171 755 nisi
1199 731 1244 755 ex
1261 718 1398 767 princi-

299 799 305 804 ·
330 776 400 825 piis
429 774 662 820 necessariis;
692 773 758 810 sed
788 772 1060 810 demonstratio
1089 772 1176 808 facit
1194 772 1287 809 scire
1309 784 1398 809 con-

332 828 539 866 clusionem
567 826 837 872 necessariam;
869 837 957 873 ergo
987 832 1136 874 oportet
1163 825 1267 873 quod
1288 825 1334 862 sit
1353 838 1397 862 ex

329 881 519 930 principiis
539 879 860 917 necessariis.-1n
880 891 957 927 quo
978 878 1102 916 differt
1124 878 1396 915 demonstratio

330 935 378 971 ab
407 934 485 970 aliis
514 933 755 982 syllogismis:
791 933 929 969 sufficit
964 931 1066 968 enim
1101 931 1139 968 in
1172 931 1251 968 aliis
1285 932 1397 980 syllo-

330 987 458 1035 gismis
477 987 612 1035 quod*
624 986 861 1034 syllogizetur
881 998 925 1022 ex
940 985 1052 1023 veris.
1069 986 1153 1021 Nec
1174 992 1229 1021 est
1243 985 1396 1034 aliquod

330 1040 429 1077 aliud
448 1053 566 1088 genus
585 1039 804 1088 syllogismi,
825 1039 863 1076 in
887 1051 963 1087 quo
993 1046 1166 1088 oporteat
1195 1050 1240 1075 ex
1267 1050 1396 1075 neces-

329 1093 434 1130 sariis
461 1093 681 1143 procedere,
711 1094 778 1130 sed
801 1092 840 1129 in
865 1091 1187 1129 demonstratione
1215 1098 1362 1128 tantum
1378 1092 1398 1113 ³*

329 1154 479 1195 oportet
498 1148 572 1184 hoc
601 1146 817 1183 observare.
848 1147 897 1182 Et
923 1146 998 1182 hoc
1027 1152 1083 1184 est
1104 1144 1303 1193 proprium
1332 1145 1396 1182 de-

329 1199 621 1247 monstrationis,
642 1199 781 1236 scilicet
797 1200 817 1220 *
835 1211 880 1235 ex
900 1197 1118 1236 necessariis
1137 1209 1290 1246 semper
1307 1211 1396 1247 pro-

330 1252 475 1290 cedere.

385 1307 417 1342 5.
439 1305 587 1343 Deinde
608 1318 695 1342 cum
716 1305 818 1342 dicit:
839 1305 999 1352 Signum
1014 1309 1139 1340 autem
1156 1310 1238 1350 etc.,
1258 1304 1396 1352 probat

327 1358 430 1396 idem
462 1371 531 1408 per
564 1358 712 1406 signum
750 1359 823 1395 hoc
861 1357 992 1394 modo.
1033 1357 1175 1393 Contra
1210 1356 1394 1393 rationem

326 1411 492 1460 aliquam
512 1424 590 1449 non
614 1411 768 1449 infertur
784 1412 803 1432 ³¹⁸
817 1410 1001 1458 instantia,
1021 1409 1092 1446 nisi
1109 1421 1178 1458 per
1196 1410 1270 1446 hoc
1290 1409 1395 1457 quod

327 1464 454 1503 deficit
472 1464 610 1513 aliquid
638 1477 783 1511 eorum,
813 1475 910 1512 quae
939 1463 976 1499 in
1006 1462 1150 1499 ratione
1178 1462 1239 1498 illa
1265 1462 1394 1499 obser-

325 1518 452 1555 vanda
480 1526 580 1564 sunt3
611 1518 677 1555 sed
713 1524 843 1554 contra
878 1528 982 1562 eum,
1017 1515 1082 1563 qui
1117 1515 1292 1563 opinatur
1319 1516 1395 1552 se*

327 1571 598 1616 demonstrare,
628 1571 782 1607 ferimus
796 1569 1044 1606 *instantiam
1073 1568 1177 1616 quod
1193 1569 1237 1589 ⁸*
1250 1580 1329 1604 non
1349 1568 1394 1605 sit

325 1636 478 1661 necesse
508 1636 572 1671 ea,
603 1636 648 1660 ex
677 1623 812 1672 quibus
839 1621 1023 1671 procedit,
1054 1634 1135 1658 esse
1163 1634 1276 1658 vera:
1311 1621 1391 1658 sive

325 1677 527 1725 opinemur
546 1689 590 1713 ea
610 1676 825 1724 contingere
854 1675 958 1712 aliter
987 1688 1027 1711 se
1055 1674 1209 1721 habere,
1238 1674 1319 1711 sive
1338 1682 1391 1711 ta-

323 1730 399 1767 lem
428 1730 641 1766 instantiam
661 1730 827 1766 feramus
854 1729 873 1750 *
896 1728 1069 1772 rationis,
1101 1727 1198 1765 idest
1225 1727 1390 1776 disputa-

323 1783 434 1820 tionis
455 1780 604 1828 causa³;
626 1795 715 1831 ergo
736 1781 1008 1820 demonstratio
1029 1780 1142 1818 debet
1154 1780 1393 1830 procedere*

323 1848 368 1872 ex
396 1835 626 1873 necessariis.

324 2006 416 2035 quarto
440 2002 519 2026 modo
545 2001 644 2026 dicendi
663 2008 710 2034 per
733 2008 763 2025 se
787 1999 898 2035 (lect.x,
919 2009 944 2025 n.
963 1999 1006 2034 7);
1026 2005 1052 2025 et
1071 2000 1162 2025 dicitur
1185 2001 1218 2025 de
1242 1999 1347 2025 homine
1366 2000 1392 2025 in

323 2037 489 2062 conclusione
512 2037 538 2061 in
561 2037 676 2061 secundo
699 2036 778 2060 modo
803 2036 902 2060 dicendi
926 2043 973 2068 per
997 2043 1026 2060 se
1045 2034 1095 2069 (ib.
1116 2044 1142 2060 n.
1165 2034 1211 2070 4);
1236 2035 1347 2068 denique
1366 2036 1392 2060 in

322 2072 420 2097 minori
442 2072 617 2105 propositione
639 2071 740 2096 animal
763 2071 896 2096 rationale
917 2071 943 2095 in
965 2071 1050 2104 primo
1071 2071 1151 2095 modo
1175 2071 1274 2096 dicendi
1293 2078 1339 2104 per
1362 2079 1392 2096 se

323 2106 371 2141 (ib.
386 2116 412 2133 n.
428 2107 460 2142 3)
476 2107 567 2131 dicitur
586 2107 618 2131 de
636 2107 748 2131 homine.

375 2143 523 2167 Notandum
547 2147 633 2166 tamen
652 2142 732 2174 quod,
756 2141 822 2166 sicut
843 2141 1017 2174 praemissum
1040 2146 1080 2166 est
1097 2149 1123 2166 n.
1146 2149 1167 2171 ι,
1186 2142 1227 2167 hic
1246 2149 1334 2167 sermo
1353 2147 1393 2167 est

323 2179 354 2203 de
373 2177 593 2203 demonstratione
607 2180 721 2209 propter
744 2177 821 2209 quid,
842 2184 937 2210 nempe
956 2177 988 2201 de
1007 2177 1227 2202 demonstratione
1245 2185 1312 2210 quae
1330 2185 1391 2210 pro-

322 2213 388 2238 cedit
411 2221 441 2238 ex
464 2213 607 2237 notioribus
629 2213 784 2244 simpliciter
802 2212 852 2245 (Cf.
872 2213 932 2237 lect.
950 2219 1004 2243 vm,
1019 2217 1072 2236 not.
1091 2211 1131 2244 β),
1147 2217 1172 2237 et
1186 2213 1244 2237 ideo
1263 2220 1293 2237 ex
1313 2220 1391 2237 causa

316 2252 431 2281 propter
449 2256 528 2281 quam
542 2255 596 2278 res,
616 2255 684 2280 quae
697 2248 900 2278 demonstratur,
915 2252 956 2272 est
969 2247 1042 2272 sicmi
1057 2247 1255 2273 demonstratur.
1271 2246 1391 2272 Definitio

322 2292 392 2314 vero,
412 2291 458 2308 seu
478 2283 589 2308 essentia
603 2283 648 2314 rei,
662 2288 703 2308 est
721 2290 797 2308 causa
815 2290 864 2308 seu
881 2283 946 2307 ratio
961 2282 1117 2315 passionum
1131 2283 1172 2307 vel
1182 2283 1391 2315 proprietatum,

322 2327 389 2352 quae
403 2319 435 2343 ab
449 2318 561 2344 essentia
575 2318 721 2343 necessario
735 2318 863 2343 resultant
877 2323 901 2343 et
916 2318 998 2350 ipsam
1014 2318 1217 2351 inseparabiliter
1230 2318 1391 2343 comitantur.

323 2355 487 2387 Quapropter
500 2359 540 2378 est
554 2354 740 2379 demonstratio
754 2357 868 2386 propter
887 2353 951 2386 quid
965 2353 1020 2384 illa,
1035 2361 1081 2386 per
1099 2361 1177 2386 quam
1192 2361 1222 2378 ex
1243 2353 1391 2379 definitione

322 2390 428 2414 subiecti
448 2389 571 2422 probatur
585 2389 680 2421 aliquid
697 2389 745 2421 ipsi
761 2389 877 2414 subiecto
892 2389 923 2413 de
938 2389 1090 2413 necessitate
1105 2389 1275 2414 convenire-
1290 2389 1349 2420 Quo
1364 2389 1390 2414 in

323 2432 384 2450 casu
397 2428 512 2456 propter
529 2424 594 2457 quid
612 2429 652 2449 est
670 2424 739 2448 idem
755 2431 783 2449 ac
797 2424 863 2457 quid
879 2425 921 2448 vel
941 2424 1012 2456 quod
1027 2424 1092 2457 quid
1111 2423 1160 2458 (Cf.
1175 2424 1272 2454 Perih„
1289 2425 1347 2450 lect.
1361 2433 1389 2455 x,

323 2464 376 2484 not.
386 2459 418 2494 e),
433 2467 480 2484 seu
495 2460 607 2484 essentia
621 2459 657 2483 rei
670 2459 695 2483 in
710 2459 803 2492 seipsa,
819 2467 886 2492 quae
899 2464 1026 2492 quatenus
1041 2467 1119 2484 causa
1133 2467 1179 2484 seu
1192 2460 1256 2484 ratio
1266 2460 1390 2492 proprie-

324 2495 395 2524 tatis,
416 2494 507 2519 dicitur
524 2499 643 2527 respectu
657 2494 745 2526 huiuS‚
760 2498 875 2526 propter
887 2494 959 2527 quid.
968 2508 987 2513 -
1001 2495 1071 2519 Haec
1090 2502 1157 2527 quae
1171 2495 1295 2526 summis,
1315 2500 1343 2520 ut
1356 2495 1390 2520 ita

324 2530 421 2560 dicam,
446 2529 519 2554 labiis
546 2529 729 2560 delibavimus,
753 2530 818 2554 infra
837 2527 910 2563 (lect.
929 2537 991 2554 xvm
1009 2535 1035 2555 et
1053 2530 1144 2563 seqq.)
1164 2538 1179 2555 a
1197 2529 1324 2555 s.Thoma
1343 2538 1386 2555 ex-

342 2566 466 2590 lanantur.

323 2573 340 2598 p
378 2600 403 2634 κ)
419 2600 466 2624 Ex
479 2599 636 2632 praemissis
653 2603 767 2632 apparet
786 2604 833 2624 etc.
850 2600 932 2624 Codd.
945 2612 965 2619 »-
978 2600 1011 2624 P:
1032 2600 1130 2625 veritas
1149 2603 1279 2633 apparet3
1297 2601 1332 2625 L:
1352 2608 1390 2626 ex

319 2635 476 2668 praemissis
485 2638 565 2667 patet
578 2638 608 2659 ut
622 2639 684 2666 etc.;
700 2635 774 2659 codd.
789 2634 867 2659 CMS:
883 2642 920 2660 ex
929 2635 1086 2666 praemissis
1099 2639 1219 2667 apparet,
1236 2639 1265 2660 ut
1279 2636 1390 2670 manife-

324 2674 394 2696 stum
409 2674 456 2695 est.
465 2685 484 2689 -
493 2670 556 2695 Cod.
572 2670 596 2694 Η
609 2670 696 2700 verba,
711 2673 741 2694 ut
755 2669 808 2694 iam
825 2670 923 2695 dictum
934 2673 980 2699 est,
992 2670 1093 2695 omittit.
1108 2671 1158 2695 Sed
1173 2678 1226 2695 non
1240 2678 1300 2695 esse
1314 2671 1390 2696 omit-

324 2706 409 2737 tenda,
423 2713 507 2738 neque
520 2705 698 2730 substituenda
712 2712 759 2737 per
778 2705 914 2730 lectionem
930 2705 1004 2730 codd.
1020 2706 1086 2730 CMS
1105 2706 1214 2730 suadent
1232 2711 1288 2730 tum
1302 2711 1389 2730 aucto·

324 2741 385 2765 ritas
400 2741 509 2765 aliorum
529 2741 612 2770 codd.,
631 2745 686 2764 tum
700 2748 729 2764 ea
745 2747 812 2772 quae
832 2748 910 2773 supra
930 2748 955 2765 n.
974 2748 982 2764 1
1001 2748 1015 2764 a
1029 2748 1050 2764 s.
1061 2740 1164 2765 Thoma
1179 2741 1243 2765 dicta
1261 2746 1330 2766 sunt.
1350 2741 1386 2765 lbi

325 2776 403 2806 enim,
419 2776 518 2801 dictum
532 2778 579 2804 est,
595 2782 632 2800 ex
646 2775 794 2807 praedictis
813 2775 959 2809 inserendo,
979 2776 1050 2808 quod
1069 2775 1174 2800 scientia
1192 2776 1391 2800 demonstrativa

325 2811 401 2836 debet
420 2819 479 2836 esse
493 2818 523 2835 ex
539 2810 699 2840 necessariis,
718 2810 778 2843 quia
793 2811 864 2842 quod
884 2811 963 2835 scitur
981 2810 1143 2843 impossibile
1157 2815 1196 2835 est
1210 2811 1283 2836 aliter
1297 2818 1326 2836 se
1344 2811 1388 2835 ha-

326 2846 508 2871 bere.-Codd.
523 2846 570 2870 ΒΜ
584 2846 642 2870 loco
655 2846 729 2871 cuius
743 2845 848 2878 quidem
860 2845 988 2878 principii
1001 2851 1057 2876 etc.,
1072 2845 1178 2870 habent:
1193 2846 1267 2871 cuius
1285 2846 1391 2878 quidem

325 2881 446 2907 veritatis
463 2881 628 2914 principium
647 2886 695 2906 etc.
715 2881 789 2911 Quae
808 2881 883 2905 lectio
903 2889 955 2906 non
974 2885 1014 2905 est
1031 2881 1205 2914 approbanda.

377 2915 404 2950 λ)
422 2917 468 2941 Ex
482 2916 574 2949 quibus
588 2916 713 2948 procedit
731 2921 779 2941 etc.
789 2930 806 2934 -
817 2916 881 2941 Cod.
896 2917 935 2941 H:
950 2923 988 2941 ex
1001 2916 1094 2949 quibus
1101 2916 1233 2948 procedit,
1248 2923 1303 2941 esse
1319 2923 1390 2945 vera,

325 2951 394 2977 idest
411 2952 483 2985 quod
501 2952 667 2983 praemissae
691 2958 729 2976 ex
747 2951 840 2984 quibus
853 2951 978 2983 procedit
997 2959 1048 2976 non
1067 2954 1129 2976 sunt
1148 2951 1318 2980 necessariae,
1337 2951 1392 2976 sive

324 2987 396 3019 quod
409 2987 574 3020 praemissae
592 2987 750 3020 contingunt
763 2986 843 3011 aliter
858 2994 885 3012 se
903 2987 1007 3016 habere,
1022 2993 1125 3019 semper
1142 2987 1220 3012 talem
1235 2986 1391 3012 instantiam

318 3023 433 3056 fecimus
452 3022 578 3051 rationis,
603 3022 671 3047 idest
690 3022 812 3046 etc.·-M:
832 3029 870 3046 ex
894 3022 988 3054 quibus
1002 3022 1160 3054 procedit..
1172 3040 1179 3047 .
1199 3022 1243 3054 (ut
1262 3021 1317 3056 P.),
1336 3022 1391 3047 sive

324 3057 474 3089 opinionem
487 3057 654 3090 contingeret
669 3057 765 3082 habere
782 3064 863 3089 super
882 3058 960 3082 talem
976 3057 1131 3082 instantiam
1140 3057 1255 3091 serimus
1270 3057 1390 3086 rationis,

325 3092 393 3118 idest
407 3098 469 3123 etc.;
489 3093 522 3117 C:
532 3093 587 3118 sive
596 3093 745 3125 opinionem
756 3092 918 3125 contingerit
926 3100 957 3118 eo
966 3100 984 3117 a
998 3092 1090 3125 (aliter)
1101 3100 1128 3118 se
1142 3093 1237 3118 habere
1251 3098 1307 3123 etc.,
1318 3098 1347 3117 ut
1357 3093 1391 3117 M.

326 3128 398 3158 Quae
412 3128 478 3152 duae
491 3127 598 3152 ultimae
612 3128 733 3152 lectiones
753 3127 950 3160 inintelligibiles
965 3132 1033 3159 sunt,
1048 3133 1076 3152 ut
1090 3129 1202 3161 quisque
1212 3135 1258 3160 per
1272 3135 1301 3153 se
1314 3128 1391 3154 videt.

325 3163 375 3187 Sed
394 3171 441 3188 nec
456 3163 531 3188 lectio
550 3163 606 3187 cod.
626 3163 649 3187 Η
665 3163 784 3188 sustineri
803 3167 902 3195 potest,
921 3163 1018 3196 quippe
1036 3163 1062 3187 in
1077 3170 1106 3188 ea
1126 3164 1178 3188 duo
1192 3163 1308 3188 membra
1321 3163 1392 3196 quod

319 3198 485 3230 praemissae
498 3205 536 3223 ex
549 3198 642 3230 quibus
654 3203 701 3223 etc.
715 3198 770 3223 sive
784 3198 855 3231 quod
863 3198 1029 3230 praemissae
1042 3199 1207 3232 contingunt,
1227 3203 1255 3223 ut
1273 3198 1391 3224 distincta

326 3233 489 3266 proferuntur
502 3233 588 3258 verbis
607 3238 633 3258 et
651 3233 795 3258 indistincta
814 3241 907 3258 sensu:
927 3233 1019 3258 deinde
1034 3234 1120 3265 verba,
1133 3241 1237 3266 semper
1255 3234 1335 3258 talem
1351 3234 1391 3259 in-

325 3269 452 3293 stantiam
459 3269 575 3302 fecimus
590 3268 792 3302 (senserimus)
807 3269 929 3298 rationis,
944 3269 1123 3294 confusionem
1138 3269 1271 3296 inducunt.
1285 3269 1389 3294 Pianam

326 3304 460 3328 lectionem
480 3303 575 3328 habent
593 3303 634 3328 alii
654 3303 764 3328 codices.

380 3340 407 3372 μ.)
428 3339 470 3364 Sit
484 3339 603 3371 primum
623 3339 663 3363 vel
681 3346 732 3364 non
748 3338 882 3371 primum,·
901 3339 948 3364 sed
966 3343 1042 3364 etc.-
1057 3339 1120 3364 cod.
1131 3339 1168 3364 L:
1186 3339 1222 3365 sit
1235 3339 1315 3372 prius
1329 3339 1389 3372 pri-

327 3381 397 3398 mum
412 3379 472 3405 etc.;
488 3374 524 3399 N:
538 3374 574 3399 sit
582 3374 761 3406 principium,·
775 3374 822 3399 sed
840 3379 901 3405 etc.;
917 3375 954 3404 Q:
970 3374 1006 3400 sit
1015 3375 1179 3406 principium
1194 3375 1235 3400 vel
1249 3382 1301 3400 non
1312 3375 1391 3407 prin-

326 3409 436 3440 cipium5
455 3409 502 3434 sed
516 3414 578 3441 etc-3
596 3409 637 3433 Rs
651 3410 772 3434 omittunt
785 3410 826 3434 vel
840 3417 892 3434 non
903 3410 1039 3441 primum5
1052 3410 1089 3435 0:
1103 3410 1187 3436 scitur
1195 3410 1313 3442 primum
1329 3415 1390 3441 etc.,

327 3449 355 3468 ut
374 3444 462 3474 Piana;
487 3444 559 3469 cuius
579 3444 653 3470 lectio
672 3445 820 3470 auctoritate
844 3445 955 3470 aliorum
978 3445 1053 3470 codd.
1073 3445 1176 3470 suffulta
1194 3445 1325 3471 retinenda
1343 3450 1391 3470 est.

328 3478 498 3503 corollarium
517 3479 586 3504 enim
606 3480 676 3512 quod
695 3479 744 3504 hoc
763 3481 822 3504 loco
841 3479 916 3505 insert
930 3479 1082 3505 Aristoteles
1097 3486 1184 3506 contra
1199 3480 1329 3513 sophistas
1343 3488 1390 3506 seu

329 3513 472 3538 dialecticos
491 3519 545 3545 est,
569 3515 639 3547 quod
663 3515 703 3539 isti
727 3515 797 3540 stulti
818 3520 892 3545 sunt,
912 3523 971 3540 cum
991 3515 1135 3540 existiment
1157 3523 1186 3540 se
1204 3523 1264 3541 vere
1283 3515 1391 3540 demon-

328 3553 418 3579 strare,
433 3554 593 3574 assumentes
608 3557 655 3582 pro
673 3550 799 3583 principio
814 3550 1040 3576 demonstrationis
1054 3550 1257 3583 propositionem
1274 3551 1315 3576 vel
1325 3558 1391 3583 pro—

922 218 1307 255 POSTERIORUM
1334 217 1763 256 ANALYTICORUM
1793 220 1887 256 LIB.
1919 221 1933 256 1

1510 297 1545 333 6.
1575 297 1724 334 Deinde
1755 310 1843 334 cum
1873 297 1980 335 dicit:
2009 297 2259 346 Manifestum
2288 304 2413 335 autem
2441 305 2521 346 etc.,

1455 348 1564 386 infert
1593 350 1878 387 conclusionem
1909 363 1954 387 ex
1983 350 2111 388 dictis:
2143 351 2272 387 dicens
2305 351 2408 399 quod
2442 364 2522 388 ma-

1454 402 1629 450 nifestum
1658 409 1721 449 est,
1751 416 1797 440 ex
1823 404 1899 440 hoc
1926 404 2031 452 quod
2055 411 2205 452 oportet
2233 403 2523 441 demonstratio—

1454 466 1545 492 nem
1566 468 1611 492 ex
1630 456 1850 493 necessariis
1880 456 2106 494 concludere
2131 458 2163 503 ⁴⁶,
2184 457 2288 505 quod
2316 457 2417 493 stulti
2438 465 2525 494 sunt

1454 507 1514 554 illi,
1544 509 1611 556 qui
1627 509 1770 557 opinati
1784 515 1873 546 sunt
1898 510 1990 546 bene
2013 522 2053 546 se
2079 510 2265 558 principia
2287 510 2523 547 demonstra-

1454 560 1566 597 tionis
1585 562 1766 610 a'ccipere,
1786 563 1820 599 si
1837 563 1962 599 solum
1977 563 2184 611 propositio
2204 571 2360 612 accepta
2373 564 2422 599 sit
2431 575 2523 612 pro-

1454 613 1586 650 babilis
1608 615 1669 651 vel
1681 615 1818 661 *νει-α,
1845 621 1886 652 ut
1909 616 2094 664 sophistae
2112 616 2263 663 faciunt,
2292 616 2388 653 idest
2407 616 2521 663 illi*⁴*,

1454 666 1519 714 qui
1538 675 1722 715 apparent
1740 668 1899 705 scientes
1920 669 2072 706 et*non
2092 677 2189 706 sunt.
2205 670 2310 706 Nam
2329 670 2424 706 scire
2445 682 2524 706 non

1455 726 1510 755 est
1528 719 1599 755 nisi
1617 732 1687 768 per
1701 722 1722 740 ὓ
1735 721 1811 757 hoc
1830 721 1935 769 quod
1954 721 2108 758 scientia
2127 722 2299 770 habetur,
2320 722 2458 759 scilicet
2477 735 2523 759 ex

1454 772 1776 809 demonstratione
1794 774 1829 819 *3
1850 786 1896 810 ex
1914 775 1989 810 hoc
2009 782 2137 811 autem
2166 775 2271 823 quod
2300 775 2439 824 aliquid
2469 784 2524 812 est

1452 825 1650 873 probabile
1670 827 1732 862 vel
1757 826 2128 875 improbabile*non
2156 828 2318 864 habetur
2345 829 2450 877 quod
2478 829 2524 866 sit

1451 878 1621 926 primum
1649 879 1711 916 vel
1739 891 1819 915 non
1846 879 2015 928 primum
2039 886 2074 916 ¹¹⁴:
2114 880 2182 917 sed
2210 888 2340 917 tamen
2374 889 2523 930 oportet

1452 931 1544 968 illud
1564 931 1662 968 circa
1681 932 1785 979 quod
1813 932 1857 968 fit
1886 932 2158 969 demonstratio
2189 945 2270 970 esse
2294 933 2465 982 primum
2483 934 2523 971 in

1452 996 1589 1031 genere
1610 984 1738 1032 aliquo
1768 992 1804 1021 et
1833 997 1914 1022 esse
1933 986 2223 1022 verum.-Non
2250 993 2380 1024 tamen
2406 999 2521 1024 omne

1450 1037 1619 1086 primum
1648 1037 1784 1087 accipit
1812 1035 2108 1086 demonstrator,
2139 1039 2206 1076 sed
2238 1039 2407 1088 primum
2434 1053 2522 1089 pro-

1451 1090 1577 1138 prium
1599 1092 1619 1110 ⁴'
1647 1090 1697 1127 illi
1724 1091 1864 1139 generi,
1887 1091 1984 1128 circa
2009 1092 2114 1140 quod
2135 1092 2408 1140 demonstrat”;
2429 1093 2523 1130 sicut

1452 1143 1707 1181 arithmeticus
1723 1146 1742 1164 ³*
1762 1157 1840 1181 non
1860 1145 1995 1194 accipit
2012 1145 2195 1193 primum,
2216 1146 2320 1194 quod
2341 1154 2396 1183 est
2425 1146 2523 1183 circa

1452 1197 1753 1244 magnitudinem
1768 1198 1803 1244 ³⁸,
1834 1197 1902 1235 sed
1931 1198 2029 1248 circa
2057 1211 2274 1235 numerum.
2298 1215 2305 1221 ·

1506 1262 1542 1298 7.
1571 1250 1859 1287 Attendendum
1902 1259 1957 1287 est
1993 1259 2122 1288 autem
2151 1249 2165 1275 ξ
2193 1251 2297 1299 quod
2331 1252 2522 1302 sophistae

1452 1315 1530 1339 non
1558 1311 1759 1340 sumuntur
1786 1303 1848 1340 hic
1876 1303 1970 1340 sicut
1989 1304 2026 1341 in
2046 1304 2141 1341 libro
2170 1305 2437 1352 Elenchorum,
2457 1306 2523 1355 qui

1450 1356 1664 1404 procedunt
1692 1369 1737 1393 ex
1756 1356 1814 1394 his
1834 1369 1931 1405 quae
1951 1357 2129 1394 videntur
2156 1355 2369 1407 probabilia
2389 1367 2425 1396 et
2443 1372 2523 1397 non

1451 1416 1548 1455 sunt,
1579 1417 1643 1446 aut
1669 1409 1846 1447 videntur
1874 1410 2111 1458 syllogizare,
2146 1423 2225 1448 non
2252 1419 2383 1449 tamen
2410 1413 2521 1461 syllo-

1449 1461 1583 1508 gizant.
1619 1462 1723 1499 Sicut
1752 1463 1853 1499 enim
1881 1464 1972 1500 tales
2001 1464 2192 1513 sophistae
2221 1464 2407 1512 dicuntur,
2427 1465 2523 1503 idest

1449 1523 1676 1564 apparentes
1696 1522 1733 1552 et
1751 1528 1829 1552 non
1850 1516 2060 1564 existentes,
2080 1517 2119 1554 in
2137 1526 2321 1566 quantum
2341 1518 2523 1556 deficiunt

1450 1580 1472 1604 a
1500 1567 1693 1605 dialectica
1721 1569 2064 1616 argumentatione;
2094 1570 2144 1607 ita
2172 1571 2387 1608 dialecticae
2412 1584 2521 1620 argu-

1449 1621 1700 1658 mentationes
1729 1621 1759 1658 si
1787 1630 1994 1671 appareant
2028 1623 2324 1661 demonstrative
2355 1625 2520 1673 probare

1449 1681 1485 1710 et
1512 1686 1591 1710 non
1618 1675 1793 1724 probent,
1823 1675 2049 1724 sophisticae
2075 1684 2171 1723 sunt,
2193 1676 2232 1713 in
2251 1685 2436 1725 quantum
2464 1677 2520 1715 vi-

1448 1727 1585 1764 dentur
1603 1740 1672 1764 sua
1691 1728 2017 1776 argumentatione
2046 1729 2217 1776 scientes,
2240 1737 2276 1767 et
2295 1743 2373 1767 non
2393 1739 2479 1768 sunt
2492 1736 2517 1768 ⁰.

1502 1782 1537 1818 8.
1568 1779 1716 1818 Deinde
1750 1794 1839 1818 cum
1873 1781 1980 1818 dicit:
2015 1782 2126 1824 Quod
2155 1789 2281 1820 autem
2314 1795 2364 1820 ex
2396 1795 2519 1821 neces-

1445 1834 1556 1871 sariis
1585 1841 1668 1882 etc.,
1698 1834 1861 1871 ostendit
1893 1835 1998 1883 quod
2033 1843 2295 1885 supposuerat.
2335 1837 2384 1873 Et
2421 1837 2520 1874 circa

1446 2001 1556 2027 habilem
1569 2002 1611 2030 vel
1625 2001 1792 2026 solummodo
1806 2007 1905 2026 veram.
1921 2001 2072 2025 Declaratur
2086 2006 2173 2026 autem
2187 2002 2352 2027 corollarium
2366 2002 2416 2028 hoc
2429 2003 2518 2030 modo.

1444 2036 1482 2060 Ex
1500 2044 1532 2061 eo
1547 2037 1619 2069 quod
1633 2036 1730 2069 aliquid
1745 2037 1778 2060 sit
1792 2036 1961 2061 solummodo
1974 2036 2108 2068 probabile
2122 2038 2164 2061 vel
2178 2044 2270 2062 verum
2285 2037 2363 2070 (quae
2376 2043 2515 2064 assumunt

1444 2071 1585 2104 sophistae,
1605 2079 1652 2096 seu
1671 2071 1757 2096 verius
1777 2071 1813 2103 (n.
1828 2071 1896 2103 seq.)
1917 2071 2051 2103 dialectici)
2072 2079 2124 2096 non
2139 2072 2248 2097 habetur
2263 2073 2335 2106 quod
2353 2074 2387 2098 sit
2400 2074 2516 2106 primum

1445 2106 1613 2139 principium
1633 2107 1680 2132 sed
1700 2106 1885 2131 demonstratio
1905 2106 1981 2131 debet
2003 2107 2144 2139 procedere
2163 2115 2194 2132 ex
2212 2107 2343 2140 principiis
2362 2108 2453 2141 primis
2472 2108 2516 2141 (in

1444 2142 1489 2166 illo
1503 2150 1598 2175 nempe
1612 2149 1707 2174 genere
1721 2149 1808 2166 rerum
1829 2142 1860 2166 de
1875 2141 1971 2174 quibus
1987 2141 2128 2167 instituitur
2142 2143 2352 2175 demonstnfflo„
2367 2151 2430 2176 ergo
2444 2144 2516 2169 stulti

2555 470 2563 478 ·
2571 475 2614 491 cus
2621 477 2626 491 :
2633 471 2765 498 procedere

2553 497 2677 523 velconc1.,·
2682 504 2704 518 u:
2710 503 2765 525 pro-

2552 522 2643 544 cedere.

2691 613 2698 622 .

2553 623 2561 631 ”
2573 628 2731 645 Αοωαπιιοετι
2742 625 2765 645 et

2552 655 2630 670 vem.-
2638 649 2674 672 Cf.
2685 653 2741 671 text.

2551 676 2572 685 '¹
2582 675 2620 697 lui
2633 682 2661 697 ex
2676 676 2745 698 codd.

2552 703 2584 722 ‘ot
2593 703 2617 723 et
2623 704 2700 723 tamen
2708 708 2764 724 non.

2551 730 2560 737 ¹
2571 734 2598 748 a:
2613 733 2718 750 ex.-nus
2737 735 2763 750 o-

2551 754 2612 801 mittt.
2627 760 2676 782 seq.
2698 755 2763 776 scili-

2552 787 2578 802 ce
2589 797 2595 802 .

2552 809 2561 816 ‘
2572 813 2599 829 o:
2630 813 2658 829 er
2674 806 2766 829 demon-

2551 835 2603 855 stra
2620 834 2699 855 onem.

2551 862 2599 907 bil‘:
2614 865 2661 882 non
2671 859 2760 887 proba-

2565 892 2573 907 1
2583 892 2604 908 e.
2651 897 2654 900 ⁴

2646 922 2666 948 μ

2552 1104 2702 1153 ἑοΙΞὲορνίωη
2735 1112 2764 1128 ex

2552 1194 2630 1240 {12:2¹³
2650 1168 2764 1215 :rithue-

2551 1248 2559 1255 ·
2568 1235 2645 1267 Co'dd.
2651 1247 2708 1272 (exc.
2714 1247 2765 1271 aql:

2551 1271 2737 1330 magnitnkdines.

1444 2183 1505 2202 sunt
1523 2177 1655 2210 sophistae
1674 2185 1734 2202 cum
1760 2177 1899 2210 opinantur
1918 2184 1947 2201 se
1966 2177 2032 2201 bene
2051 2177 2174 2210 principia
2200 2178 2428 2204 demonstrationis
2452 2179 2518 2205 acci-
2553 2185 2561 2189 ·

1443 2220 1518 2246 pere,
1537 2213 1559 2237 si
1578 2213 1664 2237 solum
1684 2212 1827 2246 propositio
1846 2218 1950 2245 accepta
1969 2211 2002 2237 sit
2020 2213 2163 2251 probabilis
2181 2214 2223 2238 vel
2242 2221 2311 2239 vera.

1497 2248 1650 2273 Aristoteles
1674 2247 1724 2272 hoc
1747 2248 1805 2272 loco
1828 2247 1918 2272 habet:
1938 2244 1979 2273 Οὐ
2002 2255 2052 2281 γαρ
2073 2244 2102 2272 τὸ
2127 2245 2230 2278 ἔνδοξον
2249 2246 2263 2281 ἢ
2284 2246 2318 2283 μὴ
2345 2244 2414 2284 ἀρχή
2434 2246 2516 2275 iustu:

1444 2283 1539 2315 quibus
1557 2284 1643 2308 verbis
1658 2283 1755 2315 optime
1769 2283 1879 2316 quadrat
1898 2282 2046 2308 s.Thomae
2061 2285 2197 2316 expositio:
2219 2284 2266 2309 Ex·
2279 2285 2328 2310 hoc
2342 2288 2431 2310 autem
2445 2285 2518 2318 quod

1443 2319 1546 2351 aliquid
1569 2322 1609 2343 est
1626 2318 1766 2350 probabile
1789 2319 1830 2343 vel
1849 2318 2022 2350 improbabile
2041 2317 2099 2350 (seu
2117 2324 2146 2344 ut
2164 2320 2190 2344 M
2209 2320 2282 2352 legit,
2309 2327 2360 2345 non
2376 2320 2517 2352 probabile

1443 2350 1457 2384 ἢ
1479 2351 1533 2387 μὴ),
1552 2361 1604 2378 ηοη
1624 2354 1736 2379 habetur
1754 2354 1826 2386 quod
1838 2354 1875 2378 sit
1890 2354 2008 2385 primum
2029 2354 2071 2378 vel
2089 2361 2141 2379 non
2157 2354 2286 2386 primum,
2302 2363 2349 2380 seu
2364 2356 2518 2388 principium

1445 2385 1535 2424 (α’ρχή)
1546 2390 1587 2414 vel
1602 2397 1654 2414 non
1672 2390 1838 2422 principium;
1858 2384 1928 2414 ἀλλὰ
1944 2385 1974 2413 τὸ
1990 2389 2092 2423 πρῶτον
2107 2391 2156 2414 τοῦ
2169 2389 2257 2424 γένους
2276 2387 2332 2424 περὶ
2347 2385 2361 2415 ὃ
2377 2388 2515 2423 δείκνυται,

1444 2432 1500 2454 seu,
1518 2430 1547 2449 ut
1566 2425 1668 2458 egregie
1686 2425 1866 2457 interpretatur
1885 2432 1907 2449 s.
1921 2423 2051 2449 Thomas:
2070 2425 2131 2450 Non
2147 2428 2235 2450 tamen
2251 2433 2328 2451 omne
2338 2426 2458 2458 primum
2471 2433 2517 2452 ac-

1443 2460 1508 2492 cipit
1526 2460 1732 2490 demonstrator,
1752 2460 1799 2485 sed
1813 2460 1932 2491 primum
1949 2459 2092 2491 proprium
2112 2460 2153 2485 illi
2169 2461 2270 2494 generi,
2289 2461 2363 2486 circa
2380 2462 2453 2494 quod
2471 2461 2517 2487 de—

1444 2498 1591 2526 monstrat‚·
1615 2491 1657 2520 καὶ
1678 2490 1787 2527 τάληθὲς
1806 2492 1837 2520 οὗ
1856 2494 1906 2520 πῖν
1925 2490 2033 2520 οἷκεῖονε
2058 2502 2126 2527 quae
2143 2496 2224 2521 verba
2242 2497 2267 2521 in
2291 2497 2412 2521 versione
2436 2497 2514 2523 latina

1443 2531 1521 2555 textui
1540 2530 1651 2563 praefixa
1668 2536 1803 2555 vertuntur
1822 2538 1874 2555 non
1893 2530 2067 2562 conformiter,
2085 2531 2122 2555 uti
2141 2531 2250 2562 videtur,
2265 2532 2313 2564 ipsi
2327 2533 2418 2556 textui:
2433 2535 2460 2557 et
2473 2539 2517 2557 ue-

1444 2573 1503 2591 rum
1523 2573 1576 2591 non
1597 2573 1681 2595 omne,
1701 2566 1748 2591 sed
1762 2566 1915 2598 proprium.
1934 2566 1992 2590 Non
2011 2566 2080 2590 iuxta
2098 2570 2185 2591 autem
2204 2566 2269 2591 hanc
2288 2567 2436 2592 versionem
2455 2567 2517 2600 legit

1444 2609 1466 2625 s.
1476 2600 1601 2631 Thomas,
1612 2602 1656 2633 qui
1666 2601 1732 2626 hanc
1746 2606 1830 2626 textus
1840 2606 1940 2634 partem
1950 2608 2010 2625 cum
2025 2601 2194 2632 praecedente
2208 2602 2287 2626 simul
2301 2602 2404 2634 exponit
2414 2602 2515 2627 dicens:

1445 2636 1499 2661 Sed
1514 2639 1601 2661 tamen
1621 2639 1726 2668 oportet
1745 2636 1812 2661 illud
1829 2636 1902 2661 circa
1920 2635 1992 2668 quod
2007 2635 2043 2677 fit
2066 2636 2259 2661 demonstratio
2278 2643 2333 2662 esse
2347 2637 2467 2669 primum
2486 2638 2514 2662 in

1443 2671 1533 2703 aliquo
1551 2678 1649 2704 genere
1667 2671 1780 2704 (πρῶτον
1800 2672 1848 2695 τοῦ
1861 2670 1951 2704 γένους
1966 2679 2022 2703 περι
2043 2665 2056 2694 ὃ
2074 2668 2212 2704 δείκνυται)
2226 2674 2253 2696 et
2266 2678 2322 2696 esse
2336 2679 2441 2697 verum:
2460 2679 2514 2698 non

1444 2709 1532 2731 tamen
1551 2713 1628 2730 omne
1642 2706 1761 2738 primum
1781 2705 1833 2738 (vel
1851 2713 1930 2730 omne
1946 2704 2048 2736 verum)
2063 2706 2161 2738 accipit
2175 2707 2382 2737 demonstrator,
2395 2707 2443 2732 sed
2451 2707 2516 2739 pri-

1444 2748 1515 2765 mum
1535 2741 1571 2773 (et
1588 2741 1691 2773 verum)
1706 2741 1864 2773 proprium:
1883 2748 1943 2766 nam
1963 2737 2005 2765 καῖ
2021 2735 2130 2772 τάληθὲς
2144 2738 2175 2766 οὖ
2191 2741 2240 2767 πᾶν
2257 2739 2363 2774 οἰκεῖον,
2379 2745 2405 2767 et
2418 2750 2513 2768 verum

1445 2783 1496 2800 non
1517 2783 1594 2801 omne
1607 2776 1764 2808 proprium,
1784 2777 1850 2801 sicut
1869 2783 1921 2800 non
1939 2783 2017 2800 omne
2036 2777 2149 2808 primum
2168 2782 2209 2802 est
2223 2778 2356 2810 proprium
2374 2778 2462 2811 generi
2480 2778 2517 2803 de

1445 2819 1498 2844 quo
1517 2811 1718 2836 demonstratur.

1498 2846 1521 2879 ν)
1541 2846 1597 2871 Sed
1610 2846 1730 2878 primum
1743 2846 1886 2878 proprium
1906 2846 2030 2872 etc.—-O:
2050 2847 2098 2872 sed
2111 2847 2179 2872 illud
2186 2847 2306 2879 primum
2315 2847 2459 2880 proprium
2474 2847 2515 2874 1'111'

1444 2881 1537 2914 generi
1555 2881 1790 2907 demonstrationis
1796 2889 1805 2910 ,·
1822 2882 1891 2907 sicut
1909 2887 1957 2906 etc.
1982 2882 2055 2912 Quae
2074 2882 2148 2907 lectio
2167 2882 2234 2907 bona
2254 2883 2371 2908 fortassis
2390 2888 2442 2914 est,
2461 2891 2515 2908 non

1444 2921 1531 2941 tamen
1550 2917 1728 2949 anteponenda
1744 2917 1853 2948 lectioni,
1869 2925 1948 2949 quam
1963 2924 1993 2942 ex
2009 2917 2086 2942 Piana
2105 2923 2130 2942 et
2149 2917 2204 2942 aliis
2225 2918 2345 2943 dedimus
2364 2918 2496 2944 codicibus
2507 2927 2516 2944 z

1444 2951 1524 2976 verba
1542 2952 1626 2982 enim,
1645 2952 1718 2977 circa
1736 2952 1807 2985 quod
1826 2952 1999 2981 demonstrat,
2015 2953 2098 2985 magis
2117 2954 2253 2985 perspicue
2267 2953 2438 2978 determinant
2449 2961 2513 2986 pro-

1439 2987 1532 3019 prium
1548 2987 1587 3012 illi
1599 2987 1700 3020 generi.
1709 3000 1728 3007 ·-
1737 2988 1770 3012 C:
1784 2987 1832 3012 sed
1840 2988 1961 3020 primum
1971 2987 2140 3020 propositum
2156 2987 2290 3022 (corrupte
2299 2997 2347 3022 pro
2356 2988 2512 3023 proprium)

1444 3022 1537 3056 generi
1555 3022 1627 3055 quod
1645 3023 1819 3052 demonstrat,
1837 3023 1906 3048 sicut
1924 3027 1971 3048 etc.
2469 3045 2471 3047 .

1498 3055 1521 3090 Ε)
1539 3058 1738 3083 Attendendum
1760 3061 1800 3083 est
1817 3062 1907 3083 autem
1933 3063 1981 3083 etc.
2009 3058 2184 3083 Amanuensis
2212 3059 2270 3084 cod.
2288 3059 2309 3084 C
2326 3059 2402 3093 plura
2420 3058 2462 3084 hic
2480 3066 2512 3085 ax

1444 3093 1576 3118 oscitanna
1594 3093 1702 3124 omittit,
1721 3098 1747 3118 et
1765 3093 1851 3126 aliqua
1869 3093 2001 3118 arbitrarie
2019 3094 2152 3119 admiscet.
2178 3093 2219 3119 Sic
2238 3094 2307 3120 enim
2332 3094 2407 3127 legit:
2425 3097 2514 3120 atten-

1445 3128 1561 3153 dendum
1575 3131 1664 3154 autem
1680 3129 1720 3153 vel
1734 3136 1872 3154 numerum
1887 3128 2051 3162 syllogizare
2063 3132 2091 3154 et
2105 3136 2156 3154 non
2169 3129 2348 3163 syllogizare.-
2360 3129 2430 3156 sicut
2441 3129 2514 3156 enim

1445 3163 1663 3200 tales-sophistae
1678 3164 1811 3193 dicuntur,
1827 3169 1875 3189 etc.
1895 3164 1969 3194 Quae
1983 3164 2070 3189 omnia
2087 3171 2196 3190 sensum
2210 3172 2263 3190 non
2277 3163 2407 3190 habent.-
2416 3164 2512 3191 enda:

1444 3199 1635 3224 attendendum
1654 3202 1694 3224 est
1712 3203 1837 3224 autem...
1852 3199 1897 3232 qui
1916 3199 1981 3231 (BG,
2000 3199 2082 3232 quod)
2099 3199 2252 3232 procedunt
2270 3207 2308 3226 ex
2331 3200 2373 3226 his
2390 3207 2460 3234 quae
2473 3198 2513 3226 νί-

1445 3234 1543 3259 dentur
1556 3234 1715 3266 probabilia,
1735 3242 1787 3260 non
1806 3238 1869 3260 sunt
1887 3238 1976 3260 autem
1996 3234 2070 3267 (los,
2085 3242 2137 3260 non
2153 3238 2244 3260 autem
2262 3234 2344 3270 sunt),
2360 3236 2401 3261 uel
2419 3234 2460 3268 (Β,
2471 3233 2511 3268 et)

1445 3269 1573 3294 videntur
1588 3269 1636 3302 (K,
1657 3269 1792 3302 dicuntur)
1811 3270 1976 3303 syllogizare
1993 3273 2020 3295 et
2038 3277 2090 3296 non
2109 3269 2131 3303 (1
2145 3277 2204 3295 cum
2219 3270 2250 3303 P)
2268 3270 2441 3304 syllogizant.
2495 3295 2497 3298 ,
2533 3279 2539 3285 ·

1499 3305 1523 3338 ο)
1543 3305 1575 3330 Si
1591 3308 1742 3337 appareant
1759 3305 1896 3330 etc.-CS:
1914 3305 1939 3331 si
1956 3308 2106 3338 appareant
2123 3304 2163 3330 ita
2172 3305 2291 3338 probare
2304 3303 2513 3332 demonstrative

1443 3343 1470 3365 et
1488 3345 1555 3365 etc.-
1565 3339 1669 3365 CHMS:
1688 3340 1846 3372 sophisticae
1864 3343 1927 3366 sunt
1940 3340 1967 3365 in
1982 3343 2115 3373 quantum
2126 3339 2279 3366 huiusmodi
2292 3341 2417 3367 videntur
2434 3345 2513 3366 etc·—

1447 3375 1576 3400 Videntur
1589 3382 1639 3401 sua
1653 3375 1887 3409 argumentatione
1904 3375 2027 3405 scientes,
2047 3378 2073 3401 et
2087 3382 2139 3401 non
2153 3379 2225 3402 sunt.
2244 3376 2335 3401 Melior
2347 3375 2449 3401 videtur
2461 3373 2513 3400 hnc

1444 3410 1552 3435 lectione
1570 3410 1649 3436 Piana
1662 3416 1687 3436 et
1701 3411 1759 3436 cod.
1773 3411 1805 3442 G,
1821 3411 1896 3436 lectio
1910 3411 2020 3436 aliorum
2040 3410 2128 3436 codd.:
2148 3410 2273 3436 videntur
2283 3418 2333 3437 sua
2347 3409 2511 3443 (metius,

1443 3453 1481 3470 ex
1498 3446 1558 3478 sua)
1577 3446 1810 3480 argumentatione
1822 3446 1947 3475 scientes,
1966 3454 2026 3472 cum
2041 3453 2092 3471 non
2111 3445 2203 3471 κίκι-
2213 3446 2432 3479 «Protagora...
2450 3452 2510 3477 pro-

1445 3491 1458 3504 »
1479 3481 1619 3514 positiones
1638 3482 1663 3506 in
1678 3481 1925 3507 demonstrationem
1940 3481 2086 3514 probabiles
2101 3485 2127 3506 et
2141 3481 2294 3506 verisimiles
2313 3485 2413 3506 tannim
2431 3479 2510 3504 adde-

1445 3526 1458 3539 »
1478 3516 1535 3547 bat,
1560 3524 1626 3549 quas
1645 3517 1689 3549 qui
1704 3517 1828 3548 novisset,
1846 3517 1979 3542 scientiam
1998 3520 2168 3542 consecutum
2186 3516 2293 3549 putabat
2305 3525 2317 3539 ι
2338 3514 2511 3549 (themistius

1442 3551 1468 3576 in
1486 3551 1620 3582 lPoster.,
1641 3559 1696 3584 cap.
1714 3559 1764 3583 xiv,
1784 3559 1842 3585 pag.
1861 3560 1900 3576 11.
1920 3552 1960 3576 Ed
1979 3551 2041 3585 cit.).
