2788 4204
286 232 356 267 142

851 223 1236 259 POSTERIORUM
1263 222 1693 258 ANALYTICORUM
1721 222 1815 258 LIB.
1847 223 1860 258 I

1017 468 1318 524 LECTIO
1357 470 1741 527 SECUNDA

518 626 601 665 DE
635 625 814 665 MODO
850 624 929 665 ET
964 624 1196 664 ORDINE
1228 621 1783 666 PRAECOGNITIONIS
1817 626 2243 667 NECESSARIAE

913 704 999 744 AD
1034 703 1365 744 SCIENTIAM
1397 704 1854 757 ACQUIRENDAM

285 852 388 897 Διχῶς
414 845 438 881 δ’
470 850 656 903 ἀναγκαιον
675 848 927 904 προγινώσκειν·
950 848 1054 903 τρίμε
1042 848 1072 880 ἐν
1095 848 1189 903 γάρ,
1196 847 1248 881 ὅτι
1266 848 1352 890 ἔστι,

352 894 641 950 προϋπολαμβοίνε
646 905 673 924 ιν
697 894 907 948 ἀναγκαῖον,
935 906 983 925 τα
1006 893 1061 934 ὸε,
1089 896 1123 925 τί
1149 893 1190 926 τὸ
1213 893 1357 948 λεγόμε-

352 940 406 971 νόν
425 939 510 981 sm
531 939 676 980 ξυνιέναι
694 933 773 979 ὸεῖ,
778 939 825 970 τά.
841 933 869 968 δ’
894 938 1004 992 ἄμφω,
1025 939 1092 970 οἷον
1111 937 1165 970 ὅτι
1183 938 1241 991 μὲν
1262 937 1353 969 ἁπαν

351 983 371 1020 ἦ
398 984 503 1027 φῆσαι
529 983 550 1021 ἦ
578 983 756 1027 ἀποφῆσαι
783 982 926 1023 ἀληθές,
954 981 1008 1016 ὅτι
1034 983 1129 1024 ἔστι,
1156 983 1197 1014 τὸ
1222 977 1260 1013 ὸὲ
1286 984 1354 1026 τρί-

350 1039 468 1074 γωνον,
498 1028 550 1061 ὅτι
570 1023 646 1060 τοδὶ
671 1030 811 1071 σηυαίν;
816 1040 839 1068 ι,
868 1027 931 1064 τήν
953 1022 990 1059 δε
1008 1007 1142 1081 μονάδα
1167 1027 1277 1071 ἄμφω,
1295 1028 1354 1058 καὶ

351 1075 384 1105 τί
411 1076 565 1117 σημαίνει
589 1074 647 1104 καὶ
680 1071 732 1104 ὅτι
765 1073 867 1105 ἔστιν·
904 1083 941 1103 ου
971 1072 1035 1117 γοὶρ
1070 1073 1189 1116 ὁμοίως
1221 1070 1354 1103 τούτων

352 1117 497 1150 ιεκαστον
523 1113 627 1154 δῆλον
653 1117 743 1161 τύἴν.

277 1206 375 1238 Ἔστι
400 1201 439 1238 δὲ
452 1206 631 1261 γνωρίζειν
650 1206 698 1237 τοὶ
715 1205 774 1248 μέν
801 1204 963 1259 πρότερον
981 1205 1202 1259 γνωρίζοντα,
1230 1205 1294 1236 τῶν
1317 1198 1355 1235 δὲ

350 1253 409 1281 καὶ
437 1249 509 1293 ἅμα
522 1249 752 1305 λαμβάνοντα
771 1249 834 1285 τήν
853 1250 986 1304 γνῶσιν,
1007 1250 1075 1280 οἷον
1103 1247 1166 1280 ὅσα
1190 1247 1355 1304 τυγχάνει

353 1295 437 1328 ὅντα
464 1294 530 1327 υπὸ
556 1294 597 1328 τὸ
621 1293 782 1334 καθόλου,
809 1293 851 1325 ὦν
879 1294 952 1347 ἔχει
965 1293 1028 1328 τήν
1047 1291 1179 1350 γνώσιν.
1200 1292 1276 1325 Οτι
1295 1293 1354 1334 μὲν

350 1340 415 1384 γαρ
441 1340 509 1371 πᾶν
527 1342 695 1394 τρίγωνον
727 1338 795 1382 ἔχει
820 1333 913 1370 δυσὶν
940 1336 1050 1381 ὀρθαῖς
1074 1339 1149 1374 ἴσας
1136 1361 1167 1377 ,,
1196 1333 1352 1391 προῄδει·

353 1385 406 1417 ὅτι
430 1379 470 1415 δὲ
494 1379 573 1416 τόδε
592 1395 633 1415 το
653 1384 685 1415 ἐν
704 1386 752 1425 τῷ
770 1383 952 1426 ἡμικυκλίῳ
975 1381 1135 1435 τρίγωνόν
1156 1382 1259 1422 ἐστιν,
1283 1381 1355 1435 ἅμα

353 1427 564 1483 ἐπαγόμενος
599 1427 784 1483 γ-νώρισεν.
804 1428 923 1457 Ἐνίων
948 1425 1013 1470 γαρ
1043 1427 1167 1458 τοῦτον
1193 1426 1253 1458 τὸν
1255 1424 1355 1480 τρό-

353 1485 415 1506 πον
442 1474 462 1509 r]
489 1472 631 1517 μάθησίς
658 1473 751 1513 ἐστι,
777 1473 834 1503 καὶ
854 1471 892 1502 οὐ
910 1465 969 1502 διαὶ
985 1471 1047 1502 τοῦ
1049 1469 1167 1524 μέσου
1186 1470 1227 1503 τὸ
1254 1469 1356 1524 ἔσχα-

353 1530 411 1551 τον
436 1518 648 1571 γνωρίζεται,
678 1515 741 1548 ὅσα
767 1511 831 1552 ἤδη
859 1516 925 1548 τῶν
942 1513 1016 1546 καθ’
1041 1513 1173 1547 ἕκαστα
1191 1514 1355 1560 τυγχάνει

355 1563 438 1595 ὄντα
463 1561 592 1604 καὶμὴ
618 1560 691 1592 καθ’
723 1571 883 1604 υποκειμε
870 1558 943 1591 ένου
970 1571 1072 1596 τινος.

133 1554 253 1614 ,μί

346 1714 495 1741 SYNOPsts.
509 1729 543 1732 —
561 1721 583 1739 1.
600 1712 811 1755 Argumentum
826 1716 918 1738 textus
939 1716 966 1737 et
988 1709 1048 1737 eius
1070 1709 1233 1737 divisiones.
1246 1726 1264 1730 -
1280 1715 1307 1736 2.
1324 1709 1355 1736 In

285 1752 582 1781 demonstrationibus
602 1758 644 1779 est
666 1750 826 1779 necessaria
847 1750 944 1786 aliqua
969 1749 1166 1786 praecognitio
1187 1749 1308 1776 subiecti
1328 1755 1356 1776 et

281 1792 460 1831 praedicati,
486 1801 560 1828 quae
581 1791 611 1819 in
633 1790 821 1819 conclusione
843 1787 1038 1818 affirmatione
1067 1795 1283 1825 componuntur
1306 1795 1355 1816 aut

285 1833 437 1878 negatione
460 1831 639 1865 dividuntur;
662 1830 779 1867 insuper
793 1829 954 1858 necessaria
969 1836 1011 1857 est
1026 1828 1222 1866 praecognitio
1242 1828 1355 1866 princi-

281 1873 410 1910 piorum,
423 1872 490 1908 quia
501 1881 533 1899 ex
544 1870 710 1908 cognitione
720 1869 929 1907 principiorum
945 1869 1147 1897 conclusiones
1162 1868 1355 1896 innotescunt.

285 1929 304 1934 -
317 1913 341 1940 3.
357 1913 395 1940 At
409 1921 470 1940 non
486 1918 527 1939 est
542 1911 618 1939 idem
638 1911 745 1938 modus
760 1910 844 1938 huius
859 1909 1114 1946 praecognitionis:
1136 1908 1354 1945 principiorum,

284 1959 386 1988 utpote
408 1961 482 1996 quae
497 1958 563 1979 sunt
578 1951 728 1987 complexa
743 1957 770 1978 et
784 1950 849 1978 ideo
865 1959 925 1977 non
940 1948 1075 1977 habentia
1090 1948 1297 1983 definitionem,
1313 1954 1356 1975 est

285 1991 484 2028 praecognitio
500 1991 574 2028 quia,
590 2000 695 2027 nempe
711 1998 748 2018 an
764 1990 829 2023 sint,
852 1999 902 2017 seu
918 1989 1017 2026 quoad
1032 1988 1220 2023 existentiam,
1236 1997 1310 2024 quae
1326 1987 1355 2015 in

286 2041 321 2060 eo
334 2031 463 2060 consistit
474 2031 554 2068 quod
565 2039 632 2058 vera
643 2036 718 2058 sunt
730 2029 894 2058 Praedicati
904 2035 946 2057 est
957 2028 1154 2065 praecognitio
1165 2028 1242 2065 quid,
1251 2037 1356 2064 nempe

286 2072 354 2109 quid
369 2072 405 2099 sit
416 2069 588 2116 (affirmatur
603 2070 678 2098 enim
696 2071 731 2097 de
746 2069 885 2104 subiecto,
897 2075 924 2097 et
934 2067 1072 2097 affirmari
1087 2068 1187 2113 nequit
1201 2067 1355 2104 ignotum),

286 2121 347 2139 non
369 2118 465 2139 autem
487 2111 569 2147 quia,
592 2120 643 2138 seu
665 2110 763 2146 quoad
785 2119 870 2137 suum
893 2109 986 2136 inesse
1007 2108 1052 2136 vel
1074 2118 1129 2136 non
1146 2108 1239 2135 inesse
1260 2107 1355 2135 subie-

286 2158 346 2179 cto:
370 2151 426 2179 hoc
448 2151 525 2178 enim
541 2150 688 2187 quaeritur
702 2156 730 2177 et
745 2148 927 2177 concluditur
949 2147 1206 2176 demonstratione.
1229 2147 1355 2175 Subiecti

285 2200 353 2219 vero
376 2198 418 2218 est
439 2190 636 2235 praecognitio
658 2189 727 2226 quid
747 2195 775 2217 et
796 2189 871 2226 quia.
901 2190 951 2216 Est
972 2187 1169 2224 praecognitio
1196 2187 1279 2224 quid:
1300 2186 1355 2214 nisi

286 2230 365 2259 enim
394 2230 569 2267 praesciatur
599 2230 668 2267 quid
694 2229 731 2257 sit
758 2228 935 2263 subiectum,
958 2237 1019 2256 non
1041 2234 1136 2264 potest
1157 2227 1355 2264 praedicatum

286 2268 424 2299 affirmari
438 2270 483 2298 vel
498 2269 595 2307 negari
611 2271 646 2297 de
661 2269 741 2306 ipso3
757 2275 785 2296 et
799 2275 841 2297 est
856 2267 1053 2305 praecognitio
1069 2268 1144 2305 quia,
1155 2276 1222 2296 nam
1238 2276 1355 2295 necesse

287 2317 329 2338 est
344 2320 406 2338 esse
427 2310 456 2338 id
478 2311 513 2338 de
535 2319 594 2347 quo
616 2309 725 2346 aliquid
740 2306 901 2337 affirmatur
915 2308 959 2336 vel
981 2314 1109 2345 negatur.
1126 2324 1144 2328 —
1158 2316 1186 2342 4.
1203 2307 1355 2342 Quaedam

46 2485 99 2505 'ent
112 2483 172 2504 doct
166 2489 230 2509 rma;
237 2490 259 2504 n:

47 2510 155 2531 doctrina
180 2511 202 2531 et
222 2499 261 2530 ’di-

47 2537 83 2557 sci
98 2537 155 2557 lina.

47 2543 160 2584 ’.ὧάἀ-
151 2569 187 2583 -Ρ,
197 2562 260 2593 quid.

47 2591 94 2610 ἰιι
108 2589 260 2616 cognitioms.

495 2521 507 2537 ³
523 2522 536 2569 ξ
550 2517 763 2566 cognitione
779 2530 880 2554 nunc
896 2516 1059 2553 ostendit
1078 2516 1191 2575 quis*
1210 2515 1255 2552 sit
1271 2527 1352 2552 mo-

416 2563 443 2614 Ὗ,
490 2564 505 2601 '⁹¹
521 2568 534 2599 ’ν
549 2571 618 2608 dus
633 2570 993 2619 praecognitionis.
961 2570 980 2590 *
1011 2570 1060 2606 Ει
1075 2569 1173 2605 circa
1186 2569 1262 2605 hoc
1276 2568 1354 2605 duo

289 2624 391 2661 facit:
420 2623 563 2672 primo,
595 2623 820 2661 determinat
848 2622 1010 2659 modurn
1038 2621 1355 2670 praecognitionis

289 2684 474 2726 quantum
508 2677 557 2714 ad
592 2677 651 2714 illa
685 2689 783 2725 quae
812 2683 962 2724 oportet
988 2686 1315 2723 praecognoscere
1335 2674 1356 2695 *

288 2738 329 2767 ιιι
355 2730 541 2767 habeatur
559 2731 579 2750 ⁴*
609 2729 770 2778 cognitio
793 2728 1056 2775 conclusionis,
1078 2727 1183 2764 cuius
1203 2726 1358 2764 scientia

289 2783 500 2832 quaeritur;
531 2783 720 2830 secundo,
752 2781 978 2820 determinat
1010 2780 1172 2818 modum
1200 2792 1357 2829 praeco-

288 2836 463 2885 gnitionis
500 2836 616 2885 ipsius
651 2812 922 2882 conclusionis,
963 2834 1067 2871 cuius
1105 2833 1259 2870 scientia
1290 2844 1359 2881 per

290 2890 656 2927 demonstrationem
694 2888 911 2938 quaeritur;
950 2887 1026 2924 ibi:
1064 2887 1278 2935 Antequam
1314 2885 1362 2922 sit

50 2695 57 2702 ·
69 2693 165 2715 Codd.-
176 2700 201 2715 P:
222 2699 262 2715 co-

46 2726 171 2747 gnoscere.

50 2749 56 2755 ·
68 2752 94 2767 u:
113 2747 260 2774 acquiratur.

343 3040 370 3071 α)
387 3040 415 3064 In
432 3045 484 3072 qua
496 3039 612 3071 propria
623 3039 715 3071 passio
726 3039 759 3064 de
768 3038 884 3063 subiecto
898 3037 1178 3070 aliquopraedicatur.
1189 3035 1291 3061 Codd.-
1301 3035 1357 3059 PC:

290 3075 323 3100 de
336 3075 426 3108 aliquo
440 3075 696 3106 subiectopraedic„
706 3074 778 3098 lom.
788 3072 1061 3106 aliquo—significatio
1070 3071 1188 3097 vocabuli
1199 3071 1291 3104 passio
1307 3071 1357 3095 late

290 3116 359 3142 patet
378 3111 402 3135 in
413 3118 462 3135 usu
473 3110 595 3142 loquendi
606 3109 768 3139 scholastico
783 3114 811 3134 ut
822 3117 872 3133 iam
883 3109 1070 3134 declaravimus
1086 3108 1110 3132 in
1125 3108 1134 3132 1
1149 3107 1245 3137 Perrh„
1261 3107 1319 3131 lect.
1330 3114 1356 3136 11,

290 3151 343 3170 not.
363 3144 384 3170 0.
404 3146 439 3170 lbi
466 3153 525 3170 cum
550 3153 572 3170 s.
598 3145 701 3169 Thoma
727 3145 836 3169 diximus
862 3145 912 3176 pati
933 3144 1058 3168 latissimo
1083 3150 1162 3167 sensu
1187 3125 1284 3175 aliq'uid
1309 3142 1357 3166 dici

291 3188 321 3205 ex
339 3181 388 3205 hoc
414 3181 500 3205 solum
519 3181 590 3213 quod
610 3181 634 3204 id
654 3180 724 3213 quod
749 3185 789 3205 est
815 3181 839 3204 in
859 3180 972 3212 potentia
991 3179 1022 3204 ad
1042 3178 1151 3211 aliquid,
1173 3179 1261 3210 recipit
1279 3178 1357 3208 illud,

291 3216 323 3241 ad
342 3217 412 3249 quod
432 3221 485 3241 erat
510 3217 535 3240 in
554 3216 675 3248 potentia.
695 3216 773 3248 Atqui
799 3215 941 3248 propositio
965 3219 1004 3239 est
1027 3214 1159 3246 quoddam
1184 3214 1357 3246 compositum

292 3252 403 3284 logicum
423 3252 495 3276 cuius
514 3256 600 3283 partes
626 3256 686 3275 sunt
705 3251 850 3275 subiectum
876 3255 901 3275 et
927 3250 1108 3282 praedicatum.
1130 3249 1279 3274 Subiectum
1299 3249 1357 3273 dici-

291 3292 333 3311 tur
358 3287 418 3319 quia
442 3287 583 3319 concipitur
608 3287 682 3319 quasi
708 3294 786 3318 supra
818 3294 846 3310 se
871 3286 996 3318 recipiens
1029 3285 1218 3317 praedicatum,
1238 3284 1309 3317 quod
1334 3284 1358 3308 in

292 3323 466 3354 propositione
486 3321 636 3347 affirmativa
656 3322 678 3346 ei
697 3321 831 3352 tribuitur;
853 3321 911 3346 hinc
931 3322 991 3354 quia
1010 3321 1154 3345 subiectum
1179 3321 1267 3352 recipit
1286 3327 1359 3352 prae-

293 3357 422 3387 dicatum,
448 3358 479 3382 ad
505 3358 575 3390 quod
601 3358 626 3381 in
655 3357 746 3382 ordine
772 3358 855 3390 logico
884 3362 923 3381 est
953 3356 1148 3389 quodammodo
1178 3356 1203 3380 in
1229 3355 1358 3396 potentia,

292 3393 466 3424 praedicatum
486 3393 576 3417 dicitur
595 3393 681 3424 passio
701 3393 817 3417 eiusdem
837 3392 953 3417 subiecti.
974 3393 1025 3416 Sed
1045 3391 1145 3416 additur
1165 3391 1281 3423 propria
1295 3397 1360 3422 pas-

292 3427 346 3457 sio,·
371 3433 395 3451 et
420 3428 484 3452 ratio
509 3433 549 3452 est
574 3428 634 3460 quia
658 3436 726 3452 nunc
752 3435 839 3452 sermo
865 3433 904 3452 est
928 3435 979 3452 non
999 3428 1031 3452 de
1055 3434 1220 3460 quacumque
1243 3426 1360 3467 proposi—

293 3462 376 3492 tione,
397 3463 442 3487 sed
463 3463 495 3487 de
520 3463 694 3495 propositione
713 3471 780 3496 quae
806 3463 1006 3488 demonstrative
1032 3462 1138 3487 infertur
1161 3469 1192 3486 ex
1215 3461 1360 3494 principiis;

295 3502 319 3520 et
345 3497 402 3521 ideo
428 3498 459 3521 de
485 3498 649 3522 conclusione
674 3499 700 3522 in
725 3506 777 3530 qua
802 3499 977 3531 praedicatum
1001 3506 1053 3522 non
1078 3504 1246 3530 quocumque
1264 3497 1360 3526 modo,

295 3532 341 3555 sed
360 3533 506 3556 necessario
526 3538 551 3557 et
570 3541 639 3564 per
635 3541 662 3557 e
682 3534 800 3558 convenit
819 3534 934 3558 subiecto
954 3532 1114 3565 specificov
1098 3532 1139 3557 vel
1163 3532 1282 3565 generice
1301 3539 1362 3556 con-

296 3566 427 3591 clusionis.
447 3567 625 3592 Praedicatum
645 3569 715 3600 quod
740 3568 789 3593 hoc
808 3569 887 3593 modo
913 3569 1031 3593 convenit
1050 3568 1166 3592 subiecto
1185 3567 1275 3592 dicitur
1294 3567 1360 3592 eius-

899 2406 1786 2989 ι

1409 851 1426 870 *
1435 851 1611 891 Dupliciter
1625 859 1734 882 autem
1749 852 1960 883 necessarium
1971 860 2016 883 est
2028 862 2307 894 praecognoscere3
2319 855 2379 885 alia
2390 865 2479 886 nam-

1477 906 1539 936 que
1563 896 1639 936 quia
1663 903 1747 935 sunt,
1765 897 1851 936 prius
1869 907 1994 927 necesse
2011 904 2057 927 est
2072 897 2206 937 opinari,
2224 898 2283 928 alia
2299 909 2385 937 vero,
2402 900 2481 940 quid

1477 947 1523 971 est
1551 940 1640 981 quod
1671 940 1784 971 dicitur
1811 940 1984 981 intelligere
2013 948 2154 981 oportet,
2187 943 2345 983 quaedam
2373 940 2481 974 autem

1476 991 1626 1025 utraque;
1650 991 1686 1015 ut
1709 985 1865 1025 quoniam
1888 995 1985 1016 omne
2008 986 2140 1026 quidem
2168 994 2222 1017 aut
2249 986 2416 1018 affirmare
2426 995 2482 1019 aut

1477 1039 1590 1069 negare
1613 1039 1725 1059 verum
1749 1036 1811 1068 est·,
1836 1030 1910 1070 quia
1935 1037 1997 1060 est:
2028 1030 2222 1071 triangulum
2251 1038 2390 1071 autem,
2400 1042 2480 1073 quo—

1477 1073 1564 1103 niam
1594 1073 1655 1103 hoc
1679 1073 1810 1114 quidem
1839 1073 2007 1114 significat;
2032 1075 2087 1104 sed
2111 1075 2265 1106 unitatem
2294 1082 2427 1117 utraque
2451 1083 2482 1107 et

1477 1118 1554 1158 quid
1579 1117 1732 1157 significat
1755 1125 1785 1148 et
1809 1118 1883 1158 quia
1907 1125 1968 1149 est:
1993 1129 2059 1149 non
2084 1119 2168 1149 enirn
2199 1120 2340 1150 similiter
2363 1121 2481 1151 horum

1478 1162 1736 1202 unumquodque
1756 1162 1960 1193 manifestum
1985 1163 2076 1193 nobis
2101 1170 2156 1194 est.

1409 1206 1426 1225 *
1450 1206 1506 1237 Est
1529 1212 1637 1236 autern
1661 1216 1850 1246 cognoscere
1874 1207 1934 1237 alia
1957 1207 2088 1248 quidem
2110 1208 2198 1248 prius
2222 1214 2519 1248 cognoscentem,

1477 1250 1680 1300 quorundam
1699 1258 1806 1282 autem
1822 1251 1918 1282 simul
1934 1251 2074 1292 accipere
2091 1252 2248 1291 notitiam,
2259 1259 2296 1284 ut
2307 1263 2480 1294 quaecum-

1477 1305 1540 1335 que
1558 1294 1746 1334 contingunt
1765 1305 1831 1326 esse
1856 1296 1914 1326 sub
1939 1296 2179 1334 universalibus,
2200 1307 2342 1337 quorum
2365 1297 2482 1328 habent

1477 1338 1709 1379 cognitionem.
1735 1340 1824 1380 quod
1849 1340 1934 1370 enim
1964 1340 2069 1371 omnis
2093 1341 2268 1391 triangulus
2296 1341 2390 1372 habet
2420 1348 2481 1372 tres

1477 1383 1612 1422 angulos
1636 1383 1763 1414 duobus
1787 1384 1877 1415 rectis
1902 1385 2049 1425 aequales
2072 1385 2252 1425 praescivit;
2283 1386 2373 1426 quod
2402 1395 2477 1416 vero

1476 1427 1549 1465 hoc,
1576 1427 1665 1466 quod
1689 1434 1735 1458 est
1757 1428 1790 1458 in
1815 1429 2025 1467 semicirculo,
2050 1429 2224 1470 triangulus
2244 1429 2300 1470 sit,
2323 1430 2442 1460 simul'
2434 1439 2480 1460 ιιι-

1478 1471 1596 1501 ducens
1613 1471 1773 1511 cognovit.
1789 1472 2006 1509 Quorundam·
2021 1473 2107 1503 enim
2121 1474 2184 1505 hoc
2200 1474 2299 1504 modo
2317 1474 2482 1514 disciplina

1478 1522 1539 1553 est,
1557 1522 1588 1546 et
1606 1524 1672 1546 non
1688 1525 1744 1555 per
1762 1516 1907 1547 medium
1930 1517 2081 1548 ultimum
2105 1518 2316 1558 cognoscitur,
2334 1525 2371 1550 ut
2385 1528 2482 1559 quae-

1478 1569 1616 1600 cumque
1630 1558 1695 1589 iam
1709 1559 1919 1599 singularium
1936 1561 2124 1602 contingunt
2142 1572 2207 1593 esse
2225 1569 2255 1593 et
2270 1572 2338 1593 non
2354 1563 2392 1593 de
2409 1563 2481 1593 sub-

1478 1603 1559 1634 iecto
1584 1603 1692 1644 aliquo
1717 1603 1876 1635 dicuntur.

1410 1718 1478 1746 ergo
1494 1715 1560 1736 sunt
1571 1709 1606 1736 de
1621 1708 1726 1746 quibus
1741 1716 1855 1746 oportet
1869 1709 2011 1746 praescire
2026 1711 2092 1747 quia
2106 1716 2180 1746 sunt,
2192 1720 2297 1748 nempe
2311 1710 2460 1748 principia.
2463 1729 2483 1734 —

1412 1749 1437 1776 5.
1454 1749 1605 1783 Quaedam
1626 1749 1662 1776 de
1684 1748 1789 1786 quibus
1804 1756 1919 1786 oportet
1938 1750 2079 1786 praescire
2098 1751 2167 1787 quid
2181 1751 2251 1785 sint,
2267 1751 2367 1779 saltem
2383 1752 2483 1788 quoad

1409 1788 1536 1816 nominis
1558 1788 1838 1825 significationem·
1853 1790 2022 1818 Declaratur
2043 1791 2175 1827 exemplo
2200 1791 2360 1829 trianguli,
2383 1797 2416 1819 ut
2439 1797 2483 1820 est

1410 1829 1558 1865 quoddam
1569 1829 1782 1866 praedicatum,
1798 1835 1826 1857 et
1841 1830 1876 1857 de
1891 1839 1951 1866 quo
1966 1830 2103 1866 cognosci
2118 1831 2203 1858 debet
2217 1831 2286 1868 quid
2299 1831 2345 1865 sit,
2361 1840 2412 1859 seu
2426 1831 2482 1859 sal-

1409 1874 1468 1896 tem
1479 1868 1549 1904 quid
1564 1867 1738 1905 significatur
1752 1868 1872 1897 nomine
1883 1869 2047 1906 trianguli-
2057 1871 2084 1898 6
2097 1871 2248 1905 Quaedam
2263 1870 2350 1899 etiam
2365 1877 2431 1899 sunt
2445 1871 2482 1899 de

1410 1908 1514 1945 quibus
1525 1914 1640 1944 oportet
1653 1918 1900 1954 praecognoscere
1914 1915 1942 1937 et
1957 1910 2025 1946 quid
2039 1910 2097 1937 sint
2110 1916 2137 1938 et
2152 1910 2219 1947 quia
2233 1910 2307 1938 sint.-
2321 1911 2483 1939 declaratur

1409 1947 1542 1984 exemplo
1557 1949 1712 1984 desumpto
1727 1949 1763 1976 ab
1773 1948 1913 1977 unitate.-
1924 1958 1952 1985 7.
1964 1950 2059 1978 Causa
2073 1949 2158 1978 huius
2173 1949 2302 1979 diversae
2312 1950 2482 1988 praecogni-

1409 1987 1496 2015 tionis
1517 1994 1569 2023 est,
1591 1987 1659 2024 quia
1673 1997 1734 2016 non
1749 1989 1851 2016 eadem
1866 1995 1908 2016 est
1922 1989 1995 2017 ratio
2011 1990 2218 2035 cognoscendi
2228 1990 2283 2018 tn'a
2303 1990 2360 2026 illa,
2375 1999 2481 2027 nempe

1405 2027 1562 2065 principia,
1569 2028 1773 2065 praedicatum
1789 2035 1817 2056 et
1832 2028 2005 2062 subiectum;
2023 2029 2164 2066 principia
2174 2029 2251 2057 enim
2267 2036 2482 2067 cognoscuntur

1409 2067 1532 2103 iudicio;
1554 2067 1750 2104 praedicatum
1772 2068 1957 2105 cognoscitur
1978 2050 2099 2105 simplici
2120 2069 2360 2106 apprehensione,
2380 2070 2431 2098 sed
2451 2069 2483 2098 in

1410 2089 1551 2135 relatiorie
1574 2108 1611 2135 ad
1634 2107 1812 2142 subiectum,
1832 2107 1878 2136 cui
1893 2108 1981 2143 inest,
1998 2115 2026 2136 et
2047 2109 2128 2145 quod
2149 2108 2307 2146 ingreditur
2327 2109 2390 2137 eius
2411 2109 2482 2138 defi-

1409 2146 1564 2182 nitionem;
1587 2147 1748 2175 subiectum
1765 2147 1950 2184 cognoscitur
1964 2148 2194 2194 apprehensione
2209 2158 2270 2178 non
2285 2149 2411 2184 relativa,
2431 2149 2483 2177 sed

1409 2187 1541 2215 absoluta
1562 2186 1770 2215 definitione-
1780 2188 1807 2215 8.
1830 2188 1908 2216 Haec
1922 2195 2019 2216 autem
2034 2188 2230 2226 praecognitio
2245 2189 2403 2226 aliquando
2418 2189 2483 2226 qui-

1409 2227 1476 2254 dem
1498 2226 1646 2263 prioritate
1660 2227 1800 2263 temporis
1814 2228 1961 2264 praecedit
1975 2229 2187 2269 cognoscenda,
2203 2228 2360 2266 aliquando
2378 2228 2482 2266 priori-

1408 2273 1465 2294 tate
1487 2273 1615 2295 naturae.
1633 2283 1650 2288 -
1668 2277 1694 2303 9.
1718 2267 1886 2296 Declaratur
1906 2268 2043 2305 exemplis
2065 2265 2255 2313 quandonam
2277 2269 2418 2297 habeatur
2436 2268 2482 2297 vel

1409 2307 1483 2334 ordo
1504 2306 1660 2343 prioritatis
1681 2307 1829 2344 temporis,
1844 2308 1888 2336 vel
1910 2309 1988 2336 solus
2010 2309 2084 2336 ordo
2106 2308 2262 2345 prioritatis
2282 2315 2411 2337 naturae.

1406 2409 1582 2446 inducere
1600 2409 1620 2430 ³¹²
1649 2410 1793 2446 etc.1n
1821 2410 2132 2470 praecognitione
2162 2418 2291 2448 autern
2322 2411 2399 2448 duo
2426 2410 2481 2448 in·
2509 2426 2518 2435 ·

1409 2461 1629 2509 cluduntur,
1666 2462 1806 2499 scilicet
1844 2463 2008 2511 cognitio
2048 2472 2083 2500 et
2112 2463 2336 2512 cognitionis
2370 2464 2479 2502 ordo.

1409 2514 1540 2552 Primo
1579 2527 1686 2563 ergo,
1718 2515 1944 2553 determinat
1972 2517 2135 2554 modum
2164 2517 2481 2566 praecognitionis

1410 2575 1596 2616 quantum
1616 2568 1666 2605 ad
1682 2568 1936 2628 cognitionem
1957 2569 2079 2618 ipsam
2101 2570 2136 2590 ⁴⁸·
2128 2570 2340 2616 Msecundo
2362 2582 2481 2618 quan-

1409 2629 1491 2658 tum
1519 2620 1570 2658 ad
1598 2621 1820 2669 cognitionis
1851 2622 2048 2668 ordinem3
2080 2622 2146 2659 ibi:
2175 2624 2245 2660 Est
2270 2628 2395 2660 autem
2420 2634 2480 2660 co-

1409 2674 1627 2724 gnoscere*
1655 2682 1723 2711 etc.

1467 2738 1501 2763 2.
1533 2726 1642 2763 Circa
1670 2727 1838 2776 primum
1863 2727 2061 2764 sciendum
2092 2735 2147 2765 est
2175 2728 2280 2787 quod
2308 2728 2346 2765 id
2375 2728 2480 2766 cuius

1412 2779 1566 2816 scientia
1585 2792 1654 2828 per
1674 2780 2041 2817 demonstrationem
2061 2781 2254 2828 quaeritur
2267 2781 2287 2803 *
2316 2789 2372 2818 est
2391 2794 2480 2818 con-

1413 2832 1530 2869 clusio
1563 2832 1689 2881 aliqua
1716 2833 1755 2871 in
1783 2846 1858 2882 qua
1894 2833 2049 2883 propria
2076 2834 2203 2882 passio
2235 2834 2281 2872 de
2311 2834 2480 2872 subiecto

1412 2885 1538 2934 aliquo
1572 2885 1864 2934 praedicaturss:
1895 2899 1993 2936 quae
2022 2887 2179 2935 quidem
2215 2888 2408 2925 conclusio
2437 2900 2483 2925 ex

1411 3035 1471 3060 dem
1490 3035 1597 3060 subiecti
1611 3037 1704 3068 passio
1719 3037 1843 3070 propria,
1861 3044 1908 3061 seu
1928 3037 2006 3062 etiam
2026 3038 2175 3070 simpliciter
2185 3038 2341 3070 proprietas
2359 3038 2401 3063 vel
2415 3045 2483 3071 pro—

1407 3071 1509 3103 prium.

1465 3107 1519 3131 Dixi
1539 3107 1611 3139 quod
1620 3108 1736 3139 propria
1750 3107 1843 3139 passio
1858 3108 2022 3133 concluditur
2041 3109 2178 3133 convenire
2192 3109 2339 3134 necessario
2354 3113 2380 3133 et
2393 3116 2440 3141 per
2453 3116 2484 3134 ae

1411 3142 1526 3167 subiecto
1545 3142 1672 3176 specifico.
1687 3143 1790 3168 Etenim
1803 3143 1896 3175 passio
1916 3151 1968 3168 non
1988 3144 2054 3168 sicut
2079 3143 2223 3169 substantia
2240 3144 2416 3176 praedicatur,
2435 3144 2484 3170 aad

1412 3178 1486 3210 quasi
1501 3178 1619 3203 accidens
1634 3178 1749 3208 subiecti,
1760 3183 1788 3203 ut
1802 3183 1872 3210 patet
1890 3187 1921 3204 ex
1935 3187 1996 3204 mox
2011 3179 2092 3204 dictis.
2102 3179 2230 3204 Accidens
2240 3187 2304 3204 vero
2317 3179 2423 3212 triplicia
2436 3186 2481 3213 go-

1412 3213 1481 3238 neris
1492 3220 1552 3238 esse
1570 3218 1670 3246 potest3
1684 3214 1726 3238 vel
1736 3214 1806 3238 enim
1816 3219 1856 3238 est
1869 3214 1991 3240 accidens
2007 3214 2078 3247 quod
2097 3215 2243 3240 necessario
2255 3219 2281 3239 et
2290 3222 2336 3247 per
2346 3222 2376 3240 5ο
2389 3221 2484 3240 conve-

1414 3249 1451 3273 nit
1465 3249 1588 3279 subiecto,
1604 3249 1664 3282 quia
1683 3254 1802 3274 causatur
1817 3257 1847 3274 ex
1861 3250 1990 3282 principiis
2005 3257 2052 3274 seu
2066 3250 2179 3275 essentia
2193 3249 2331 3291 specifica
2325 3250 2406 3282 ipsius
2421 3249 2484 3275 sub-

1414 3284 1479 3315 iecti,
1491 3289 1516 3309 et
1529 3284 1579 3309 hoc
1593 3285 1710 3310 accidens
1721 3285 1812 3309 dicitur
1821 3285 2044 3317 passiopropria,
2055 3292 2103 3310 seu
2112 3286 2264 3318 proprium,
2276 3285 2484 3318 seuproprietas

1414 3319 1455 3344 vel
1475 3319 1514 3352 (ut
1532 3320 1663 3345 nonnullis
1682 3319 1867 3345 recentioribus
1887 3321 1991 3353 placuit)
2010 3320 2186 3351 attributum;
2199 3321 2241 3346 vel
2256 3320 2374 3346 accidens
2391 3327 2439 3361 per
2453 3327 2483 3344 se

1415 3355 1533 3380 convenit
1552 3355 1669 3380 subiecto
1687 3355 1826 3386 individuo,
1841 3356 1902 3388 quia
1915 3360 2036 3381 causatur
2054 3363 2107 3380 non
2126 3356 2232 3388 quidem
2248 3363 2279 3380 ex
2293 3355 2421 3388 principiis
2435 3361 2483 3379 seu

1416 3390 1527 3415 essentia
1545 3390 1664 3423 specifica
1682 3390 1798 3421 subiecti,
1813 3391 1860 3415 sed
1879 3398 1910 3416 ex
1928 3392 1983 3416 eius
2001 3391 2131 3423 principiis
2150 3391 2296 3423 individuis,
2317 3395 2343 3415 et
2359 3389 2484 3415 accidens

1416 3426 1506 3451 dicitur
1516 3426 1609 3458 passio
1619 3426 1735 3458 propria
1750 3426 1857 3451 subiecti
1871 3432 1924 3451 non
1938 3425 2058 3459 specifici,
2069 3427 2116 3451 sed
2129 3426 2259 3456 individui,
2269 3433 2317 3451 seu
2330 3424 2454 3450 accidens
2467 3432 2483 3449 a

1415 3461 1458 3486 tali
1473 3461 1589 3486 subiecto
1605 3461 1796 3494 inseparabile,
1810 3462 1851 3486 vel
1867 3461 1978 3494 denique
1997 3462 2115 3487 accidens
2129 3469 2181 3486 non
2196 3465 2316 3486 causatur
2329 3467 2360 3485 ex
2374 3459 2482 3484 subiecti

1416 3497 1527 3522 essentia
1546 3497 1601 3521 sive
1619 3496 1738 3529 specifica
1757 3497 1811 3522 sive
1830 3497 1966 3527 individua,
1983 3502 2009 3522 et
2028 3497 2119 3522 dicitur
2133 3497 2250 3522 nccidens
2269 3495 2417 3527 separabile
2435 3502 2483 3519 seu

1415 3532 1585 3565 contingens,
1608 3533 1668 3565 quia
1686 3537 1772 3564 potest
1790 3533 1876 3557 inesse
1895 3532 2012 3557 subiecto
2036 3536 2062 3557 et
2086 3536 2172 3564 potest
2190 3531 2267 3556 etiam
2285 3530 2392 3561 abesse,
2412 3529 2484 3555 salva

1415 3572 1535 3592 manente
1549 3567 1656 3592 subiecti
1671 3568 1783 3592 essentia
1796 3572 1853 3592 tum
1867 3566 1987 3600 specifica
2004 3571 2060 3592 tum
2074 3566 2203 3591 individua
2217 3565 2267 3598 (Cf.
2278 3565 2335 3590 lect.
2345 3572 2395 3596 x1V,
2410 3573 2435 3590 n.
2448 3565 2484 3598 2).

2507 862 2586 889 'Seq.
2600 867 2651 889 cap.
2663 867 2682 889 ι,
2698 865 2723 884 et

2508 891 2563 910 text.
2574 894 2590 909 ι.

2534 1221 2602 1243 Text.
2613 1227 2634 1244 π.

2529 2425 2593 2448 beet.
2607 2431 2634 2448 ιιι

2507 2587 2618 2611 'Coddoe
2607 2594 2645 2611 -.ι
2651 2593 2725 2616 prae-

2508 2614 2722 2642 cogi-5841-

2504 2646 2576 2669 psam

2506 2673 2599 2716 fetam.
2614 2694 2636 2716 8.

2508 2795 2546 2817 ἰι
2557 2794 2726 2818 demo-maa-

2509 2827 2537 2876 iqve
2573 2828 2674 2871 mnu-¹:
2684 2827 2726 2844 ae-

2609 2906 2626 2923 α
