<?xml version="1.0" encoding="UTF-8"?>
<!DOCTYPE html PUBLIC "-//W3C//DTD XHTML 1.0 Transitional//EN"
    "http://www.w3.org/TR/xhtml1/DTD/xhtml1-transitional.dtd">
<html xmlns="http://www.w3.org/1999/xhtml" xml:lang="en" lang="en">
 <head>
  <title>
</title>
<meta http-equiv="Content-Type" content="text/html;charset=utf-8" />
  <meta name='ocr-system' content='tesseract 3.04.00' />
  <meta name='ocr-capabilities' content='ocr_page ocr_carea ocr_par ocr_line ocrx_word'/>
</head>
<body>
  <div class='ocr_page' id='page_1' title='image "./operaomniaiussui01thom/operaomniaiussui01thom_0128.png"; bbox 0 0 2548 4192; ppageno 0'>
   <div class='ocr_carea' id='block_1_1' title="bbox 189 287 245 312">
    <p class='ocr_par' dir='ltr' id='par_1_1' title="bbox 189 287 245 312">
     <span class='ocr_line' id='line_1_1' title="bbox 189 287 245 312; baseline -0.018 0"><span class='ocrx_word' id='word_1_1' title='bbox 189 287 245 312; x_wconf 90' lang='lat' dir='ltr'>CVI</span> 
     </span>
    </p>
   </div>
   <div class='ocr_carea' id='block_1_2' title="bbox 167 347 1252 3317">
    <p class='ocr_par' dir='ltr' id='par_1_2' title="bbox 181 347 1252 1493">
     <span class='ocr_line' id='line_1_2' title="bbox 188 347 1250 394; baseline -0.01 -10"><span class='ocrx_word' id='word_1_2' title='bbox 188 361 300 394; x_wconf 91' lang='lat' dir='ltr'>taeque</span> <span class='ocrx_word' id='word_1_3' title='bbox 317 349 543 383; x_wconf 83' lang='lat' dir='ltr'>bibliothecae?</span> <span class='ocrx_word' id='word_1_4' title='bbox 562 351 643 382; x_wconf 88' lang='lat' dir='ltr'>Sunt</span> <span class='ocrx_word' id='word_1_5' title='bbox 662 349 756 390; x_wconf 80' lang='lat' dir='ltr'>aliqui</span> <span class='ocrx_word' id='word_1_6' title='bbox 772 359 846 379; x_wconf 92' lang='lat' dir='ltr'>vero</span> <span class='ocrx_word' id='word_1_7' title='bbox 861 348 959 388; x_wconf 90' lang='lat' dir='ltr'>ipsius</span> <span class='ocrx_word' id='word_1_8' title='bbox 974 347 1121 377; x_wconf 89' lang='lat' dir='ltr'>Thomae</span> <span class='ocrx_word' id='word_1_9' title='bbox 1141 350 1250 394; x_wconf 72' lang='lat' dir='ltr'>aetate,</span> 
     </span>
     <span class='ocr_line' id='line_1_3' title="bbox 189 388 1250 434; baseline -0.011 -6"><span class='ocrx_word' id='word_1_10' title='bbox 189 404 339 428; x_wconf 88' lang='lat' dir='ltr'>monente</span> <span class='ocrx_word' id='word_1_11' title='bbox 362 397 517 434; x_wconf 86' lang='lat' dir='ltr'>Echardo,</span> <span class='ocrx_word' id='word_1_12' title='bbox 543 394 665 433; x_wconf 86' lang='lat' dir='ltr'>exarati,</span> <span class='ocrx_word' id='word_1_13' title='bbox 687 394 856 434; x_wconf 88' lang='lat' dir='ltr'><strong>pluresque</strong></span> <span class='ocrx_word' id='word_1_14' title='bbox 885 391 1010 422; x_wconf 90' lang='lat' dir='ltr'>saeculo</span> <span class='ocrx_word' id='word_1_15' title='bbox 1034 388 1250 420; x_wconf 83' lang='lat' dir='ltr'>tertiodec1mo</span> 
     </span>
     <span class='ocr_line' id='line_1_4' title="bbox 190 431 1252 481; baseline -0.012 -8"><span class='ocrx_word' id='word_1_16' title='bbox 190 452 225 473; x_wconf 89' lang='lat' dir='ltr'>ac</span> <span class='ocrx_word' id='word_1_17' title='bbox 239 442 364 472; x_wconf 86' lang='lat' dir='ltr'>saeculo</span> <span class='ocrx_word' id='word_1_18' title='bbox 384 441 567 481; x_wconf 86' lang='lat' dir='ltr'>insequente</span> <span class='ocrx_word' id='word_1_19' title='bbox 586 439 647 476; x_wconf 90' lang='lat' dir='ltr'>alii,</span> <span class='ocrx_word' id='word_1_20' title='bbox 668 438 782 478; x_wconf 89' lang='lat' dir='ltr'>aliique</span> <span class='ocrx_word' id='word_1_21' title='bbox 801 443 874 476; x_wconf 92' lang='lat' dir='ltr'>post</span> <span class='ocrx_word' id='word_1_22' title='bbox 893 445 964 465; x_wconf 90' lang='lat' dir='ltr'>ann.</span> <span class='ocrx_word' id='word_1_23' title='bbox 986 443 1077 473; x_wconf 89' lang='lat'>1400.</span> <span class='ocrx_word' id='word_1_24' title='bbox 1098 431 1252 471; x_wconf 89' lang='lat' dir='ltr'>Exempla</span> 
     </span>
     <span class='ocr_line' id='line_1_5' title="bbox 190 476 1252 527; baseline -0.011 -10"><span class='ocrx_word' id='word_1_25' title='bbox 190 488 273 525; x_wconf 92' lang='lat' dir='ltr'>duo,</span> <span class='ocrx_word' id='word_1_26' title='bbox 297 495 378 527; x_wconf 90' lang='lat' dir='ltr'>quae</span> <span class='ocrx_word' id='word_1_27' title='bbox 409 485 448 514; x_wconf 92' lang='lat' dir='ltr'>ad</span> <span class='ocrx_word' id='word_1_28' title='bbox 477 490 610 514; x_wconf 85' lang='lat' dir='ltr'>aetatem</span> <span class='ocrx_word' id='word_1_29' title='bbox 632 483 778 513; x_wconf 89' lang='lat' dir='ltr'>Thomae</span> <span class='ocrx_word' id='word_1_30' title='bbox 806 480 976 520; x_wconf 86' lang='lat' dir='ltr'>pertinent,</span> <span class='ocrx_word' id='word_1_31' title='bbox 1000 478 1032 507; x_wconf 92' lang='lat' dir='ltr'>in</span> <span class='ocrx_word' id='word_1_32' title='bbox 1063 476 1252 508; x_wconf 86' lang='lat' dir='ltr'>bibliotheca</span> 
     </span>
     <span class='ocr_line' id='line_1_6' title="bbox 189 520 1250 563; baseline -0.011 -2"><span class='ocrx_word' id='word_1_33' title='bbox 189 532 351 562; x_wconf 86' lang='lat' dir='ltr'>Sorbonae</span> <span class='ocrx_word' id='word_1_34' title='bbox 365 528 527 560; x_wconf 88' lang='lat' dir='ltr'>Parisiensi</span> <span class='ocrx_word' id='word_1_35' title='bbox 542 528 758 557; x_wconf 85' lang='lat' dir='ltr'>adservantur:</span> <span class='ocrx_word' id='word_1_36' title='bbox 775 530 966 563; x_wconf 83' lang='lat' dir='ltr'>testaturque</span> <span class='ocrx_word' id='word_1_37' title='bbox 980 522 1125 551; x_wconf 88' lang='lat' dir='ltr'>laudatus</span> <span class='ocrx_word' id='word_1_38' title='bbox 1135 520 1250 550; x_wconf 88' lang='lat' dir='ltr'>Echar-</span> 
     </span>
     <span class='ocr_line' id='line_1_7' title="bbox 189 564 1249 611; baseline -0.013 -5"><span class='ocrx_word' id='word_1_39' title='bbox 189 577 248 607; x_wconf 92' lang='lat' dir='ltr'>dus</span> <span class='ocrx_word' id='word_1_40' title='bbox 279 581 394 605; x_wconf 87' lang='lat' dir='ltr'>exstare</span> <span class='ocrx_word' id='word_1_41' title='bbox 417 573 449 602; x_wconf 93' lang='lat' dir='ltr'>in</span> <span class='ocrx_word' id='word_1_42' title='bbox 468 572 571 611; x_wconf 91' lang='lat' dir='ltr'>primo</span> <span class='ocrx_word' id='word_1_43' title='bbox 601 570 770 609; x_wconf 87' lang='lat' dir='ltr'>imaginem</span> <span class='ocrx_word' id='word_1_44' title='bbox 794 567 936 598; x_wconf 88' lang='lat' dir='ltr'>tenuiore</span> <span class='ocrx_word' id='word_1_45' title='bbox 954 565 1101 606; x_wconf 92' lang='lat' dir='ltr'>penicillo</span> <span class='ocrx_word' id='word_1_46' title='bbox 1121 564 1249 604; x_wconf 86' lang='lat' dir='ltr'>pictam,</span> 
     </span>
     <span class='ocr_line' id='line_1_8' title="bbox 189 609 1249 661; baseline -0.012 -11"><span class='ocrx_word' id='word_1_47' title='bbox 189 620 220 651; x_wconf 92' lang='lat' dir='ltr'>in</span> <span class='ocrx_word' id='word_1_48' title='bbox 245 629 308 661; x_wconf 89' lang='lat' dir='ltr'>qua</span> <span class='ocrx_word' id='word_1_49' title='bbox 330 617 429 657; x_wconf 87' lang='lat' dir='ltr'>figura</span> <span class='ocrx_word' id='word_1_50' title='bbox 457 615 699 645; x_wconf 87' lang='lat' dir='ltr'>Dominicanam</span> <span class='ocrx_word' id='word_1_51' title='bbox 722 618 840 642; x_wconf 89' lang='lat' dir='ltr'>vestem</span> <span class='ocrx_word' id='word_1_52' title='bbox 869 611 996 647; x_wconf 91' lang='lat' dir='ltr'>induta,</span> <span class='ocrx_word' id='word_1_53' title='bbox 1021 609 1101 639; x_wconf 90' lang='lat' dir='ltr'>idest</span> <span class='ocrx_word' id='word_1_54' title='bbox 1125 614 1249 638; x_wconf 90' lang='lat' dir='ltr'>sanctus</span> 
     </span>
     <span class='ocr_line' id='line_1_9' title="bbox 188 651 1249 701; baseline -0.013 -6"><span class='ocrx_word' id='word_1_55' title='bbox 188 665 318 701; x_wconf 89' lang='lat' dir='ltr'>Doctor,</span> <span class='ocrx_word' id='word_1_56' title='bbox 333 671 428 691; x_wconf 91' lang='lat' dir='ltr'>suum</span> <span class='ocrx_word' id='word_1_57' title='bbox 442 659 533 699; x_wconf 92' lang='lat' dir='ltr'>Opus</span> <span class='ocrx_word' id='word_1_58' title='bbox 553 657 661 688; x_wconf 88' lang='lat' dir='ltr'>offerre</span> <span class='ocrx_word' id='word_1_59' title='bbox 681 657 815 687; x_wconf 92' lang='lat' dir='ltr'>Summo</span> <span class='ocrx_word' id='word_1_60' title='bbox 834 653 978 685; x_wconf 88' lang='lat' dir='ltr'>Pontifici</span> <span class='ocrx_word' id='word_1_61' title='bbox 994 653 1164 683; x_wconf 83' lang='lat' dir='ltr'>exhibetur.</span> <span class='ocrx_word' id='word_1_62' title='bbox 1186 651 1249 682; x_wconf 93' lang='grc'>00-</span> 
     </span>
     <span class='ocr_line' id='line_1_10' title="bbox 189 696 1249 739; baseline -0.012 -1"><span class='ocrx_word' id='word_1_63' title='bbox 189 709 290 738; x_wconf 89' lang='lat' dir='ltr'>dicem</span> <span class='ocrx_word' id='word_1_64' title='bbox 312 710 467 735; x_wconf 87' lang='lat' dir='ltr'>memorat</span> <span class='ocrx_word' id='word_1_65' title='bbox 488 702 676 732; x_wconf 91' lang='lat' dir='ltr'>Possevinus</span> <span class='ocrx_word' id='word_1_66' title='bbox 697 700 730 730; x_wconf 91' lang='lat' dir='ltr'>in</span> <span class='ocrx_word' id='word_1_67' title='bbox 744 702 906 739; x_wconf 86' lang='lat' dir='ltr'>Apparatu</span> <span class='ocrx_word' id='word_1_68' title='bbox 926 707 1013 728; x_wconf 91' lang='lat' dir='ltr'>sacro</span> <span class='ocrx_word' id='word_1_69' title='bbox 1033 704 1124 727; x_wconf 90' lang='lat' dir='ltr'>tomo</span> <span class='ocrx_word' id='word_1_70' title='bbox 1140 696 1178 734; x_wconf 86' lang='grc' dir='ltr'>ΙΙ,</span> <span class='ocrx_word' id='word_1_71' title='bbox 1199 705 1249 726; x_wconf 81' lang='grc' dir='ltr'>νε-</span> 
     </span>
     <span class='ocr_line' id='line_1_11' title="bbox 188 741 1250 783; baseline -0.012 -1"><span class='ocrx_word' id='word_1_72' title='bbox 188 751 392 783; x_wconf 79' lang='lat' dir='ltr'>tustissimum</span> <span class='ocrx_word' id='word_1_73' title='bbox 423 747 624 777; x_wconf 83' lang='lat' dir='ltr'>bibliothecae</span> <span class='ocrx_word' id='word_1_74' title='bbox 653 745 731 774; x_wconf 91' lang='lat' dir='ltr'>olim</span> <span class='ocrx_word' id='word_1_75' title='bbox 760 743 913 773; x_wconf 87' lang='lat' dir='ltr'>Marcelli</span> <span class='ocrx_word' id='word_1_76' title='bbox 939 741 1079 772; x_wconf 86' lang='lat' dir='ltr'>Secundi</span> <span class='ocrx_word' id='word_1_77' title='bbox 1110 741 1250 771; x_wconf 88' lang='lat' dir='ltr'>Romani</span> 
     </span>
     <span class='ocr_line' id='line_1_12' title="bbox 186 785 1247 835; baseline -0.011 -9"><span class='ocrx_word' id='word_1_78' title='bbox 186 794 356 835; x_wconf 82' lang='lat' dir='ltr'>Pontificis,</span> <span class='ocrx_word' id='word_1_79' title='bbox 373 801 469 832; x_wconf 92' lang='lat' dir='ltr'>quem</span> <span class='ocrx_word' id='word_1_80' title='bbox 483 789 615 820; x_wconf 89' lang='lat' dir='ltr'>versavit</span> <span class='ocrx_word' id='word_1_81' title='bbox 633 789 872 819; x_wconf 84' lang='lat' dir='ltr'>accuratissime</span> <span class='ocrx_word' id='word_1_82' title='bbox 890 786 1084 816; x_wconf 85' lang='lat' dir='ltr'>Emmanuel</span> <span class='ocrx_word' id='word_1_83' title='bbox 1098 785 1142 816; x_wconf 89' lang='lat' dir='ltr'>Sa</span> <span class='ocrx_word' id='word_1_84' title='bbox 1157 785 1247 815; x_wconf 90' lang='lat' dir='ltr'>theo-</span> 
     </span>
     <span class='ocr_line' id='line_1_13' title="bbox 186 829 1247 879; baseline -0.01 -10"><span class='ocrx_word' id='word_1_85' title='bbox 186 841 277 879; x_wconf 90' lang='lat' dir='ltr'>logus</span> <span class='ocrx_word' id='word_1_86' title='bbox 301 835 460 867; x_wconf 84' lang='lat' dir='ltr'>societatis</span> <span class='ocrx_word' id='word_1_87' title='bbox 485 835 563 864; x_wconf 89' lang='lat' dir='ltr'>lesu.</span> <span class='ocrx_word' id='word_1_88' title='bbox 598 833 731 863; x_wconf 86' lang='lat' dir='ltr'>Codices</span> <span class='ocrx_word' id='word_1_89' title='bbox 756 833 886 862; x_wconf 92' lang='lat' dir='ltr'>demum</span> <span class='ocrx_word' id='word_1_90' title='bbox 916 832 995 861; x_wconf 91' lang='lat' dir='ltr'>bene</span> <span class='ocrx_word' id='word_1_91' title='bbox 1019 830 1139 860; x_wconf 90' lang='lat' dir='ltr'>multos</span> <span class='ocrx_word' id='word_1_92' title='bbox 1162 829 1247 859; x_wconf 89' lang='lat' dir='ltr'>idem</span> 
     </span>
     <span class='ocr_line' id='line_1_14' title="bbox 186 874 1247 924; baseline -0.009 -11"><span class='ocrx_word' id='word_1_93' title='bbox 186 879 491 924; x_wconf 84' lang='lat' dir='ltr'>profert&#39;Echardus,</span> <span class='ocrx_word' id='word_1_94' title='bbox 509 877 726 908; x_wconf 91' lang='lat' dir='ltr'>tertiodecimo</span> <span class='ocrx_word' id='word_1_95' title='bbox 746 876 871 906; x_wconf 86' lang='lat' dir='ltr'>saeculo</span> <span class='ocrx_word' id='word_1_96' title='bbox 886 875 1032 905; x_wconf 89' lang='lat' dir='ltr'>nondum</span> <span class='ocrx_word' id='word_1_97' title='bbox 1048 874 1155 914; x_wconf 88' lang='lat' dir='ltr'>elapso</span> <span class='ocrx_word' id='word_1_98' title='bbox 1175 874 1247 904; x_wconf 92' lang='lat' dir='ltr'>scri-</span> 
     </span>
     <span class='ocr_line' id='line_1_15' title="bbox 186 919 1246 968; baseline -0.008 -11"><span class='ocrx_word' id='word_1_99' title='bbox 186 935 268 968; x_wconf 91' lang='lat' dir='ltr'>ptos,</span> <span class='ocrx_word' id='word_1_100' title='bbox 283 924 337 966; x_wconf 92' lang='lat' dir='ltr'>qui</span> <span class='ocrx_word' id='word_1_101' title='bbox 352 923 436 954; x_wconf 90' lang='lat' dir='ltr'>obvii</span> <span class='ocrx_word' id='word_1_102' title='bbox 459 929 601 963; x_wconf 85' lang='lat' dir='ltr'>prostant</span> <span class='ocrx_word' id='word_1_103' title='bbox 619 921 742 952; x_wconf 87' lang='lat' dir='ltr'>Parisiis</span> <span class='ocrx_word' id='word_1_104' title='bbox 764 921 848 960; x_wconf 90' lang='lat' dir='ltr'>apud</span> <span class='ocrx_word' id='word_1_105' title='bbox 867 920 1096 950; x_wconf 88' lang='lat' dir='ltr'>Saniacobaeos</span> <span class='ocrx_word' id='word_1_106' title='bbox 1114 919 1246 956; x_wconf 84' lang='lat' dir='ltr'>Fratres,</span> 
     </span>
     <span class='ocr_line' id='line_1_16' title="bbox 186 963 1248 1004; baseline -0.008 -3"><span class='ocrx_word' id='word_1_107' title='bbox 186 979 216 1002; x_wconf 87' lang='lat' dir='ltr'>et</span> <span class='ocrx_word' id='word_1_108' title='bbox 230 968 409 1002; x_wconf 91' lang='lat' dir='ltr'>Canonicos</span> <span class='ocrx_word' id='word_1_109' title='bbox 432 966 622 1004; x_wconf 88' lang='lat' dir='ltr'>Victorinos‚</span> <span class='ocrx_word' id='word_1_110' title='bbox 647 973 678 996; x_wconf 91' lang='lat' dir='ltr'>et</span> <span class='ocrx_word' id='word_1_111' title='bbox 700 966 732 995; x_wconf 91' lang='lat' dir='ltr'>in</span> <span class='ocrx_word' id='word_1_112' title='bbox 751 964 939 995; x_wconf 85' lang='lat' dir='ltr'>bibliotheca</span> <span class='ocrx_word' id='word_1_113' title='bbox 958 963 1151 1002; x_wconf 89' lang='lat' dir='ltr'>Colbertina,</span> <span class='ocrx_word' id='word_1_114' title='bbox 1172 973 1248 994; x_wconf 92' lang='lat' dir='ltr'>cum</span> 
     </span>
     <span class='ocr_line' id='line_1_17' title="bbox 185 1008 1246 1052; baseline -0.008 -6"><span class='ocrx_word' id='word_1_115' title='bbox 185 1017 245 1046; x_wconf 92' lang='lat' dir='ltr'>hoc</span> <span class='ocrx_word' id='word_1_116' title='bbox 269 1013 360 1045; x_wconf 90' lang='lat' dir='ltr'>titulo</span> <span class='ocrx_word' id='word_1_117' title='bbox 391 1012 578 1052; x_wconf 91' lang='lat' dir='ltr'>plerosque:</span> <span class='ocrx_word' id='word_1_118' title='bbox 603 1011 720 1050; x_wconf 84' lang='lat' dir='ltr'>Incipit</span> <span class='ocrx_word' id='word_1_119' title='bbox 742 1009 907 1049; x_wconf 82' lang='lat' dir='ltr'>Expositio</span> <span class='ocrx_word' id='word_1_120' title='bbox 937 1009 1089 1039; x_wconf 86' lang='lat' dir='ltr'>continua</span> <span class='ocrx_word' id='word_1_121' title='bbox 1118 1008 1202 1039; x_wconf 87' lang='lat' dir='ltr'>edita</span> <span class='ocrx_word' id='word_1_122' title='bbox 1226 1018 1246 1038; x_wconf 93' lang='lat' dir='ltr'>a</span> 
     </span>
     <span class='ocr_line' id='line_1_18' title="bbox 185 1053 1248 1100; baseline -0.008 -10"><span class='ocrx_word' id='word_1_123' title='bbox 185 1070 253 1091; x_wconf 84' lang='lat' dir='ltr'>ven.</span> <span class='ocrx_word' id='word_1_124' title='bbox 263 1058 379 1100; x_wconf 86' lang='lat' dir='ltr'>fratre</span> <span class='ocrx_word' id='word_1_125' title='bbox 407 1057 526 1087; x_wconf 85' lang='lat' dir='ltr'>Thoma</span> <span class='ocrx_word' id='word_1_126' title='bbox 553 1055 684 1085; x_wconf 82' lang='lat' dir='ltr'>Ordinis</span> <span class='ocrx_word' id='word_1_127' title='bbox 706 1053 967 1084; x_wconf 84' lang='lat' dir='ltr'>Praedicatorum</span> <span class='ocrx_word' id='word_1_128' title='bbox 987 1062 1086 1093; x_wconf 84' lang='lat' dir='ltr'>super</span> <span class='ocrx_word' id='word_1_129' title='bbox 1108 1058 1248 1094; x_wconf 83' lang='lat' dir='ltr'>quatuor</span> 
     </span>
     <span class='ocr_line' id='line_1_19' title="bbox 184 1097 1247 1143; baseline -0.008 -8"><span class='ocrx_word' id='word_1_130' title='bbox 184 1103 375 1143; x_wconf 83' lang='lat' dir='ltr'>Evangelia.</span> <span class='ocrx_word' id='word_1_131' title='bbox 396 1101 457 1131; x_wconf 87' lang='lat' dir='ltr'>Sed</span> <span class='ocrx_word' id='word_1_132' title='bbox 475 1100 559 1130; x_wconf 92' lang='lat' dir='ltr'>hisce</span> <span class='ocrx_word' id='word_1_133' title='bbox 577 1098 804 1136; x_wconf 83' lang='lat' dir='ltr'>vetustissimis,</span> <span class='ocrx_word' id='word_1_134' title='bbox 825 1097 963 1137; x_wconf 88' lang='lat' dir='ltr'>diligenti</span> <span class='ocrx_word' id='word_1_135' title='bbox 983 1097 1152 1128; x_wconf 89' lang='lat' dir='ltr'>collatione</span> <span class='ocrx_word' id='word_1_136' title='bbox 1167 1097 1247 1128; x_wconf 84' lang='lat' dir='ltr'>facta</span> 
     </span>
     <span class='ocr_line' id='line_1_20' title="bbox 183 1141 1247 1183; baseline -0.008 -4"><span class='ocrx_word' id='word_1_137' title='bbox 183 1160 201 1179; x_wconf 87' lang='lat' dir='ltr'>a</span> <span class='ocrx_word' id='word_1_138' title='bbox 226 1145 412 1178; x_wconf 89' lang='lat' dir='ltr'>doctissimis</span> <span class='ocrx_word' id='word_1_139' title='bbox 435 1145 527 1183; x_wconf 90' lang='lat' dir='ltr'>viris,</span> <span class='ocrx_word' id='word_1_140' title='bbox 557 1143 706 1174; x_wconf 88' lang='lat' dir='ltr'>simillimi</span> <span class='ocrx_word' id='word_1_141' title='bbox 729 1149 819 1180; x_wconf 91' lang='lat' dir='ltr'>sunt,</span> <span class='ocrx_word' id='word_1_142' title='bbox 848 1142 903 1182; x_wconf 94' lang='lat' dir='ltr'>qui</span> <span class='ocrx_word' id='word_1_143' title='bbox 928 1141 1054 1172; x_wconf 91' lang='lat' dir='ltr'>saeculo</span> <span class='ocrx_word' id='word_1_144' title='bbox 1079 1143 1247 1183; x_wconf 90' lang='lat' dir='ltr'>quartode-</span> 
     </span>
     <span class='ocr_line' id='line_1_21' title="bbox 184 1186 1246 1229; baseline -0.007 -6"><span class='ocrx_word' id='word_1_145' title='bbox 184 1193 267 1224; x_wconf 91' lang='lat' dir='ltr'>cimo</span> <span class='ocrx_word' id='word_1_146' title='bbox 299 1201 333 1221; x_wconf 90' lang='lat' dir='ltr'>ac</span> <span class='ocrx_word' id='word_1_147' title='bbox 364 1190 509 1229; x_wconf 85' lang='lat' dir='ltr'>deinceps</span> <span class='ocrx_word' id='word_1_148' title='bbox 540 1195 610 1218; x_wconf 91' lang='lat' dir='ltr'>ante</span> <span class='ocrx_word' id='word_1_149' title='bbox 638 1188 797 1217; x_wconf 87' lang='lat' dir='ltr'>inventam</span> <span class='ocrx_word' id='word_1_150' title='bbox 825 1186 1070 1227; x_wconf 87' lang='lat' dir='ltr'>typographiam</span> <span class='ocrx_word' id='word_1_151' title='bbox 1101 1187 1246 1227; x_wconf 89' lang='lat' dir='ltr'>descripti</span> 
     </span>
     <span class='ocr_line' id='line_1_22' title="bbox 183 1231 1246 1272; baseline -0.006 -4"><span class='ocrx_word' id='word_1_152' title='bbox 183 1237 270 1268; x_wconf 89' lang='lat' dir='ltr'>fuere</span> <span class='ocrx_word' id='word_1_153' title='bbox 293 1235 432 1271; x_wconf 90' lang='lat' dir='ltr'>codices;</span> <span class='ocrx_word' id='word_1_154' title='bbox 457 1244 491 1264; x_wconf 90' lang='lat' dir='ltr'>ac</span> <span class='ocrx_word' id='word_1_155' title='bbox 514 1233 598 1263; x_wconf 89' lang='lat' dir='ltr'>hisce</span> <span class='ocrx_word' id='word_1_156' title='bbox 622 1233 751 1262; x_wconf 91' lang='lat' dir='ltr'>demum</span> <span class='ocrx_word' id='word_1_157' title='bbox 775 1231 925 1261; x_wconf 90' lang='lat' dir='ltr'>omnibus</span> <span class='ocrx_word' id='word_1_158' title='bbox 949 1238 1128 1262; x_wconf 81' lang='lat' dir='ltr'>consonant</span> <span class='ocrx_word' id='word_1_159' title='bbox 1151 1239 1246 1272; x_wconf 92' lang='lat' dir='ltr'>quot-</span> 
     </span>
     <span class='ocr_line' id='line_1_23' title="bbox 183 1275 1247 1322; baseline -0.007 -10"><span class='ocrx_word' id='word_1_160' title='bbox 183 1288 262 1322; x_wconf 92' lang='lat' dir='ltr'>quot</span> <span class='ocrx_word' id='word_1_161' title='bbox 292 1281 440 1310; x_wconf 87' lang='lat' dir='ltr'>hactenus</span> <span class='ocrx_word' id='word_1_162' title='bbox 471 1277 552 1318; x_wconf 89' lang='lat' dir='ltr'>typis</span> <span class='ocrx_word' id='word_1_163' title='bbox 583 1287 694 1307; x_wconf 85' lang='lat' dir='ltr'>excusa</span> <span class='ocrx_word' id='word_1_164' title='bbox 724 1275 909 1316; x_wconf 88' lang='lat' dir='ltr'>prodierunt</span> <span class='ocrx_word' id='word_1_165' title='bbox 939 1276 1100 1316; x_wconf 85' lang='lat' dir='ltr'>exempla;</span> <span class='ocrx_word' id='word_1_166' title='bbox 1125 1283 1160 1306; x_wconf 92' lang='lat' dir='ltr'>ut</span> <span class='ocrx_word' id='word_1_167' title='bbox 1183 1276 1247 1306; x_wconf 86' lang='lat' dir='ltr'>iam</span> 
     </span>
     <span class='ocr_line' id='line_1_24' title="bbox 182 1319 1247 1367; baseline -0.004 -12"><span class='ocrx_word' id='word_1_168' title='bbox 182 1325 264 1367; x_wconf 92' lang='lat' dir='ltr'>typis</span> <span class='ocrx_word' id='word_1_169' title='bbox 288 1324 403 1355; x_wconf 89' lang='lat' dir='ltr'>editam</span> <span class='ocrx_word' id='word_1_170' title='bbox 427 1322 610 1353; x_wconf 89' lang='lat' dir='ltr'>continuam</span> <span class='ocrx_word' id='word_1_171' title='bbox 629 1320 868 1361; x_wconf 86' lang='lat' dir='ltr'>Expositionem</span> <span class='ocrx_word' id='word_1_172' title='bbox 888 1319 961 1350; x_wconf 92' lang='lat' dir='ltr'>divo</span> <span class='ocrx_word' id='word_1_173' title='bbox 981 1320 1129 1351; x_wconf 91' lang='lat' dir='ltr'>Thomae</span> <span class='ocrx_word' id='word_1_174' title='bbox 1147 1321 1247 1362; x_wconf 89' lang='lat' dir='ltr'>Aqui-</span> 
     </span>
     <span class='ocr_line' id='line_1_25' title="bbox 181 1364 1247 1403; baseline -0.004 -3"><span class='ocrx_word' id='word_1_175' title='bbox 181 1370 245 1400; x_wconf 89' lang='lat' dir='ltr'>nati</span> <span class='ocrx_word' id='word_1_176' title='bbox 269 1368 443 1399; x_wconf 87' lang='lat' dir='ltr'>adiudicare</span> <span class='ocrx_word' id='word_1_177' title='bbox 467 1375 631 1396; x_wconf 88' lang='lat' dir='ltr'>necessum</span> <span class='ocrx_word' id='word_1_178' title='bbox 654 1365 709 1403; x_wconf 75' lang='lat' dir='ltr'>sit,</span> <span class='ocrx_word' id='word_1_179' title='bbox 734 1371 788 1395; x_wconf 90' lang='lat' dir='ltr'>aut</span> <span class='ocrx_word' id='word_1_180' title='bbox 807 1364 930 1395; x_wconf 91' lang='lat' dir='ltr'>codices</span> <span class='ocrx_word' id='word_1_181' title='bbox 950 1364 1071 1395; x_wconf 89' lang='lat' dir='ltr'>nedum</span> <span class='ocrx_word' id='word_1_182' title='bbox 1094 1365 1247 1396; x_wconf 86' lang='lat' dir='ltr'>recentio-</span> 
     </span>
     <span class='ocr_line' id='line_1_26' title="bbox 181 1409 1247 1452; baseline -0.004 -8"><span class='ocrx_word' id='word_1_183' title='bbox 181 1425 239 1452; x_wconf 88' lang='lat' dir='ltr'>res,</span> <span class='ocrx_word' id='word_1_184' title='bbox 264 1413 318 1443; x_wconf 90' lang='lat' dir='ltr'>sed</span> <span class='ocrx_word' id='word_1_185' title='bbox 340 1418 480 1442; x_wconf 89' lang='lat' dir='ltr'>vetustos</span> <span class='ocrx_word' id='word_1_186' title='bbox 504 1419 614 1440; x_wconf 90' lang='lat' dir='ltr'>omnes</span> <span class='ocrx_word' id='word_1_187' title='bbox 640 1409 735 1440; x_wconf 91' lang='lat' dir='ltr'>veluti</span> <span class='ocrx_word' id='word_1_188' title='bbox 755 1409 882 1439; x_wconf 89' lang='lat' dir='ltr'>falsatos</span> <span class='ocrx_word' id='word_1_189' title='bbox 913 1409 1054 1440; x_wconf 87' lang='lat' dir='ltr'>reiicere:</span> <span class='ocrx_word' id='word_1_190' title='bbox 1079 1410 1168 1451; x_wconf 93' lang='lat' dir='ltr'>quod</span> <span class='ocrx_word' id='word_1_191' title='bbox 1192 1420 1247 1440; x_wconf 90' lang='lat' dir='ltr'>au-</span> 
     </span>
     <span class='ocr_line' id='line_1_27' title="bbox 181 1453 912 1493; baseline -0.008 -4"><span class='ocrx_word' id='word_1_192' title='bbox 181 1458 285 1489; x_wconf 86' lang='lat' dir='ltr'>daciae</span> <span class='ocrx_word' id='word_1_193' title='bbox 310 1466 463 1493; x_wconf 89' lang='lat' dir='ltr'>summae,</span> <span class='ocrx_word' id='word_1_194' title='bbox 487 1455 587 1485; x_wconf 92' lang='lat' dir='ltr'>immo</span> <span class='ocrx_word' id='word_1_195' title='bbox 612 1453 786 1484; x_wconf 87' lang='lat' dir='ltr'>dementiae</span> <span class='ocrx_word' id='word_1_196' title='bbox 810 1453 912 1484; x_wconf 89' lang='lat' dir='ltr'>fuerit.</span> 
     </span>
    </p>

    <p class='ocr_par' dir='ltr' id='par_1_3' title="bbox 172 1498 1246 2609">
     <span class='ocr_line' id='line_1_28' title="bbox 248 1498 1246 1540; baseline -0.004 -7"><span class='ocrx_word' id='word_1_197' title='bbox 248 1502 358 1532; x_wconf 92' lang='lat' dir='ltr'>Fidem</span> <span class='ocrx_word' id='word_1_198' title='bbox 382 1509 562 1540; x_wconf 85' lang='lat' dir='ltr'>supremam</span> <span class='ocrx_word' id='word_1_199' title='bbox 585 1499 702 1529; x_wconf 91' lang='lat' dir='ltr'>eisdem</span> <span class='ocrx_word' id='word_1_200' title='bbox 721 1498 894 1536; x_wconf 90' lang='lat' dir='ltr'>codicibus,</span> <span class='ocrx_word' id='word_1_201' title='bbox 914 1508 950 1528; x_wconf 90' lang='lat' dir='ltr'>ac</span> <span class='ocrx_word' id='word_1_202' title='bbox 969 1498 1042 1529; x_wconf 95' lang='lat' dir='ltr'>inde</span> <span class='ocrx_word' id='word_1_203' title='bbox 1062 1499 1246 1539; x_wconf 91' lang='lat' dir='ltr'>prodeunti-</span> 
     </span>
     <span class='ocr_line' id='line_1_29' title="bbox 181 1542 1246 1584; baseline -0.005 -6"><span class='ocrx_word' id='word_1_204' title='bbox 181 1548 239 1578; x_wconf 93' lang='lat' dir='ltr'>bus</span> <span class='ocrx_word' id='word_1_205' title='bbox 264 1545 462 1581; x_wconf 89' lang='lat' dir='ltr'>editionibus,</span> <span class='ocrx_word' id='word_1_206' title='bbox 487 1543 653 1574; x_wconf 89' lang='lat' dir='ltr'>conciliant</span> <span class='ocrx_word' id='word_1_207' title='bbox 677 1542 830 1583; x_wconf 85' lang='lat' dir='ltr'>praefixae</span> <span class='ocrx_word' id='word_1_208' title='bbox 854 1543 1104 1583; x_wconf 86' lang='lat' dir='ltr'>nuncupatoriae</span> <span class='ocrx_word' id='word_1_209' title='bbox 1120 1543 1246 1584; x_wconf 88' lang='lat' dir='ltr'>Episto-</span> 
     </span>
     <span class='ocr_line' id='line_1_30' title="bbox 177 1587 1246 1632; baseline -0.004 -10"><span class='ocrx_word' id='word_1_210' title='bbox 177 1592 243 1630; x_wconf 92' lang='lat' dir='ltr'>lae,</span> <span class='ocrx_word' id='word_1_211' title='bbox 267 1601 345 1632; x_wconf 88' lang='lat' dir='ltr'>quas</span> <span class='ocrx_word' id='word_1_212' title='bbox 368 1590 510 1620; x_wconf 85' lang='lat' dir='ltr'>Thomas</span> <span class='ocrx_word' id='word_1_213' title='bbox 541 1587 638 1617; x_wconf 92' lang='lat' dir='ltr'>dubio</span> <span class='ocrx_word' id='word_1_214' title='bbox 669 1587 782 1627; x_wconf 90' lang='lat' dir='ltr'>procul</span> <span class='ocrx_word' id='word_1_215' title='bbox 805 1587 895 1617; x_wconf 86' lang='lat' dir='ltr'>omni</span> <span class='ocrx_word' id='word_1_216' title='bbox 920 1587 1051 1628; x_wconf 88' lang='lat' dir='ltr'>scripsit.</span> <span class='ocrx_word' id='word_1_217' title='bbox 1076 1588 1246 1628; x_wconf 85' lang='lat' dir='ltr'>Figmento</span> 
     </span>
     <span class='ocr_line' id='line_1_31' title="bbox 178 1631 1246 1676; baseline -0.003 -10"><span class='ocrx_word' id='word_1_218' title='bbox 178 1646 260 1676; x_wconf 92' lang='lat' dir='ltr'>opus</span> <span class='ocrx_word' id='word_1_219' title='bbox 290 1635 388 1665; x_wconf 91' lang='lat' dir='ltr'>fuerat</span> <span class='ocrx_word' id='word_1_220' title='bbox 417 1640 452 1664; x_wconf 88' lang='lat' dir='ltr'>ut</span> <span class='ocrx_word' id='word_1_221' title='bbox 481 1633 560 1662; x_wconf 90' lang='lat' dir='ltr'>hanc</span> <span class='ocrx_word' id='word_1_222' title='bbox 593 1632 767 1672; x_wconf 87' lang='lat' dir='ltr'>argumenti</span> <span class='ocrx_word' id='word_1_223' title='bbox 801 1632 867 1662; x_wconf 89' lang='lat' dir='ltr'>vim</span> <span class='ocrx_word' id='word_1_224' title='bbox 902 1631 1037 1663; x_wconf 88' lang='lat' dir='ltr'>elevaret</span> <span class='ocrx_word' id='word_1_225' title='bbox 1066 1633 1176 1663; x_wconf 91' lang='lat' dir='ltr'>Petrus</span> <span class='ocrx_word' id='word_1_226' title='bbox 1207 1633 1246 1663; x_wconf 91' lang='lat' dir='ltr'>de</span> 
     </span>
     <span class='ocr_line' id='line_1_32' title="bbox 176 1676 1245 1717; baseline -0.003 -6"><span class='ocrx_word' id='word_1_227' title='bbox 176 1681 272 1711; x_wconf 86' lang='lat' dir='ltr'>Alva:</span> <span class='ocrx_word' id='word_1_228' title='bbox 306 1678 427 1709; x_wconf 88' lang='lat' dir='ltr'>sodales</span> <span class='ocrx_word' id='word_1_229' title='bbox 459 1687 572 1717; x_wconf 89' lang='lat' dir='ltr'>nempe</span> <span class='ocrx_word' id='word_1_230' title='bbox 608 1676 838 1707; x_wconf 90' lang='lat' dir='ltr'>Dominicanos</span> <span class='ocrx_word' id='word_1_231' title='bbox 869 1677 1053 1707; x_wconf 85' lang='lat' dir='ltr'>accuratiori</span> <span class='ocrx_word' id='word_1_232' title='bbox 1086 1677 1245 1715; x_wconf 83' lang='lat' dir='ltr'>Catenae,</span> 
     </span>
     <span class='ocr_line' id='line_1_33' title="bbox 177 1719 1244 1766; baseline -0.003 -11"><span class='ocrx_word' id='word_1_233' title='bbox 177 1735 273 1766; x_wconf 87' lang='lat' dir='ltr'>quarn</span> <span class='ocrx_word' id='word_1_234' title='bbox 296 1723 426 1754; x_wconf 87' lang='lat' dir='ltr'>Pontius</span> <span class='ocrx_word' id='word_1_235' title='bbox 451 1721 661 1752; x_wconf 91' lang='lat' dir='ltr'>Corbonellus</span> <span class='ocrx_word' id='word_1_236' title='bbox 681 1721 858 1752; x_wconf 85' lang='lat' dir='ltr'>confecerat</span> <span class='ocrx_word' id='word_1_237' title='bbox 877 1719 917 1763; x_wconf 86' lang='lat' dir='ltr'>(si</span> <span class='ocrx_word' id='word_1_238' title='bbox 935 1721 1002 1752; x_wconf 87' lang='lat' dir='ltr'>-ulla</span> <span class='ocrx_word' id='word_1_239' title='bbox 1021 1728 1127 1752; x_wconf 84' lang='lat' dir='ltr'>tamen</span> <span class='ocrx_word' id='word_1_240' title='bbox 1147 1723 1185 1752; x_wconf 92' lang='lat' dir='ltr'>ab</span> <span class='ocrx_word' id='word_1_241' title='bbox 1206 1732 1244 1752; x_wconf 94' lang='lat' dir='ltr'>eo</span> 
     </span>
     <span class='ocr_line' id='line_1_34' title="bbox 175 1764 1244 1808; baseline -0.002 -9"><span class='ocrx_word' id='word_1_242' title='bbox 175 1775 301 1799; x_wconf 88' lang='lat' dir='ltr'>auctore</span> <span class='ocrx_word' id='word_1_243' title='bbox 324 1766 440 1807; x_wconf 92' lang='lat' dir='ltr'>prodiit</span> <span class='ocrx_word' id='word_1_244' title='bbox 463 1764 625 1808; x_wconf 92' lang='lat' dir='ltr'>unquam)</span> <span class='ocrx_word' id='word_1_245' title='bbox 653 1765 782 1806; x_wconf 89' lang='lat' dir='ltr'>scriptas</span> <span class='ocrx_word' id='word_1_246' title='bbox 814 1776 832 1796; x_wconf 90' lang='lat' dir='ltr'>a</span> <span class='ocrx_word' id='word_1_247' title='bbox 862 1766 992 1796; x_wconf 89' lang='lat' dir='ltr'>Thoma</span> <span class='ocrx_word' id='word_1_248' title='bbox 1011 1776 1069 1807; x_wconf 92' lang='lat' dir='ltr'>pro</span> <span class='ocrx_word' id='word_1_249' title='bbox 1095 1777 1152 1797; x_wconf 90' lang='lat' dir='ltr'>sua</span> <span class='ocrx_word' id='word_1_250' title='bbox 1180 1767 1244 1797; x_wconf 92' lang='lat' dir='ltr'>elu-</span> 
     </span>
     <span class='ocr_line' id='line_1_35' title="bbox 175 1809 1243 1852; baseline -0.002 -8"><span class='ocrx_word' id='word_1_251' title='bbox 175 1812 354 1844; x_wconf 90' lang='lat' dir='ltr'>cubratione</span> <span class='ocrx_word' id='word_1_252' title='bbox 378 1811 622 1850; x_wconf 90' lang='lat' dir='ltr'>nuncupatorias</span> <span class='ocrx_word' id='word_1_253' title='bbox 639 1810 799 1850; x_wconf 89' lang='lat' dir='ltr'>Epistolas</span> <span class='ocrx_word' id='word_1_254' title='bbox 822 1809 1011 1851; x_wconf 83' lang='lat' dir='ltr'>praefixisse.</span> <span class='ocrx_word' id='word_1_255' title='bbox 1037 1811 1145 1842; x_wconf 89' lang='lat' dir='ltr'>Fuerit</span> <span class='ocrx_word' id='word_1_256' title='bbox 1168 1821 1243 1852; x_wconf 88' lang='lat' dir='ltr'>ergo</span> 
     </span>
     <span class='ocr_line' id='line_1_36' title="bbox 175 1854 1245 1898; baseline -0.002 -10"><span class='ocrx_word' id='word_1_257' title='bbox 175 1863 300 1898; x_wconf 90' lang='lat' dir='ltr'>oportet</span> <span class='ocrx_word' id='word_1_258' title='bbox 331 1855 489 1886; x_wconf 83' lang='lat' dir='ltr'>sodalibus</span> <span class='ocrx_word' id='word_1_259' title='bbox 520 1854 738 1886; x_wconf 89' lang='lat' dir='ltr'>Dominicanis</span> <span class='ocrx_word' id='word_1_260' title='bbox 769 1855 866 1885; x_wconf 89' lang='lat' dir='ltr'>libera</span> <span class='ocrx_word' id='word_1_261' title='bbox 897 1865 932 1885; x_wconf 91' lang='lat' dir='ltr'>ac</span> <span class='ocrx_word' id='word_1_262' title='bbox 962 1855 1081 1896; x_wconf 89' lang='lat' dir='ltr'>integra</span> <span class='ocrx_word' id='word_1_263' title='bbox 1114 1855 1245 1886; x_wconf 85' lang='lat' dir='ltr'>facultas</span> 
     </span>
     <span class='ocr_line' id='line_1_37' title="bbox 172 1899 1243 1943; baseline -0.002 -10"><span class='ocrx_word' id='word_1_264' title='bbox 172 1900 338 1943; x_wconf 88' lang='lat' dir='ltr'>Aquinatis</span> <span class='ocrx_word' id='word_1_265' title='bbox 361 1899 484 1930; x_wconf 87' lang='lat' dir='ltr'>nomini</span> <span class='ocrx_word' id='word_1_266' title='bbox 508 1899 711 1940; x_wconf 90' lang='lat' dir='ltr'>supponendi</span> <span class='ocrx_word' id='word_1_267' title='bbox 731 1899 897 1937; x_wconf 85' lang='lat' dir='ltr'>Catenam,</span> <span class='ocrx_word' id='word_1_268' title='bbox 917 1910 1017 1940; x_wconf 88' lang='lat' dir='ltr'>quarn</span> <span class='ocrx_word' id='word_1_269' title='bbox 1035 1900 1116 1931; x_wconf 87' lang='lat' dir='ltr'>alius</span> <span class='ocrx_word' id='word_1_270' title='bbox 1136 1900 1243 1931; x_wconf 89' lang='lat' dir='ltr'>confe-</span> 
     </span>
     <span class='ocr_line' id='line_1_38' title="bbox 175 1943 1244 1985; baseline -0.002 -8"><span class='ocrx_word' id='word_1_271' title='bbox 175 1953 264 1977; x_wconf 84' lang='lat' dir='ltr'>cerat.</span> <span class='ocrx_word' id='word_1_272' title='bbox 281 1947 331 1976; x_wconf 87' lang='lat' dir='ltr'>An</span> <span class='ocrx_word' id='word_1_273' title='bbox 346 1944 439 1984; x_wconf 88' lang='lat' dir='ltr'>igitur</span> <span class='ocrx_word' id='word_1_274' title='bbox 453 1945 575 1975; x_wconf 91' lang='lat' dir='ltr'>codices</span> <span class='ocrx_word' id='word_1_275' title='bbox 595 1943 839 1984; x_wconf 86' lang='lat' dir='ltr'>manuscriptos,</span> <span class='ocrx_word' id='word_1_276' title='bbox 855 1944 910 1985; x_wconf 90' lang='lat' dir='ltr'>qui</span> <span class='ocrx_word' id='word_1_277' title='bbox 926 1944 1107 1975; x_wconf 85' lang='lat' dir='ltr'>Carbonelli</span> <span class='ocrx_word' id='word_1_278' title='bbox 1123 1955 1244 1975; x_wconf 91' lang='lat' dir='ltr'>nomen</span> 
     </span>
     <span class='ocr_line' id='line_1_39' title="bbox 175 1988 1243 2031; baseline -0.001 -10"><span class='ocrx_word' id='word_1_279' title='bbox 175 1996 394 2031; x_wconf 87' lang='lat' dir='ltr'>praenotatum</span> <span class='ocrx_word' id='word_1_280' title='bbox 426 1988 598 2027; x_wconf 89' lang='lat' dir='ltr'>habebant,</span> <span class='ocrx_word' id='word_1_281' title='bbox 623 1988 875 2028; x_wconf 85' lang='lat' dir='ltr'>comparaverint</span> <span class='ocrx_word' id='word_1_282' title='bbox 898 1996 1052 2020; x_wconf 86' lang='lat' dir='ltr'>nostrates</span> <span class='ocrx_word' id='word_1_283' title='bbox 1077 1999 1112 2020; x_wconf 86' lang='lat' dir='ltr'>ac</span> <span class='ocrx_word' id='word_1_284' title='bbox 1136 1999 1243 2030; x_wconf 89' lang='lat' dir='ltr'>posse-</span> 
     </span>
     <span class='ocr_line' id='line_1_40' title="bbox 175 2033 1244 2075; baseline -0.001 -9"><span class='ocrx_word' id='word_1_285' title='bbox 175 2035 275 2066; x_wconf 91' lang='lat' dir='ltr'>derint</span> <span class='ocrx_word' id='word_1_286' title='bbox 298 2043 425 2071; x_wconf 90' lang='lat' dir='ltr'>omnes,</span> <span class='ocrx_word' id='word_1_287' title='bbox 451 2039 485 2063; x_wconf 94' lang='lat' dir='ltr'>ut</span> <span class='ocrx_word' id='word_1_288' title='bbox 508 2043 574 2064; x_wconf 91' lang='lat' dir='ltr'>uno</span> <span class='ocrx_word' id='word_1_289' title='bbox 598 2033 648 2063; x_wconf 88' lang='lat' dir='ltr'>vel</span> <span class='ocrx_word' id='word_1_290' title='bbox 678 2033 776 2064; x_wconf 87' lang='lat' dir='ltr'>altero</span> <span class='ocrx_word' id='word_1_291' title='bbox 809 2040 958 2074; x_wconf 84' lang='lat' dir='ltr'>excepto,</span> <span class='ocrx_word' id='word_1_292' title='bbox 983 2034 1100 2075; x_wconf 91' lang='lat' dir='ltr'>quibus</span> <span class='ocrx_word' id='word_1_293' title='bbox 1123 2044 1244 2065; x_wconf 91' lang='lat' dir='ltr'>nomen</span> 
     </span>
     <span class='ocr_line' id='line_1_41' title="bbox 174 2077 1243 2119; baseline 0 -9"><span class='ocrx_word' id='word_1_294' title='bbox 174 2080 319 2110; x_wconf 93' lang='lat' dir='ltr'>Thomae</span> <span class='ocrx_word' id='word_1_295' title='bbox 343 2077 578 2116; x_wconf 90' lang='lat' dir='ltr'>inscriberetur,</span> <span class='ocrx_word' id='word_1_296' title='bbox 610 2077 750 2119; x_wconf 89' lang='lat' dir='ltr'>reliquos</span> <span class='ocrx_word' id='word_1_297' title='bbox 774 2078 976 2109; x_wconf 89' lang='lat' dir='ltr'>absumerent</span> <span class='ocrx_word' id='word_1_298' title='bbox 999 2078 1071 2119; x_wconf 88' lang='lat' dir='ltr'>igne</span> <span class='ocrx_word' id='word_1_299' title='bbox 1102 2085 1157 2110; x_wconf 89' lang='lat' dir='ltr'>aut</span> <span class='ocrx_word' id='word_1_300' title='bbox 1180 2079 1243 2110; x_wconf 88' lang='lat' dir='ltr'>alio</span> 
     </span>
     <span class='ocr_line' id='line_1_42' title="bbox 175 2122 1243 2165; baseline 0 -11"><span class='ocrx_word' id='word_1_301' title='bbox 175 2127 379 2165; x_wconf 85' lang='lat' dir='ltr'>quocumque</span> <span class='ocrx_word' id='word_1_302' title='bbox 410 2123 507 2152; x_wconf 89' lang='lat' dir='ltr'>modo</span> <span class='ocrx_word' id='word_1_303' title='bbox 532 2123 716 2163; x_wconf 83' lang='lat' dir='ltr'>perderent,</span> <span class='ocrx_word' id='word_1_304' title='bbox 741 2122 819 2163; x_wconf 91' lang='lat' dir='ltr'>quin</span> <span class='ocrx_word' id='word_1_305' title='bbox 844 2123 941 2164; x_wconf 86' lang='lat' dir='ltr'>aliqui</span> <span class='ocrx_word' id='word_1_306' title='bbox 965 2123 1068 2154; x_wconf 89' lang='lat' dir='ltr'>bonae</span> <span class='ocrx_word' id='word_1_307' title='bbox 1093 2130 1187 2154; x_wconf 88' lang='lat' dir='ltr'>notae</span> <span class='ocrx_word' id='word_1_308' title='bbox 1211 2123 1243 2154; x_wconf 91' lang='lat' dir='ltr'>in</span> 
     </span>
     <span class='ocr_line' id='line_1_43' title="bbox 174 2167 1244 2208; baseline 0.001 -10"><span class='ocrx_word' id='word_1_309' title='bbox 174 2168 315 2199; x_wconf 91' lang='lat' dir='ltr'>medium</span> <span class='ocrx_word' id='word_1_310' title='bbox 329 2167 499 2207; x_wconf 87' lang='lat' dir='ltr'>aliquando</span> <span class='ocrx_word' id='word_1_311' title='bbox 515 2167 646 2207; x_wconf 88' lang='lat' dir='ltr'>proferri</span> <span class='ocrx_word' id='word_1_312' title='bbox 661 2174 802 2207; x_wconf 90' lang='lat' dir='ltr'>possent,</span> <span class='ocrx_word' id='word_1_313' title='bbox 818 2168 908 2208; x_wconf 89' lang='lat' dir='ltr'>queis</span> <span class='ocrx_word' id='word_1_314' title='bbox 923 2168 1063 2198; x_wconf 91' lang='lat' dir='ltr'>enormis</span> <span class='ocrx_word' id='word_1_315' title='bbox 1082 2167 1244 2208; x_wconf 88' lang='lat' dir='ltr'>patefieret</span> 
     </span>
     <span class='ocr_line' id='line_1_44' title="bbox 174 2209 1243 2253; baseline 0 -10"><span class='ocrx_word' id='word_1_316' title='bbox 174 2209 367 2253; x_wconf 87' lang='lat' dir='ltr'>impostura?</span> <span class='ocrx_word' id='word_1_317' title='bbox 390 2213 441 2243; x_wconf 92' lang='lat' dir='ltr'>An</span> <span class='ocrx_word' id='word_1_318' title='bbox 460 2212 578 2252; x_wconf 78' lang='lat' dir='ltr'>potiuS,</span> <span class='ocrx_word' id='word_1_319' title='bbox 599 2212 710 2242; x_wconf 87' lang='lat' dir='ltr'>abraso</span> <span class='ocrx_word' id='word_1_320' title='bbox 729 2212 792 2242; x_wconf 88' lang='lat' dir='ltr'>veri</span> <span class='ocrx_word' id='word_1_321' title='bbox 814 2212 951 2243; x_wconf 90' lang='lat' dir='ltr'>auctoris</span> <span class='ocrx_word' id='word_1_322' title='bbox 971 2212 1114 2250; x_wconf 89' lang='lat' dir='ltr'>nomine,</span> <span class='ocrx_word' id='word_1_323' title='bbox 1130 2222 1243 2244; x_wconf 90' lang='lat' dir='ltr'>omnes</span> 
     </span>
     <span class='ocr_line' id='line_1_45' title="bbox 173 2255 1242 2297; baseline 0 -9"><span class='ocrx_word' id='word_1_324' title='bbox 173 2257 282 2288; x_wconf 86' lang='lat' dir='ltr'>falsare</span> <span class='ocrx_word' id='word_1_325' title='bbox 305 2255 428 2287; x_wconf 92' lang='lat' dir='ltr'>codices</span> <span class='ocrx_word' id='word_1_326' title='bbox 447 2257 626 2297; x_wconf 89' lang='lat' dir='ltr'>potuerint,</span> <span class='ocrx_word' id='word_1_327' title='bbox 646 2263 809 2297; x_wconf 92' lang='lat' dir='ltr'>quotquot</span> <span class='ocrx_word' id='word_1_328' title='bbox 828 2256 962 2297; x_wconf 88' lang='lat' dir='ltr'>publicis</span> <span class='ocrx_word' id='word_1_329' title='bbox 985 2257 1018 2287; x_wconf 91' lang='lat' dir='ltr'>in</span> <span class='ocrx_word' id='word_1_330' title='bbox 1045 2257 1242 2288; x_wconf 87' lang='lat' dir='ltr'>bibliothecis</span> 
     </span>
     <span class='ocr_line' id='line_1_46' title="bbox 173 2301 1242 2342; baseline 0.001 -10"><span class='ocrx_word' id='word_1_331' title='bbox 173 2301 362 2342; x_wconf 88' lang='lat' dir='ltr'>privatisque</span> <span class='ocrx_word' id='word_1_332' title='bbox 382 2302 415 2333; x_wconf 93' lang='lat' dir='ltr'>in</span> <span class='ocrx_word' id='word_1_333' title='bbox 434 2301 552 2332; x_wconf 87' lang='lat' dir='ltr'>scriniis</span> <span class='ocrx_word' id='word_1_334' title='bbox 572 2302 743 2340; x_wconf 81' lang='lat' dir='ltr'>exstabant,</span> <span class='ocrx_word' id='word_1_335' title='bbox 759 2301 837 2342; x_wconf 91' lang='lat' dir='ltr'>quin</span> <span class='ocrx_word' id='word_1_336' title='bbox 853 2301 1101 2332; x_wconf 83' lang='lat' dir='ltr'>audacissimum</span> <span class='ocrx_word' id='word_1_337' title='bbox 1120 2302 1242 2333; x_wconf 87' lang='lat' dir='ltr'>facinus</span> 
     </span>
     <span class='ocr_line' id='line_1_47' title="bbox 173 2343 1242 2388; baseline 0.002 -12"><span class='ocrx_word' id='word_1_338' title='bbox 173 2346 303 2387; x_wconf 89' lang='lat' dir='ltr'>proferri</span> <span class='ocrx_word' id='word_1_339' title='bbox 326 2346 358 2376; x_wconf 89' lang='lat' dir='ltr'>in</span> <span class='ocrx_word' id='word_1_340' title='bbox 382 2347 485 2377; x_wconf 89' lang='lat' dir='ltr'>lucem</span> <span class='ocrx_word' id='word_1_341' title='bbox 500 2346 532 2376; x_wconf 92' lang='lat' dir='ltr'>in</span> <span class='ocrx_word' id='word_1_342' title='bbox 556 2352 720 2386; x_wconf 89' lang='lat' dir='ltr'>posterum</span> <span class='ocrx_word' id='word_1_343' title='bbox 739 2343 866 2386; x_wconf 84' lang='lat' dir='ltr'>posset?</span> <span class='ocrx_word' id='word_1_344' title='bbox 890 2346 952 2376; x_wconf 90' lang='lat' dir='ltr'>Sed</span> <span class='ocrx_word' id='word_1_345' title='bbox 975 2346 1052 2377; x_wconf 88' lang='lat' dir='ltr'>haec</span> <span class='ocrx_word' id='word_1_346' title='bbox 1077 2347 1242 2388; x_wconf 88' lang='lat' dir='ltr'>concipere</span> 
     </span>
     <span class='ocr_line' id='line_1_48' title="bbox 174 2390 1242 2431; baseline 0.001 -10"><span class='ocrx_word' id='word_1_347' title='bbox 174 2391 284 2421; x_wconf 88' lang='lat' dir='ltr'>insano</span> <span class='ocrx_word' id='word_1_348' title='bbox 309 2391 400 2431; x_wconf 90' lang='lat' dir='ltr'>capiti</span> <span class='ocrx_word' id='word_1_349' title='bbox 420 2391 499 2421; x_wconf 91' lang='lat' dir='ltr'>licet.</span> <span class='ocrx_word' id='word_1_350' title='bbox 524 2390 614 2421; x_wconf 91' lang='lat' dir='ltr'>Adeo</span> <span class='ocrx_word' id='word_1_351' title='bbox 635 2400 674 2420; x_wconf 90' lang='lat' dir='ltr'>ne</span> <span class='ocrx_word' id='word_1_352' title='bbox 692 2390 835 2430; x_wconf 87' lang='lat' dir='ltr'>linguam</span> <span class='ocrx_word' id='word_1_353' title='bbox 854 2397 885 2421; x_wconf 90' lang='lat' dir='ltr'>et</span> <span class='ocrx_word' id='word_1_354' title='bbox 904 2390 1063 2422; x_wconf 85' lang='lat' dir='ltr'>calamum</span> <span class='ocrx_word' id='word_1_355' title='bbox 1083 2391 1242 2422; x_wconf 90' lang='lat' dir='ltr'>cohibuis-</span> 
     </span>
     <span class='ocr_line' id='line_1_49' title="bbox 175 2435 1242 2476; baseline 0.002 -11"><span class='ocrx_word' id='word_1_356' title='bbox 175 2441 244 2466; x_wconf 88' lang='lat' dir='ltr'>sent</span> <span class='ocrx_word' id='word_1_357' title='bbox 266 2435 372 2466; x_wconf 85' lang='lat' dir='ltr'>fratres</span> <span class='ocrx_word' id='word_1_358' title='bbox 391 2435 539 2472; x_wconf 81' lang='lat' dir='ltr'>Minores,</span> <span class='ocrx_word' id='word_1_359' title='bbox 560 2441 595 2465; x_wconf 90' lang='lat' dir='ltr'>ut</span> <span class='ocrx_word' id='word_1_360' title='bbox 613 2441 678 2466; x_wconf 90' lang='lat' dir='ltr'>tam</span> <span class='ocrx_word' id='word_1_361' title='bbox 699 2445 791 2475; x_wconf 87' lang='lat' dir='ltr'>grave</span> <span class='ocrx_word' id='word_1_362' title='bbox 811 2435 933 2466; x_wconf 90' lang='lat' dir='ltr'>furtum</span> <span class='ocrx_word' id='word_1_363' title='bbox 952 2435 1001 2466; x_wconf 92' lang='lat' dir='ltr'>vel</span> <span class='ocrx_word' id='word_1_364' title='bbox 1020 2435 1242 2476; x_wconf 87' lang='lat' dir='ltr'>impudentem</span> 
     </span>
     <span class='ocr_line' id='line_1_50' title="bbox 174 2478 1241 2520; baseline 0.003 -11"><span class='ocrx_word' id='word_1_365' title='bbox 174 2479 327 2520; x_wconf 86' lang='lat' dir='ltr'>rapinam,</span> <span class='ocrx_word' id='word_1_366' title='bbox 351 2480 473 2510; x_wconf 86' lang='lat' dir='ltr'>silentio</span> <span class='ocrx_word' id='word_1_367' title='bbox 498 2478 555 2509; x_wconf 90' lang='lat' dir='ltr'>sibi</span> <span class='ocrx_word' id='word_1_368' title='bbox 578 2479 748 2520; x_wconf 81' lang='lat' dir='ltr'>imposito,</span> <span class='ocrx_word' id='word_1_369' title='bbox 773 2489 876 2520; x_wconf 90' lang='lat' dir='ltr'>aequo</span> <span class='ocrx_word' id='word_1_370' title='bbox 901 2479 1016 2511; x_wconf 90' lang='lat' dir='ltr'>ferrent</span> <span class='ocrx_word' id='word_1_371' title='bbox 1039 2480 1166 2519; x_wconf 85' lang='lat' dir='ltr'>animo;</span> <span class='ocrx_word' id='word_1_372' title='bbox 1191 2491 1241 2512; x_wconf 92' lang='lat' dir='ltr'>so—</span> 
     </span>
     <span class='ocr_line' id='line_1_51' title="bbox 176 2523 1242 2566; baseline 0.003 -12"><span class='ocrx_word' id='word_1_373' title='bbox 176 2523 300 2565; x_wconf 89' lang='lat' dir='ltr'>dalique</span> <span class='ocrx_word' id='word_1_374' title='bbox 320 2534 378 2555; x_wconf 90' lang='lat' dir='ltr'>suo</span> <span class='ocrx_word' id='word_1_375' title='bbox 394 2523 553 2564; x_wconf 88' lang='lat' dir='ltr'>egregium</span> <span class='ocrx_word' id='word_1_376' title='bbox 575 2534 668 2564; x_wconf 88' lang='lat' dir='ltr'>opus,</span> <span class='ocrx_word' id='word_1_377' title='bbox 680 2524 769 2565; x_wconf 94' lang='lat' dir='ltr'>quod</span> <span class='ocrx_word' id='word_1_378' title='bbox 788 2524 868 2555; x_wconf 83' lang='lat' dir='ltr'>falso</span> <span class='ocrx_word' id='word_1_379' title='bbox 883 2525 1034 2565; x_wconf 88' lang='lat' dir='ltr'>Aquinati</span> <span class='ocrx_word' id='word_1_380' title='bbox 1054 2525 1242 2566; x_wconf 91' lang='lat' dir='ltr'>inscriptum</span> 
     </span>
     <span class='ocr_line' id='line_1_52' title="bbox 176 2566 829 2609; baseline 0.002 -11"><span class='ocrx_word' id='word_1_381' title='bbox 176 2579 269 2599; x_wconf 91' lang='lat' dir='ltr'>nosse</span> <span class='ocrx_word' id='word_1_382' title='bbox 293 2575 446 2609; x_wconf 89' lang='lat' dir='ltr'>poterant,</span> <span class='ocrx_word' id='word_1_383' title='bbox 470 2567 624 2599; x_wconf 90' lang='lat' dir='ltr'>vindicare</span> <span class='ocrx_word' id='word_1_384' title='bbox 648 2566 829 2599; x_wconf 91' lang='lat' dir='ltr'>noluerint?</span> 
     </span>
    </p>

    <p class='ocr_par' dir='ltr' id='par_1_4' title="bbox 167 2612 1244 3229">
     <span class='ocr_line' id='line_1_53' title="bbox 243 2612 1241 2655; baseline 0.002 -12"><span class='ocrx_word' id='word_1_385' title='bbox 243 2613 279 2643; x_wconf 92' lang='lat'>11.</span> <span class='ocrx_word' id='word_1_386' title='bbox 301 2612 454 2644; x_wconf 88' lang='lat' dir='ltr'>Codicem</span> <span class='ocrx_word' id='word_1_387' title='bbox 475 2613 777 2644; x_wconf 86' lang='lat' dir='ltr'>Corsendoncanum</span> <span class='ocrx_word' id='word_1_388' title='bbox 798 2613 948 2654; x_wconf 90' lang='lat' dir='ltr'>opponis,</span> <span class='ocrx_word' id='word_1_389' title='bbox 965 2624 1063 2655; x_wconf 91' lang='lat' dir='ltr'>quem</span> <span class='ocrx_word' id='word_1_390' title='bbox 1081 2614 1176 2655; x_wconf 83' lang='lat' dir='ltr'>longe</span> <span class='ocrx_word' id='word_1_391' title='bbox 1195 2615 1241 2645; x_wconf 93' lang='lat' dir='ltr'>di-</span> 
     </span>
     <span class='ocr_line' id='line_1_54' title="bbox 175 2657 1241 2700; baseline 0.003 -13"><span class='ocrx_word' id='word_1_392' title='bbox 175 2667 301 2688; x_wconf 90' lang='lat' dir='ltr'>versum</span> <span class='ocrx_word' id='word_1_393' title='bbox 325 2658 363 2688; x_wconf 90' lang='lat' dir='ltr'>ab</span> <span class='ocrx_word' id='word_1_394' title='bbox 387 2657 476 2688; x_wconf 87' lang='lat' dir='ltr'>editis</span> <span class='ocrx_word' id='word_1_395' title='bbox 499 2658 659 2688; x_wconf 83' lang='lat' dir='ltr'>attestaris.</span> <span class='ocrx_word' id='word_1_396' title='bbox 685 2657 752 2689; x_wconf 92' lang='lat' dir='ltr'>Cur</span> <span class='ocrx_word' id='word_1_397' title='bbox 770 2667 845 2688; x_wconf 85' lang='lat' dir='ltr'>vero</span> <span class='ocrx_word' id='word_1_398' title='bbox 866 2657 1011 2689; x_wconf 89' lang='lat' dir='ltr'>codicem</span> <span class='ocrx_word' id='word_1_399' title='bbox 1029 2669 1133 2689; x_wconf 90' lang='lat' dir='ltr'>unum</span> <span class='ocrx_word' id='word_1_400' title='bbox 1152 2669 1241 2700; x_wconf 87' lang='lat' dir='ltr'>prae-</span> 
     </span>
     <span class='ocr_line' id='line_1_55' title="bbox 175 2701 1241 2743; baseline 0.002 -11"><span class='ocrx_word' id='word_1_401' title='bbox 175 2701 254 2732; x_wconf 84' lang='lat' dir='ltr'>feras</span> <span class='ocrx_word' id='word_1_402' title='bbox 277 2708 325 2732; x_wconf 90' lang='lat' dir='ltr'>tot</span> <span class='ocrx_word' id='word_1_403' title='bbox 347 2701 431 2739; x_wconf 90' lang='lat' dir='ltr'>aliis,</span> <span class='ocrx_word' id='word_1_404' title='bbox 456 2711 538 2743; x_wconf 92' lang='lat' dir='ltr'>quos</span> <span class='ocrx_word' id='word_1_405' title='bbox 568 2702 816 2733; x_wconf 88' lang='lat' dir='ltr'>memoravimus</span> <span class='ocrx_word' id='word_1_406' title='bbox 841 2709 915 2742; x_wconf 90' lang='lat' dir='ltr'>post</span> <span class='ocrx_word' id='word_1_407' title='bbox 936 2701 1141 2734; x_wconf 87' lang='lat' dir='ltr'>Echardum?</span> <span class='ocrx_word' id='word_1_408' title='bbox 1164 2703 1241 2734; x_wconf 86' lang='lat' dir='ltr'>Ani-</span> 
     </span>
     <span class='ocr_line' id='line_1_56' title="bbox 175 2746 1242 2786; baseline 0.002 -10"><span class='ocrx_word' id='word_1_409' title='bbox 175 2746 332 2776; x_wconf 89' lang='lat' dir='ltr'>madverte</span> <span class='ocrx_word' id='word_1_410' title='bbox 363 2746 514 2786; x_wconf 88' lang='lat' dir='ltr'>scriptum</span> <span class='ocrx_word' id='word_1_411' title='bbox 547 2756 643 2777; x_wconf 88' lang='lat' dir='ltr'>manu</span> <span class='ocrx_word' id='word_1_412' title='bbox 669 2747 812 2778; x_wconf 89' lang='lat' dir='ltr'>codicem</span> <span class='ocrx_word' id='word_1_413' title='bbox 835 2747 927 2778; x_wconf 90' lang='lat' dir='ltr'>illum</span> <span class='ocrx_word' id='word_1_414' title='bbox 958 2747 1018 2778; x_wconf 90' lang='lat' dir='ltr'>dici</span> <span class='ocrx_word' id='word_1_415' title='bbox 1041 2757 1129 2778; x_wconf 88' lang='lat' dir='ltr'>anno</span> <span class='ocrx_word' id='word_1_416' title='bbox 1160 2748 1242 2785; x_wconf 79' lang='lat'><em>1431</em></span> 
     </span>
     <span class='ocr_line' id='line_1_57' title="bbox 167 2790 1240 2832; baseline 0.003 -12"><span class='ocrx_word' id='word_1_417' title='bbox 167 2800 230 2830; x_wconf 84' lang='lat' dir='ltr'>per</span> <span class='ocrx_word' id='word_1_418' title='bbox 245 2790 389 2831; x_wconf 87' lang='lat' dir='ltr'>fratrem</span> <span class='ocrx_word' id='word_1_419' title='bbox 420 2790 592 2821; x_wconf 74' lang='lat' dir='ltr'>Walter-um</span> <span class='ocrx_word' id='word_1_420' title='bbox 623 2791 731 2822; x_wconf 86' lang='lat' dir='ltr'>Vande</span> <span class='ocrx_word' id='word_1_421' title='bbox 760 2791 855 2829; x_wconf 88' lang='lat' dir='ltr'>Vliet,</span> <span class='ocrx_word' id='word_1_422' title='bbox 888 2792 1064 2832; x_wconf 82' lang='lat' dir='ltr'>regularem</span> <span class='ocrx_word' id='word_1_423' title='bbox 1087 2792 1155 2823; x_wconf 90' lang='lat' dir='ltr'>eius</span> <span class='ocrx_word' id='word_1_424' title='bbox 1178 2792 1240 2823; x_wconf 88' lang='lat' dir='ltr'>loci</span> 
     </span>
     <span class='ocr_line' id='line_1_58' title="bbox 174 2834 1241 2875; baseline 0.002 -10"><span class='ocrx_word' id='word_1_425' title='bbox 174 2834 393 2865; x_wconf 86' lang='lat' dir='ltr'>Canonicum:</span> <span class='ocrx_word' id='word_1_426' title='bbox 427 2845 482 2865; x_wconf 93' lang='lat' dir='ltr'>cur</span> <span class='ocrx_word' id='word_1_427' title='bbox 514 2845 588 2875; x_wconf 86' lang='lat' dir='ltr'>ergo</span> <span class='ocrx_word' id='word_1_428' title='bbox 620 2835 745 2866; x_wconf 89' lang='lat' dir='ltr'>caeteris</span> <span class='ocrx_word' id='word_1_429' title='bbox 769 2837 849 2867; x_wconf 88' lang='lat' dir='ltr'>bene</span> <span class='ocrx_word' id='word_1_430' title='bbox 873 2836 982 2867; x_wconf 89' lang='lat' dir='ltr'>multis</span> <span class='ocrx_word' id='word_1_431' title='bbox 1006 2836 1150 2867; x_wconf 89' lang='lat' dir='ltr'>eiusdem</span> <span class='ocrx_word' id='word_1_432' title='bbox 1173 2837 1241 2868; x_wconf 86' lang='lat' dir='ltr'>aevi</span> 
     </span>
     <span class='ocr_line' id='line_1_59' title="bbox 174 2879 1242 2921; baseline 0.003 -12"><span class='ocrx_word' id='word_1_433' title='bbox 174 2879 322 2919; x_wconf 90' lang='lat' dir='ltr'>exemplis</span> <span class='ocrx_word' id='word_1_434' title='bbox 341 2889 376 2910; x_wconf 91' lang='lat' dir='ltr'>ac</span> <span class='ocrx_word' id='word_1_435' title='bbox 395 2889 473 2910; x_wconf 90' lang='lat' dir='ltr'>aevo</span> <span class='ocrx_word' id='word_1_436' title='bbox 493 2880 653 2920; x_wconf 85' lang='lat' dir='ltr'>superiore</span> <span class='ocrx_word' id='word_1_437' title='bbox 673 2880 802 2911; x_wconf 86' lang='lat' dir='ltr'>exaratis</span> <span class='ocrx_word' id='word_1_438' title='bbox 822 2881 1008 2921; x_wconf 88' lang='lat' dir='ltr'>praestiterit</span> <span class='ocrx_word' id='word_1_439' title='bbox 1022 2881 1108 2912; x_wconf 87' lang='lat' dir='ltr'>idem</span> <span class='ocrx_word' id='word_1_440' title='bbox 1123 2879 1242 2912; x_wconf 86' lang='lat' dir='ltr'>codex?</span> 
     </span>
     <span class='ocr_line' id='line_1_60' title="bbox 173 2923 1241 2966; baseline 0.004 -13"><span class='ocrx_word' id='word_1_441' title='bbox 173 2923 275 2954; x_wconf 89' lang='lat' dir='ltr'>Immo</span> <span class='ocrx_word' id='word_1_442' title='bbox 299 2933 373 2954; x_wconf 89' lang='lat' dir='ltr'>vero</span> <span class='ocrx_word' id='word_1_443' title='bbox 397 2924 434 2954; x_wconf 89' lang='lat' dir='ltr'>lis</span> <span class='ocrx_word' id='word_1_444' title='bbox 458 2924 594 2965; x_wconf 91' lang='lat' dir='ltr'>denique</span> <span class='ocrx_word' id='word_1_445' title='bbox 626 2924 731 2955; x_wconf 89' lang='lat' dir='ltr'>omnis</span> <span class='ocrx_word' id='word_1_446' title='bbox 762 2924 824 2955; x_wconf 86' lang='lat' dir='ltr'>fide</span> <span class='ocrx_word' id='word_1_447' title='bbox 848 2925 997 2966; x_wconf 83' lang='lat' dir='ltr'>praedicti</span> <span class='ocrx_word' id='word_1_448' title='bbox 1028 2925 1145 2957; x_wconf 90' lang='lat' dir='ltr'>codicis</span> <span class='ocrx_word' id='word_1_449' title='bbox 1169 2926 1241 2956; x_wconf 89' lang='lat' dir='ltr'>diri-</span> 
     </span>
     <span class='ocr_line' id='line_1_61' title="bbox 174 2968 1241 3009; baseline 0.004 -11"><span class='ocrx_word' id='word_1_450' title='bbox 174 2974 293 2998; x_wconf 81' lang='lat' dir='ltr'>matur:</span> <span class='ocrx_word' id='word_1_451' title='bbox 314 2968 470 3009; x_wconf 90' lang='lat' dir='ltr'>siquidem</span> <span class='ocrx_word' id='word_1_452' title='bbox 484 2968 517 2998; x_wconf 93' lang='lat' dir='ltr'>in</span> <span class='ocrx_word' id='word_1_453' title='bbox 540 2978 590 3006; x_wconf 88' lang='lat' dir='ltr'>eo,</span> <span class='ocrx_word' id='word_1_454' title='bbox 611 2968 780 2999; x_wconf 88' lang='lat' dir='ltr'>Canonicis</span> <span class='ocrx_word' id='word_1_455' title='bbox 800 2969 1077 3001; x_wconf 85' lang='lat' dir='ltr'>Corsendoncanis</span> <span class='ocrx_word' id='word_1_456' title='bbox 1099 2970 1241 3002; x_wconf 90' lang='lat' dir='ltr'>testimo-</span> 
     </span>
     <span class='ocr_line' id='line_1_62' title="bbox 175 3011 1242 3056; baseline 0.006 -15"><span class='ocrx_word' id='word_1_457' title='bbox 175 3011 266 3042; x_wconf 92' lang='lat' dir='ltr'>nium</span> <span class='ocrx_word' id='word_1_458' title='bbox 284 3012 517 3052; x_wconf 88' lang='lat' dir='ltr'>perhibentibus</span> <span class='ocrx_word' id='word_1_459' title='bbox 532 3013 617 3053; x_wconf 90' lang='lat' dir='ltr'>apud</span> <span class='ocrx_word' id='word_1_460' title='bbox 632 3013 823 3052; x_wconf 88' lang='lat' dir='ltr'>Echardum,</span> <span class='ocrx_word' id='word_1_461' title='bbox 838 3013 995 3054; x_wconf 90' lang='lat' dir='ltr'>ipsissima</span> <span class='ocrx_word' id='word_1_462' title='bbox 1008 3015 1123 3056; x_wconf 84' lang='lat' dir='ltr'>legitur</span> <span class='ocrx_word' id='word_1_463' title='bbox 1136 3015 1242 3055; x_wconf 84' lang='lat' dir='ltr'>Expo-</span> 
     </span>
     <span class='ocr_line' id='line_1_63' title="bbox 177 3055 1243 3101; baseline 0.006 -16"><span class='ocrx_word' id='word_1_464' title='bbox 177 3056 248 3086; x_wconf 90' lang='lat' dir='ltr'>sitio</span> <span class='ocrx_word' id='word_1_465' title='bbox 263 3055 295 3086; x_wconf 91' lang='lat' dir='ltr'>in</span> <span class='ocrx_word' id='word_1_466' title='bbox 309 3063 446 3096; x_wconf 89' lang='lat' dir='ltr'>quatuor</span> <span class='ocrx_word' id='word_1_467' title='bbox 459 3057 639 3097; x_wconf 85' lang='lat' dir='ltr'>Evangelia,</span> <span class='ocrx_word' id='word_1_468' title='bbox 650 3067 731 3099; x_wconf 89' lang='lat' dir='ltr'>quae</span> <span class='ocrx_word' id='word_1_469' title='bbox 745 3058 784 3088; x_wconf 88' lang='lat' dir='ltr'>ab</span> <span class='ocrx_word' id='word_1_470' title='bbox 801 3058 1000 3090; x_wconf 88' lang='lat' dir='ltr'>incunabulis</span> <span class='ocrx_word' id='word_1_471' title='bbox 1014 3060 1243 3101; x_wconf 81' lang='lat' dir='ltr'>typographiae</span> 
     </span>
     <span class='ocr_line' id='line_1_64' title="bbox 179 3100 1244 3145; baseline 0.006 -15"><span class='ocrx_word' id='word_1_472' title='bbox 179 3100 237 3130; x_wconf 91' lang='lat' dir='ltr'>sub</span> <span class='ocrx_word' id='word_1_473' title='bbox 269 3100 398 3130; x_wconf 90' lang='lat' dir='ltr'>nomine</span> <span class='ocrx_word' id='word_1_474' title='bbox 428 3101 574 3132; x_wconf 88' lang='lat' dir='ltr'>Thomae</span> <span class='ocrx_word' id='word_1_475' title='bbox 597 3102 764 3142; x_wconf 87' lang='lat' dir='ltr'>Aquinatis</span> <span class='ocrx_word' id='word_1_476' title='bbox 796 3103 932 3143; x_wconf 89' lang='lat' dir='ltr'>prodiit,</span> <span class='ocrx_word' id='word_1_477' title='bbox 963 3114 1084 3145; x_wconf 88' lang='lat' dir='ltr'>quaeve</span> <span class='ocrx_word' id='word_1_478' title='bbox 1112 3104 1146 3135; x_wconf 91' lang='lat' dir='ltr'>in</span> <span class='ocrx_word' id='word_1_479' title='bbox 1176 3104 1244 3135; x_wconf 84' lang='lat' dir='ltr'>aliis</span> 
     </span>
     <span class='ocr_line' id='line_1_65' title="bbox 179 3143 1243 3190; baseline 0.007 -17"><span class='ocrx_word' id='word_1_480' title='bbox 179 3143 339 3174; x_wconf 90' lang='lat' dir='ltr'>codicibus</span> <span class='ocrx_word' id='word_1_481' title='bbox 368 3145 497 3175; x_wconf 84' lang='lat' dir='ltr'>vetustis</span> <span class='ocrx_word' id='word_1_482' title='bbox 529 3152 558 3176; x_wconf 88' lang='lat' dir='ltr'>et</span> <span class='ocrx_word' id='word_1_483' title='bbox 588 3146 763 3177; x_wconf 89' lang='lat' dir='ltr'>recentibus</span> <span class='ocrx_word' id='word_1_484' title='bbox 800 3147 987 3179; x_wconf 88' lang='lat' dir='ltr'>continetur.</span> <span class='ocrx_word' id='word_1_485' title='bbox 1020 3149 1145 3180; x_wconf 83' lang='lat' dir='ltr'>Abeant</span> <span class='ocrx_word' id='word_1_486' title='bbox 1168 3158 1243 3190; x_wconf 85' lang='lat' dir='ltr'>ergo</span> 
     </span>
     <span class='ocr_line' id='line_1_66' title="bbox 180 3188 606 3229; baseline 0.005 -11"><span class='ocrx_word' id='word_1_487' title='bbox 180 3188 261 3218; x_wconf 91' lang='lat' dir='ltr'>Petri</span> <span class='ocrx_word' id='word_1_488' title='bbox 285 3188 324 3218; x_wconf 93' lang='lat' dir='ltr'>de</span> <span class='ocrx_word' id='word_1_489' title='bbox 346 3188 426 3218; x_wconf 84' lang='lat' dir='ltr'>Alva</span> <span class='ocrx_word' id='word_1_490' title='bbox 448 3188 606 3229; x_wconf 86' lang='lat' dir='ltr'>figmenta.</span> 
     </span>
    </p>

    <p class='ocr_par' dir='ltr' id='par_1_5' title="bbox 179 3231 1244 3317">
     <span class='ocr_line' id='line_1_67' title="bbox 246 3231 1244 3275; baseline 0.008 -14"><span class='ocrx_word' id='word_1_491' title='bbox 246 3231 399 3262; x_wconf 89' lang='lat' dir='ltr'>Codicem</span> <span class='ocrx_word' id='word_1_492' title='bbox 423 3233 543 3273; x_wconf 92' lang='lat' dir='ltr'>profers</span> <span class='ocrx_word' id='word_1_493' title='bbox 566 3233 598 3264; x_wconf 92' lang='lat' dir='ltr'>in</span> <span class='ocrx_word' id='word_1_494' title='bbox 622 3234 779 3265; x_wconf 84' lang='lat' dir='ltr'>Toletano</span> <span class='ocrx_word' id='word_1_495' title='bbox 804 3236 996 3266; x_wconf 89' lang='lat' dir='ltr'>monasterio</span> <span class='ocrx_word' id='word_1_496' title='bbox 1021 3244 1192 3275; x_wconf 86' lang='lat' dir='ltr'>servatum,</span> <span class='ocrx_word' id='word_1_497' title='bbox 1211 3237 1244 3268; x_wconf 92' lang='lat' dir='ltr'>in</span> 
     </span>
     <span class='ocr_line' id='line_1_68' title="bbox 179 3276 1244 3317; baseline 0.007 -11"><span class='ocrx_word' id='word_1_498' title='bbox 179 3286 245 3317; x_wconf 92' lang='lat' dir='ltr'>quo</span> <span class='ocrx_word' id='word_1_499' title='bbox 270 3276 379 3307; x_wconf 90' lang='lat' dir='ltr'>eadem</span> <span class='ocrx_word' id='word_1_500' title='bbox 403 3277 580 3308; x_wconf 90' lang='lat' dir='ltr'>continetur</span> <span class='ocrx_word' id='word_1_501' title='bbox 610 3278 667 3308; x_wconf 91' lang='lat' dir='ltr'>sub</span> <span class='ocrx_word' id='word_1_502' title='bbox 693 3279 822 3310; x_wconf 90' lang='lat' dir='ltr'>nomine</span> <span class='ocrx_word' id='word_1_503' title='bbox 850 3280 954 3311; x_wconf 89' lang='lat' dir='ltr'>Pontii</span> <span class='ocrx_word' id='word_1_504' title='bbox 979 3280 1160 3312; x_wconf 88' lang='lat' dir='ltr'>Carbonelli</span> <span class='ocrx_word' id='word_1_505' title='bbox 1183 3281 1244 3313; x_wconf 83' lang='lat' dir='ltr'>Ca-</span> 
     </span>
    </p>
   </div>
   <div class='ocr_carea' id='block_1_3' title="bbox 178 3321 1255 3367">
    <p class='ocr_par' dir='ltr' id='par_1_6' title="bbox 178 3321 1255 3367">
     <span class='ocr_line' id='line_1_69' title="bbox 178 3321 1255 3367; baseline 0.007 -17"><span class='ocrx_word' id='word_1_506' title='bbox 178 3327 266 3359; x_wconf 86' lang='lat' dir='ltr'>tena,</span> <span class='ocrx_word' id='word_1_507' title='bbox 290 3330 371 3362; x_wconf 88' lang='lat' dir='ltr'>quae</span> <span class='ocrx_word' id='word_1_508' title='bbox 402 3321 485 3362; x_wconf 87' lang='lat' dir='ltr'>typis</span> <span class='ocrx_word' id='word_1_509' title='bbox 515 3322 596 3353; x_wconf 91' lang='lat' dir='ltr'>edita</span> <span class='ocrx_word' id='word_1_510' title='bbox 627 3329 673 3353; x_wconf 94' lang='lat' dir='ltr'>est</span> <span class='ocrx_word' id='word_1_511' title='bbox 696 3324 754 3353; x_wconf 92' lang='lat' dir='ltr'>sub</span> <span class='ocrx_word' id='word_1_512' title='bbox 778 3324 908 3354; x_wconf 89' lang='lat' dir='ltr'>nomine</span> <span class='ocrx_word' id='word_1_513' title='bbox 932 3324 1089 3357; x_wconf 87' lang='lat' dir='ltr'>Thomae.</span> <span class='ocrx_word' id='word_1_514' title='bbox 1120 3327 1255 3367; x_wconf 81' lang='lat' dir='ltr'>Nempe,</span> 
     </span>
    </p>
   </div>
   <div class='ocr_carea' id='block_1_4' title="bbox 179 3364 1246 3586">
    <p class='ocr_par' dir='ltr' id='par_1_7' title="bbox 179 3364 1246 3586">
     <span class='ocr_line' id='line_1_70' title="bbox 179 3364 1245 3411; baseline 0.007 -16"><span class='ocrx_word' id='word_1_515' title='bbox 179 3364 271 3405; x_wconf 90' lang='lat' dir='ltr'>Opus</span> <span class='ocrx_word' id='word_1_516' title='bbox 293 3365 372 3396; x_wconf 91' lang='lat' dir='ltr'>illud</span> <span class='ocrx_word' id='word_1_517' title='bbox 395 3365 474 3396; x_wconf 89' lang='lat' dir='ltr'>falso</span> <span class='ocrx_word' id='word_1_518' title='bbox 493 3365 679 3407; x_wconf 91' lang='lat' dir='ltr'>inscriptum</span> <span class='ocrx_word' id='word_1_519' title='bbox 704 3368 819 3398; x_wconf 90' lang='lat' dir='ltr'>Pontio</span> <span class='ocrx_word' id='word_1_520' title='bbox 845 3367 1037 3400; x_wconf 89' lang='lat' dir='ltr'>Carbonello</span> <span class='ocrx_word' id='word_1_521' title='bbox 1057 3371 1194 3411; x_wconf 86' lang='lat' dir='ltr'>probant</span> <span class='ocrx_word' id='word_1_522' title='bbox 1209 3380 1245 3401; x_wconf 81' lang='grc'>00</span> 
     </span>
     <span class='ocr_line' id='line_1_71' title="bbox 181 3409 1246 3451; baseline 0.007 -12"><span class='ocrx_word' id='word_1_523' title='bbox 181 3409 328 3440; x_wconf 87' lang='lat' dir='ltr'>evincunt</span> <span class='ocrx_word' id='word_1_524' title='bbox 350 3416 511 3451; x_wconf 91' lang='lat' dir='ltr'>quotquot</span> <span class='ocrx_word' id='word_1_525' title='bbox 533 3411 683 3442; x_wconf 85' lang='lat' dir='ltr'>hactenus</span> <span class='ocrx_word' id='word_1_526' title='bbox 707 3412 922 3444; x_wconf 88' lang='lat' dir='ltr'>disseruimus.</span> <span class='ocrx_word' id='word_1_527' title='bbox 952 3415 994 3444; x_wconf 85' lang='lat' dir='ltr'>At</span> <span class='ocrx_word' id='word_1_528' title='bbox 1017 3413 1246 3446; x_wconf 88' lang='lat' dir='ltr'>Carbonellum</span> 
     </span>
     <span class='ocr_line' id='line_1_72' title="bbox 180 3454 1245 3499; baseline 0.008 -16"><span class='ocrx_word' id='word_1_529' title='bbox 180 3463 270 3483; x_wconf 89' lang='lat' dir='ltr'>suam</span> <span class='ocrx_word' id='word_1_530' title='bbox 289 3454 495 3494; x_wconf 90' lang='lat' dir='ltr'>complevisse</span> <span class='ocrx_word' id='word_1_531' title='bbox 514 3455 744 3496; x_wconf 83' lang='lat' dir='ltr'>expositionem</span> <span class='ocrx_word' id='word_1_532' title='bbox 763 3457 795 3487; x_wconf 93' lang='lat' dir='ltr'>in</span> <span class='ocrx_word' id='word_1_533' title='bbox 815 3457 984 3498; x_wconf 87' lang='lat' dir='ltr'>Evangelia</span> <span class='ocrx_word' id='word_1_534' title='bbox 1003 3459 1142 3499; x_wconf 88' lang='lat' dir='ltr'>reponis,</span> <span class='ocrx_word' id='word_1_535' title='bbox 1160 3466 1245 3490; x_wconf 87' lang='lat' dir='ltr'>ante-</span> 
     </span>
     <span class='ocr_line' id='line_1_73' title="bbox 181 3498 1244 3545; baseline 0.008 -18"><span class='ocrx_word' id='word_1_536' title='bbox 181 3507 277 3537; x_wconf 90' lang='lat' dir='ltr'>quam</span> <span class='ocrx_word' id='word_1_537' title='bbox 307 3498 443 3530; x_wconf 87' lang='lat' dir='ltr'>Catenae</span> <span class='ocrx_word' id='word_1_538' title='bbox 473 3509 547 3530; x_wconf 85' lang='lat' dir='ltr'>suae</span> <span class='ocrx_word' id='word_1_539' title='bbox 578 3501 790 3532; x_wconf 84' lang='lat' dir='ltr'>contexendae</span> <span class='ocrx_word' id='word_1_540' title='bbox 821 3511 952 3542; x_wconf 86' lang='lat' dir='ltr'>operam</span> <span class='ocrx_word' id='word_1_541' title='bbox 981 3502 1068 3534; x_wconf 87' lang='lat' dir='ltr'>daret</span> <span class='ocrx_word' id='word_1_542' title='bbox 1091 3503 1244 3545; x_wconf 78' lang='lat' dir='ltr'>Aquinas.</span> 
     </span>
     <span class='ocr_line' id='line_1_74' title="bbox 181 3543 1245 3586; baseline 0.008 -15"><span class='ocrx_word' id='word_1_543' title='bbox 181 3543 374 3581; x_wconf 83' lang='lat' dir='ltr'>Argumenta</span> <span class='ocrx_word' id='word_1_544' title='bbox 398 3543 500 3574; x_wconf 88' lang='lat' dir='ltr'>forent</span> <span class='ocrx_word' id='word_1_545' title='bbox 529 3544 701 3583; x_wconf 82' lang='lat' dir='ltr'>afferenda,</span> <span class='ocrx_word' id='word_1_546' title='bbox 725 3545 815 3586; x_wconf 86' lang='lat' dir='ltr'>queis</span> <span class='ocrx_word' id='word_1_547' title='bbox 839 3546 1060 3578; x_wconf 84' lang='lat' dir='ltr'>elucubratum</span> <span class='ocrx_word' id='word_1_548' title='bbox 1083 3558 1101 3578; x_wconf 86' lang='grc'>0</span> <span class='ocrx_word' id='word_1_549' title='bbox 1125 3547 1245 3580; x_wconf 85' lang='lat' dir='ltr'>Carbo-</span> 
     </span>
    </p>
   </div>
   <div class='ocr_carea' id='block_1_5' title="bbox 986 3653 1005 3669">
    <p class='ocr_par' dir='ltr' id='par_1_8' title="bbox 986 3653 1005 3669">
     <span class='ocr_line' id='line_1_75' title="bbox 986 3653 1005 3669; baseline 0 0"><span class='ocrx_word' id='word_1_550' title='bbox 986 3653 1005 3669; x_wconf 51' lang='grc' dir='ltr'>ὁ</span> 
     </span>
    </p>
   </div>
   <div class='ocr_carea' id='block_1_6' title="bbox 917 262 1653 306">
    <p class='ocr_par' dir='ltr' id='par_1_9' title="bbox 917 262 1653 306">
     <span class='ocr_line' id='line_1_76' title="bbox 917 262 1653 306; baseline -0.012 0"><span class='ocrx_word' id='word_1_551' title='bbox 917 264 1374 306; x_wconf 89' lang='lat' dir='ltr'>DISSERTATIONES</span> <span class='ocrx_word' id='word_1_552' title='bbox 1405 262 1653 299; x_wconf 89' lang='lat' dir='ltr'>CRITICAE</span> 
     </span>
    </p>
   </div>
   <div class='ocr_carea' id='block_1_7' title="bbox 1297 338 2414 3580">
    <p class='ocr_par' dir='ltr' id='par_1_10' title="bbox 1305 338 2382 636">
     <span class='ocr_line' id='line_1_77' title="bbox 1306 338 2376 382; baseline 0.003 -10"><span class='ocrx_word' id='word_1_553' title='bbox 1306 342 1390 372; x_wconf 88' lang='lat' dir='ltr'>nello</span> <span class='ocrx_word' id='word_1_554' title='bbox 1415 340 1516 370; x_wconf 90' lang='lat' dir='ltr'>simile</span> <span class='ocrx_word' id='word_1_555' title='bbox 1540 350 1623 380; x_wconf 89' lang='lat' dir='ltr'>opus</span> <span class='ocrx_word' id='word_1_556' title='bbox 1647 339 1814 369; x_wconf 87' lang='lat' dir='ltr'>evinceres.</span> <span class='ocrx_word' id='word_1_557' title='bbox 1840 338 2036 370; x_wconf 88' lang='lat' dir='ltr'>Confectum</span> <span class='ocrx_word' id='word_1_558' title='bbox 2054 350 2130 371; x_wconf 89' lang='lat' dir='ltr'>vero</span> <span class='ocrx_word' id='word_1_559' title='bbox 2150 342 2188 372; x_wconf 87' lang='lat' dir='ltr'>ab</span> <span class='ocrx_word' id='word_1_560' title='bbox 2209 352 2247 373; x_wconf 92' lang='lat' dir='ltr'>eo</span> <span class='ocrx_word' id='word_1_561' title='bbox 2267 343 2376 382; x_wconf 89' lang='lat' dir='ltr'>fuerit;</span> 
     </span>
     <span class='ocr_line' id='line_1_78' title="bbox 1306 383 2381 426; baseline 0.002 -11"><span class='ocrx_word' id='word_1_562' title='bbox 1306 392 1337 416; x_wconf 90' lang='lat' dir='ltr'>at</span> <span class='ocrx_word' id='word_1_563' title='bbox 1360 395 1427 415; x_wconf 91' lang='lat' dir='ltr'>non</span> <span class='ocrx_word' id='word_1_564' title='bbox 1445 384 1535 422; x_wconf 92' lang='lat' dir='ltr'>illud,</span> <span class='ocrx_word' id='word_1_565' title='bbox 1551 384 1640 424; x_wconf 94' lang='lat' dir='ltr'>quod</span> <span class='ocrx_word' id='word_1_566' title='bbox 1659 383 1704 413; x_wconf 91' lang='lat' dir='ltr'>ais</span> <span class='ocrx_word' id='word_1_567' title='bbox 1718 383 1751 413; x_wconf 93' lang='lat' dir='ltr'>in</span> <span class='ocrx_word' id='word_1_568' title='bbox 1770 383 1935 414; x_wconf 90' lang='lat' dir='ltr'>volumine</span> <span class='ocrx_word' id='word_1_569' title='bbox 1953 384 2114 415; x_wconf 90' lang='lat' dir='ltr'>Toletano</span> <span class='ocrx_word' id='word_1_570' title='bbox 2133 393 2285 426; x_wconf 88' lang='lat' dir='ltr'>prostare;</span> <span class='ocrx_word' id='word_1_571' title='bbox 2305 398 2381 419; x_wconf 86' lang='lat' dir='ltr'>curn</span> 
     </span>
     <span class='ocr_line' id='line_1_79' title="bbox 1305 427 2381 474; baseline 0.005 -15"><span class='ocrx_word' id='word_1_572' title='bbox 1305 429 1390 459; x_wconf 92' lang='lat' dir='ltr'>istud</span> <span class='ocrx_word' id='word_1_573' title='bbox 1421 435 1451 458; x_wconf 89' lang='lat' dir='ltr'>et</span> <span class='ocrx_word' id='word_1_574' title='bbox 1481 434 1623 458; x_wconf 89' lang='lat' dir='ltr'>veterum</span> <span class='ocrx_word' id='word_1_575' title='bbox 1654 427 1847 467; x_wconf 88' lang='lat' dir='ltr'>scriptorum</span> <span class='ocrx_word' id='word_1_576' title='bbox 1879 429 2066 467; x_wconf 88' lang='lat' dir='ltr'>auctoritas,</span> <span class='ocrx_word' id='word_1_577' title='bbox 2099 437 2129 460; x_wconf 91' lang='lat' dir='ltr'>et</span> <span class='ocrx_word' id='word_1_578' title='bbox 2152 430 2302 462; x_wconf 91' lang='lat' dir='ltr'>codicum</span> <span class='ocrx_word' id='word_1_579' title='bbox 2325 434 2381 474; x_wconf 92' lang='lat' dir='ltr'>qui</span> 
     </span>
     <span class='ocr_line' id='line_1_80' title="bbox 1306 471 2380 517; baseline 0.005 -14"><span class='ocrx_word' id='word_1_580' title='bbox 1306 474 1453 503; x_wconf 89' lang='lat' dir='ltr'>Thomae</span> <span class='ocrx_word' id='word_1_581' title='bbox 1477 478 1575 502; x_wconf 88' lang='lat' dir='ltr'>aetate</span> <span class='ocrx_word' id='word_1_582' title='bbox 1600 482 1635 502; x_wconf 90' lang='lat' dir='ltr'>ac</span> <span class='ocrx_word' id='word_1_583' title='bbox 1659 471 1806 512; x_wconf 91' lang='lat' dir='ltr'>deinceps</span> <span class='ocrx_word' id='word_1_584' title='bbox 1831 473 1945 503; x_wconf 82' lang='lat' dir='ltr'>exarati</span> <span class='ocrx_word' id='word_1_585' title='bbox 1970 472 2100 505; x_wconf 85' lang='lat' dir='ltr'>fuerunt</span> <span class='ocrx_word' id='word_1_586' title='bbox 2118 474 2206 514; x_wconf 89' lang='lat' dir='ltr'>fides,</span> <span class='ocrx_word' id='word_1_587' title='bbox 2227 483 2258 506; x_wconf 92' lang='lat' dir='ltr'>et</span> <span class='ocrx_word' id='word_1_588' title='bbox 2280 476 2380 517; x_wconf 89' lang='lat' dir='ltr'>ipsius</span> 
     </span>
     <span class='ocr_line' id='line_1_81' title="bbox 1305 516 2382 556; baseline 0.005 -9"><span class='ocrx_word' id='word_1_589' title='bbox 1305 517 1452 547; x_wconf 89' lang='lat' dir='ltr'>Thomae</span> <span class='ocrx_word' id='word_1_590' title='bbox 1481 516 1716 556; x_wconf 89' lang='lat' dir='ltr'>amplissimum</span> <span class='ocrx_word' id='word_1_591' title='bbox 1746 516 1968 547; x_wconf 90' lang='lat' dir='ltr'>testimonium</span> <span class='ocrx_word' id='word_1_592' title='bbox 1999 528 2034 548; x_wconf 92' lang='lat' dir='ltr'>ac</span> <span class='ocrx_word' id='word_1_593' title='bbox 2061 519 2140 549; x_wconf 91' lang='lat' dir='ltr'>mira</span> <span class='ocrx_word' id='word_1_594' title='bbox 2173 522 2382 552; x_wconf 88' lang='lat' dir='ltr'>consonantia</span> 
     </span>
     <span class='ocr_line' id='line_1_82' title="bbox 1306 560 2381 603; baseline 0.007 -13"><span class='ocrx_word' id='word_1_595' title='bbox 1306 571 1380 591; x_wconf 91' lang='lat' dir='ltr'>cum</span> <span class='ocrx_word' id='word_1_596' title='bbox 1399 560 1514 600; x_wconf 89' lang='lat' dir='ltr'>regulis</span> <span class='ocrx_word' id='word_1_597' title='bbox 1533 560 1572 590; x_wconf 90' lang='lat' dir='ltr'>ab</span> <span class='ocrx_word' id='word_1_598' title='bbox 1593 561 1708 591; x_wconf 89' lang='lat' dir='ltr'>eodem</span> <span class='ocrx_word' id='word_1_599' title='bbox 1724 561 1855 591; x_wconf 85' lang='lat' dir='ltr'>Thoma</span> <span class='ocrx_word' id='word_1_600' title='bbox 1874 562 2064 602; x_wconf 86' lang='lat' dir='ltr'>constitutis,</span> <span class='ocrx_word' id='word_1_601' title='bbox 2084 564 2262 603; x_wconf 91' lang='lat' dir='ltr'>genuinum</span> <span class='ocrx_word' id='word_1_602' title='bbox 2281 566 2381 597; x_wconf 89' lang='lat' dir='ltr'>solius</span> 
     </span>
     <span class='ocr_line' id='line_1_83' title="bbox 1305 604 1852 636; baseline 0.002 -1"><span class='ocrx_word' id='word_1_603' title='bbox 1305 605 1452 635; x_wconf 90' lang='lat' dir='ltr'>Thomae</span> <span class='ocrx_word' id='word_1_604' title='bbox 1476 604 1600 635; x_wconf 89' lang='lat' dir='ltr'>foetum</span> <span class='ocrx_word' id='word_1_605' title='bbox 1624 605 1852 636; x_wconf 90' lang='lat' dir='ltr'>demonstrent.</span> 
     </span>
    </p>

    <p class='ocr_par' dir='ltr' id='par_1_11' title="bbox 1297 646 2414 2744">
     <span class='ocr_line' id='line_1_84' title="bbox 1372 646 2380 693; baseline 0.007 -15"><span class='ocrx_word' id='word_1_606' title='bbox 1372 646 1479 686; x_wconf 87' lang='lat' dir='ltr'>Quid?</span> <span class='ocrx_word' id='word_1_607' title='bbox 1498 650 1588 690; x_wconf 93' lang='lat' dir='ltr'>quod</span> <span class='ocrx_word' id='word_1_608' title='bbox 1602 649 1628 679; x_wconf 90' lang='lat' dir='ltr'>si</span> <span class='ocrx_word' id='word_1_609' title='bbox 1647 659 1712 690; x_wconf 87' lang='lat' dir='ltr'>qua</span> <span class='ocrx_word' id='word_1_610' title='bbox 1731 650 1864 681; x_wconf 89' lang='lat' dir='ltr'>demum</span> <span class='ocrx_word' id='word_1_611' title='bbox 1883 650 2004 682; x_wconf 83' lang='lat' dir='ltr'>Catena</span> <span class='ocrx_word' id='word_1_612' title='bbox 2023 651 2055 682; x_wconf 91' lang='lat' dir='ltr'>in</span> <span class='ocrx_word' id='word_1_613' title='bbox 2075 652 2248 693; x_wconf 86' lang='lat' dir='ltr'>Evangelia</span> <span class='ocrx_word' id='word_1_614' title='bbox 2266 664 2285 684; x_wconf 91' lang='lat' dir='ltr'>a</span> <span class='ocrx_word' id='word_1_615' title='bbox 2304 654 2380 685; x_wconf 88' lang='lat' dir='ltr'>Car-</span> 
     </span>
     <span class='ocr_line' id='line_1_85' title="bbox 1303 694 2381 738; baseline 0.006 -15"><span class='ocrx_word' id='word_1_616' title='bbox 1303 694 1432 724; x_wconf 92' lang='lat' dir='ltr'>bonello</span> <span class='ocrx_word' id='word_1_617' title='bbox 1456 700 1602 724; x_wconf 83' lang='lat' dir='ltr'>contexta</span> <span class='ocrx_word' id='word_1_618' title='bbox 1625 694 1729 734; x_wconf 85' lang='lat' dir='ltr'>fuen&#39;t,</span> <span class='ocrx_word' id='word_1_619' title='bbox 1750 705 1816 725; x_wconf 90' lang='lat' dir='ltr'>non</span> <span class='ocrx_word' id='word_1_620' title='bbox 1840 695 1907 736; x_wconf 92' lang='lat' dir='ltr'>ipse</span> <span class='ocrx_word' id='word_1_621' title='bbox 1927 694 1977 738; x_wconf 89' lang='lat' dir='ltr'>(ut</span> <span class='ocrx_word' id='word_1_622' title='bbox 1996 694 2054 738; x_wconf 89' lang='lat' dir='ltr'>ais)</span> <span class='ocrx_word' id='word_1_623' title='bbox 2070 696 2229 737; x_wconf 90' lang='lat' dir='ltr'>Thomae,</span> <span class='ocrx_word' id='word_1_624' title='bbox 2250 699 2305 729; x_wconf 90' lang='lat' dir='ltr'>sed</span> <span class='ocrx_word' id='word_1_625' title='bbox 2323 699 2381 730; x_wconf 91' lang='lat' dir='ltr'>iste</span> 
     </span>
     <span class='ocr_line' id='line_1_86' title="bbox 1303 738 2380 784; baseline 0.006 -17"><span class='ocrx_word' id='word_1_626' title='bbox 1303 738 1496 769; x_wconf 89' lang='lat' dir='ltr'>Carbonello</span> <span class='ocrx_word' id='word_1_627' title='bbox 1516 738 1656 779; x_wconf 90' lang='lat' dir='ltr'>praeivit.</span> <span class='ocrx_word' id='word_1_628' title='bbox 1683 739 1782 776; x_wconf 86' lang='lat' dir='ltr'>Quod</span> <span class='ocrx_word' id='word_1_629' title='bbox 1800 739 1867 780; x_wconf 91' lang='lat' dir='ltr'>ipse</span> <span class='ocrx_word' id='word_1_630' title='bbox 1886 750 1992 771; x_wconf 84' lang='lat' dir='ltr'>narras</span> <span class='ocrx_word' id='word_1_631' title='bbox 2011 742 2160 780; x_wconf 79' lang='lat' dir='ltr'>adsumo,</span> <span class='ocrx_word' id='word_1_632' title='bbox 2180 752 2216 773; x_wconf 92' lang='lat' dir='ltr'>ac</span> <span class='ocrx_word' id='word_1_633' title='bbox 2235 743 2380 784; x_wconf 91' lang='lat' dir='ltr'>principii</span> 
     </span>
     <span class='ocr_line' id='line_1_87' title="bbox 1301 782 2380 825; baseline 0.006 -13"><span class='ocrx_word' id='word_1_634' title='bbox 1301 782 1375 812; x_wconf 92' lang='lat' dir='ltr'>loco</span> <span class='ocrx_word' id='word_1_635' title='bbox 1406 790 1531 813; x_wconf 86' lang='lat' dir='ltr'>statuo:</span> <span class='ocrx_word' id='word_1_636' title='bbox 1563 783 1681 814; x_wconf 92' lang='lat' dir='ltr'>laudati</span> <span class='ocrx_word' id='word_1_637' title='bbox 1712 783 1895 815; x_wconf 88' lang='lat' dir='ltr'>Carbonelli</span> <span class='ocrx_word' id='word_1_638' title='bbox 1925 795 2008 825; x_wconf 92' lang='lat' dir='ltr'>opus</span> <span class='ocrx_word' id='word_1_639' title='bbox 2040 786 2151 816; x_wconf 89' lang='lat' dir='ltr'>Ioanni</span> <span class='ocrx_word' id='word_1_640' title='bbox 2183 787 2380 819; x_wconf 88' lang='lat' dir='ltr'>Patriarchae</span> 
     </span>
     <span class='ocr_line' id='line_1_88' title="bbox 1302 825 2377 872; baseline 0.006 -15"><span class='ocrx_word' id='word_1_641' title='bbox 1302 826 1456 858; x_wconf 89' lang='lat' dir='ltr'>Gradensi</span> <span class='ocrx_word' id='word_1_642' title='bbox 1481 825 1592 868; x_wconf 86' lang='lat' dir='ltr'>(Juan</span> <span class='ocrx_word' id='word_1_643' title='bbox 1611 828 1784 859; x_wconf 85' lang='lat' dir='ltr'>Patriarca</span> <span class='ocrx_word' id='word_1_644' title='bbox 1805 828 1995 872; x_wconf 82' lang='lat' dir='ltr'>Gradense)</span> <span class='ocrx_word' id='word_1_645' title='bbox 2023 838 2246 871; x_wconf 86' lang='lat' dir='ltr'>nuncupatum</span> <span class='ocrx_word' id='word_1_646' title='bbox 2269 831 2377 863; x_wconf 88' lang='lat' dir='ltr'>fuisse.</span> 
     </span>
     <span class='ocr_line' id='line_1_89' title="bbox 1301 872 2379 913; baseline 0.005 -11"><span class='ocrx_word' id='word_1_647' title='bbox 1301 872 1401 912; x_wconf 88' lang='lat' dir='ltr'>Atqui</span> <span class='ocrx_word' id='word_1_648' title='bbox 1425 882 1500 903; x_wconf 88' lang='lat' dir='ltr'>vero</span> <span class='ocrx_word' id='word_1_649' title='bbox 1524 873 1611 912; x_wconf 84' lang='lat' dir='ltr'>apud</span> <span class='ocrx_word' id='word_1_650' title='bbox 1635 873 1808 913; x_wconf 90' lang='lat' dir='ltr'>Ughellum</span> <span class='ocrx_word' id='word_1_651' title='bbox 1827 873 1860 903; x_wconf 89' lang='lat' dir='ltr'>in</span> <span class='ocrx_word' id='word_1_652' title='bbox 1876 873 1953 904; x_wconf 92' lang='lat' dir='ltr'>serie</span> <span class='ocrx_word' id='word_1_653' title='bbox 1972 875 2224 906; x_wconf 88' lang='lat' dir='ltr'>Patriarcharum</span> <span class='ocrx_word' id='word_1_654' title='bbox 2238 876 2379 907; x_wconf 91' lang='lat' dir='ltr'>Graden—</span> 
     </span>
     <span class='ocr_line' id='line_1_90' title="bbox 1302 916 2379 961; baseline 0.006 -15"><span class='ocrx_word' id='word_1_655' title='bbox 1302 916 1386 946; x_wconf 88' lang='lat' dir='ltr'>sium</span> <span class='ocrx_word' id='word_1_656' title='bbox 1410 923 1441 947; x_wconf 92' lang='lat' dir='ltr'>et</span> <span class='ocrx_word' id='word_1_657' title='bbox 1464 918 1550 957; x_wconf 91' lang='lat' dir='ltr'>apud</span> <span class='ocrx_word' id='word_1_658' title='bbox 1574 917 1761 948; x_wconf 90' lang='lat' dir='ltr'>Dandulum</span> <span class='ocrx_word' id='word_1_659' title='bbox 1784 917 1818 948; x_wconf 92' lang='lat' dir='ltr'>in</span> <span class='ocrx_word' id='word_1_660' title='bbox 1837 918 2006 957; x_wconf 89' lang='lat' dir='ltr'>chronico,</span> <span class='ocrx_word' id='word_1_661' title='bbox 2028 919 2220 950; x_wconf 90' lang='lat' dir='ltr'>recensitum</span> <span class='ocrx_word' id='word_1_662' title='bbox 2242 921 2379 961; x_wconf 89' lang='lat' dir='ltr'>legimus</span> 
     </span>
     <span class='ocr_line' id='line_1_91' title="bbox 1301 961 2378 1003; baseline 0.005 -12"><span class='ocrx_word' id='word_1_663' title='bbox 1301 961 1457 992; x_wconf 88' lang='lat' dir='ltr'>Ioannem</span> <span class='ocrx_word' id='word_1_664' title='bbox 1483 962 1630 1003; x_wconf 82' lang='lat' dir='ltr'>Signale,</span> <span class='ocrx_word' id='word_1_665' title='bbox 1653 962 1704 992; x_wconf 88' lang='lat' dir='ltr'>vel</span> <span class='ocrx_word' id='word_1_666' title='bbox 1722 962 1858 1003; x_wconf 85' lang='lat' dir='ltr'>Signolo</span> <span class='ocrx_word' id='word_1_667' title='bbox 1877 963 2102 994; x_wconf 86' lang='lat' dir='ltr'>Patriarcham</span> <span class='ocrx_word' id='word_1_668' title='bbox 2121 964 2319 996; x_wconf 82' lang='lat' dir='ltr'>Gradensem</span> <span class='ocrx_word' id='word_1_669' title='bbox 2339 966 2378 996; x_wconf 85' lang='lat' dir='ltr'>ab</span> 
     </span>
     <span class='ocr_line' id='line_1_92' title="bbox 1302 1006 2379 1049; baseline 0.004 -13"><span class='ocrx_word' id='word_1_670' title='bbox 1302 1016 1387 1037; x_wconf 87' lang='lat' dir='ltr'>anno</span> <span class='ocrx_word' id='word_1_671' title='bbox 1413 1006 1494 1037; x_wconf 90' lang='lat'>1182</span> <span class='ocrx_word' id='word_1_672' title='bbox 1515 1014 1570 1038; x_wconf 90' lang='lat' dir='ltr'>aut</span> <span class='ocrx_word' id='word_1_673' title='bbox 1584 1007 1688 1038; x_wconf 89' lang='lat' dir='ltr'>verius</span> <span class='ocrx_word' id='word_1_674' title='bbox 1708 1007 1789 1038; x_wconf 90' lang='lat'>1186</span> <span class='ocrx_word' id='word_1_675' title='bbox 1811 1007 1852 1037; x_wconf 91' lang='lat' dir='ltr'>ad</span> <span class='ocrx_word' id='word_1_676' title='bbox 1870 1018 1992 1038; x_wconf 89' lang='lat' dir='ltr'>annum</span> <span class='ocrx_word' id='word_1_677' title='bbox 2012 1018 2114 1049; x_wconf 88' lang='lat' dir='ltr'>usque</span> <span class='ocrx_word' id='word_1_678' title='bbox 2140 1018 2222 1039; x_wconf 88' lang='lat'>1200</span> <span class='ocrx_word' id='word_1_679' title='bbox 2242 1009 2379 1048; x_wconf 88' lang='lat' dir='ltr'>circiter;</span> 
     </span>
     <span class='ocr_line' id='line_1_93' title="bbox 1301 1051 2378 1095; baseline 0.003 -14"><span class='ocrx_word' id='word_1_680' title='bbox 1301 1061 1400 1092; x_wconf 91' lang='lat' dir='ltr'>quem</span> <span class='ocrx_word' id='word_1_681' title='bbox 1424 1051 1497 1082; x_wconf 89' lang='lat' dir='ltr'>satis</span> <span class='ocrx_word' id='word_1_682' title='bbox 1521 1058 1568 1082; x_wconf 91' lang='lat' dir='ltr'>est</span> <span class='ocrx_word' id='word_1_683' title='bbox 1591 1062 1796 1090; x_wconf 88' lang='lat' dir='ltr'>memorasse,</span> <span class='ocrx_word' id='word_1_684' title='bbox 1821 1059 1933 1092; x_wconf 91' lang='lat' dir='ltr'>utpote</span> <span class='ocrx_word' id='word_1_685' title='bbox 1952 1052 2047 1093; x_wconf 89' lang='lat' dir='ltr'>longe</span> <span class='ocrx_word' id='word_1_686' title='bbox 2068 1053 2214 1083; x_wconf 91' lang='lat' dir='ltr'>dissitum</span> <span class='ocrx_word' id='word_1_687' title='bbox 2233 1060 2378 1095; x_wconf 88' lang='lat' dir='ltr'>tempore</span> 
     </span>
     <span class='ocr_line' id='line_1_94' title="bbox 1302 1097 2378 1138; baseline 0.003 -12"><span class='ocrx_word' id='word_1_688' title='bbox 1302 1107 1320 1126; x_wconf 88' lang='lat' dir='ltr'>a</span> <span class='ocrx_word' id='word_1_689' title='bbox 1343 1106 1375 1127; x_wconf 90' lang='lat' dir='ltr'>re</span> <span class='ocrx_word' id='word_1_690' title='bbox 1399 1106 1464 1138; x_wconf 86' lang='lat' dir='ltr'>qua</span> <span class='ocrx_word' id='word_1_691' title='bbox 1487 1097 1525 1127; x_wconf 92' lang='lat' dir='ltr'>de</span> <span class='ocrx_word' id='word_1_692' title='bbox 1550 1097 1683 1137; x_wconf 79' lang='lat' dir='ltr'>agimus,</span> <span class='ocrx_word' id='word_1_693' title='bbox 1709 1097 1798 1127; x_wconf 90' lang='lat' dir='ltr'>Alter</span> <span class='ocrx_word' id='word_1_694' title='bbox 1821 1097 1958 1128; x_wconf 89' lang='lat' dir='ltr'>occurrit</span> <span class='ocrx_word' id='word_1_695' title='bbox 1977 1097 2120 1128; x_wconf 90' lang='lat' dir='ltr'>eiusdem</span> <span class='ocrx_word' id='word_1_696' title='bbox 2143 1098 2302 1129; x_wconf 89' lang='lat' dir='ltr'>Ecclesiae</span> <span class='ocrx_word' id='word_1_697' title='bbox 2321 1099 2378 1129; x_wconf 89' lang='lat' dir='ltr'>Pa-</span> 
     </span>
     <span class='ocr_line' id='line_1_95' title="bbox 1301 1141 2377 1185; baseline 0.003 -14"><span class='ocrx_word' id='word_1_698' title='bbox 1301 1141 1434 1172; x_wconf 89' lang='lat' dir='ltr'>triarcha</span> <span class='ocrx_word' id='word_1_699' title='bbox 1448 1141 1823 1172; x_wconf 85' lang='lat' dir='ltr'>IoannesAnconitanus</span> <span class='ocrx_word' id='word_1_700' title='bbox 1836 1142 1875 1172; x_wconf 89' lang='lat' dir='ltr'>ab</span> <span class='ocrx_word' id='word_1_701' title='bbox 1891 1152 1976 1172; x_wconf 92' lang='lat' dir='ltr'>anno</span> <span class='ocrx_word' id='word_1_702' title='bbox 1993 1152 2074 1184; x_wconf 86' lang='grc'><strong>1272</strong></span> <span class='ocrx_word' id='word_1_703' title='bbox 2091 1142 2130 1172; x_wconf 91' lang='lat' dir='ltr'>ad</span> <span class='ocrx_word' id='word_1_704' title='bbox 2145 1152 2268 1173; x_wconf 89' lang='lat' dir='ltr'>annum</span> <span class='ocrx_word' id='word_1_705' title='bbox 2283 1153 2377 1185; x_wconf 87' lang='lat'>1279,</span> 
     </span>
     <span class='ocr_line' id='line_1_96' title="bbox 1300 1185 2378 1227; baseline 0.002 -11"><span class='ocrx_word' id='word_1_706' title='bbox 1300 1185 1442 1227; x_wconf 91' lang='lat' dir='ltr'>itemque</span> <span class='ocrx_word' id='word_1_707' title='bbox 1472 1186 1582 1217; x_wconf 90' lang='lat' dir='ltr'>tertius</span> <span class='ocrx_word' id='word_1_708' title='bbox 1613 1186 1754 1217; x_wconf 84' lang='lat' dir='ltr'>Ioannes</span> <span class='ocrx_word' id='word_1_709' title='bbox 1784 1186 1824 1217; x_wconf 89' lang='lat' dir='ltr'>de</span> <span class='ocrx_word' id='word_1_710' title='bbox 1853 1187 2030 1218; x_wconf 84' lang='lat' dir='ltr'>Zambottis</span> <span class='ocrx_word' id='word_1_711' title='bbox 2053 1187 2092 1217; x_wconf 90' lang='lat' dir='ltr'>ab</span> <span class='ocrx_word' id='word_1_712' title='bbox 2116 1197 2202 1217; x_wconf 87' lang='lat' dir='ltr'>anno</span> <span class='ocrx_word' id='word_1_713' title='bbox 2231 1189 2313 1227; x_wconf 88' lang='lat'>1406</span> <span class='ocrx_word' id='word_1_714' title='bbox 2339 1188 2378 1218; x_wconf 90' lang='lat' dir='ltr'>ad</span> 
     </span>
     <span class='ocr_line' id='line_1_97' title="bbox 1301 1230 2379 1272; baseline 0.003 -12"><span class='ocrx_word' id='word_1_715' title='bbox 1301 1240 1423 1261; x_wconf 89' lang='lat' dir='ltr'>annum</span> <span class='ocrx_word' id='word_1_716' title='bbox 1452 1231 1546 1271; x_wconf 93' lang='lat'>1408,</span> <span class='ocrx_word' id='word_1_717' title='bbox 1562 1241 1666 1272; x_wconf 91' lang='lat' dir='ltr'>neque</span> <span class='ocrx_word' id='word_1_718' title='bbox 1690 1230 1800 1269; x_wconf 87' lang='lat' dir='ltr'>alium,</span> <span class='ocrx_word' id='word_1_719' title='bbox 1821 1231 1952 1262; x_wconf 86' lang='lat' dir='ltr'>nomine</span> <span class='ocrx_word' id='word_1_720' title='bbox 1971 1231 2139 1269; x_wconf 84' lang='lat' dir='ltr'>Ioannem,</span> <span class='ocrx_word' id='word_1_721' title='bbox 2160 1231 2328 1263; x_wconf 86' lang='lat' dir='ltr'>Dandulus</span> <span class='ocrx_word' id='word_1_722' title='bbox 2347 1239 2379 1263; x_wconf 89' lang='lat' dir='ltr'>et</span> 
     </span>
     <span class='ocr_line' id='line_1_98' title="bbox 1302 1275 2378 1316; baseline 0.001 -10"><span class='ocrx_word' id='word_1_723' title='bbox 1302 1275 1455 1315; x_wconf 88' lang='lat' dir='ltr'>Ughellus</span> <span class='ocrx_word' id='word_1_724' title='bbox 1479 1282 1658 1313; x_wconf 89' lang='lat' dir='ltr'>numerant,</span> <span class='ocrx_word' id='word_1_725' title='bbox 1674 1275 1729 1316; x_wconf 91' lang='lat' dir='ltr'>qui</span> <span class='ocrx_word' id='word_1_726' title='bbox 1744 1275 1826 1306; x_wconf 87' lang='lat' dir='ltr'>intra</span> <span class='ocrx_word' id='word_1_727' title='bbox 1849 1276 2013 1306; x_wconf 89' lang='lat' dir='ltr'>saeculum</span> <span class='ocrx_word' id='word_1_728' title='bbox 2035 1276 2328 1307; x_wconf 88' lang='lat' dir='ltr'>tertiumdecimum</span> <span class='ocrx_word' id='word_1_729' title='bbox 2347 1283 2378 1307; x_wconf 93' lang='lat' dir='ltr'>et</span> 
     </span>
     <span class='ocr_line' id='line_1_99' title="bbox 1300 1319 2378 1361; baseline 0.002 -11"><span class='ocrx_word' id='word_1_730' title='bbox 1300 1319 1471 1361; x_wconf 90' lang='lat' dir='ltr'>insequens</span> <span class='ocrx_word' id='word_1_731' title='bbox 1486 1320 1682 1352; x_wconf 90' lang='lat' dir='ltr'>Gradensem</span> <span class='ocrx_word' id='word_1_732' title='bbox 1692 1320 1867 1351; x_wconf 85' lang='lat' dir='ltr'>Ecclesiam</span> <span class='ocrx_word' id='word_1_733' title='bbox 1877 1320 2118 1351; x_wconf 84' lang='lat' dir='ltr'>Patriarchalem</span> <span class='ocrx_word' id='word_1_734' title='bbox 2132 1321 2253 1352; x_wconf 88' lang='lat' dir='ltr'>rexerit.</span> <span class='ocrx_word' id='word_1_735' title='bbox 2270 1321 2378 1352; x_wconf 88' lang='lat' dir='ltr'>Fuerit</span> 
     </span>
     <span class='ocr_line' id='line_1_100' title="bbox 1301 1365 2379 1405; baseline 0.003 -11"><span class='ocrx_word' id='word_1_736' title='bbox 1301 1374 1376 1405; x_wconf 85' lang='lat' dir='ltr'>ergo</span> <span class='ocrx_word' id='word_1_737' title='bbox 1401 1365 1542 1397; x_wconf 82' lang='lat' dir='ltr'>Ioannes</span> <span class='ocrx_word' id='word_1_738' title='bbox 1571 1366 1814 1403; x_wconf 67' lang='lat' dir='ltr'>Anconssanus,</span> <span class='ocrx_word' id='word_1_739' title='bbox 1847 1365 1898 1396; x_wconf 91' lang='lat' dir='ltr'>cui</span> <span class='ocrx_word' id='word_1_740' title='bbox 1922 1365 2055 1396; x_wconf 88' lang='lat' dir='ltr'>Pontius</span> <span class='ocrx_word' id='word_1_741' title='bbox 2080 1365 2310 1405; x_wconf 87' lang='lat' dir='ltr'>Carbonellus,</span> <span class='ocrx_word' id='word_1_742' title='bbox 2342 1372 2379 1397; x_wconf 90' lang='lat' dir='ltr'>ut</span> 
     </span>
     <span class='ocr_line' id='line_1_101' title="bbox 1301 1409 2377 1451; baseline 0.001 -11"><span class='ocrx_word' id='word_1_743' title='bbox 1301 1409 1394 1440; x_wconf 88' lang='lat' dir='ltr'>Petro</span> <span class='ocrx_word' id='word_1_744' title='bbox 1419 1410 1457 1440; x_wconf 92' lang='lat' dir='ltr'>de</span> <span class='ocrx_word' id='word_1_745' title='bbox 1481 1410 1562 1441; x_wconf 86' lang='lat' dir='ltr'>Alva</span> <span class='ocrx_word' id='word_1_746' title='bbox 1585 1410 1819 1450; x_wconf 86' lang='lat' dir='ltr'>indulgeamus,</span> <span class='ocrx_word' id='word_1_747' title='bbox 1840 1420 1923 1450; x_wconf 91' lang='lat' dir='ltr'>opus</span> <span class='ocrx_word' id='word_1_748' title='bbox 1947 1420 2044 1441; x_wconf 91' lang='lat' dir='ltr'>suum</span> <span class='ocrx_word' id='word_1_749' title='bbox 2063 1410 2303 1451; x_wconf 85' lang='lat' dir='ltr'>nuncupaverit.</span> <span class='ocrx_word' id='word_1_750' title='bbox 2328 1411 2377 1442; x_wconf 91' lang='lat' dir='ltr'>De</span> 
     </span>
     <span class='ocr_line' id='line_1_102' title="bbox 1301 1454 2378 1496; baseline 0.002 -12"><span class='ocrx_word' id='word_1_751' title='bbox 1301 1463 1386 1484; x_wconf 90' lang='lat' dir='ltr'>anno</span> <span class='ocrx_word' id='word_1_752' title='bbox 1408 1464 1502 1496; x_wconf 85' lang='lat'>1272,</span> <span class='ocrx_word' id='word_1_753' title='bbox 1517 1465 1584 1496; x_wconf 92' lang='lat' dir='ltr'>quo</span> <span class='ocrx_word' id='word_1_754' title='bbox 1598 1455 1707 1496; x_wconf 89' lang='lat' dir='ltr'>ipsum</span> <span class='ocrx_word' id='word_1_755' title='bbox 1722 1454 1876 1485; x_wconf 88' lang='lat' dir='ltr'>Gradensi</span> <span class='ocrx_word' id='word_1_756' title='bbox 1890 1455 2048 1485; x_wconf 89' lang='lat' dir='ltr'>Ecclesiae</span> <span class='ocrx_word' id='word_1_757' title='bbox 2063 1454 2259 1496; x_wconf 90' lang='lat' dir='ltr'>praefectum</span> <span class='ocrx_word' id='word_1_758' title='bbox 2274 1462 2378 1486; x_wconf 84' lang='lat' dir='ltr'>narrat</span> 
     </span>
     <span class='ocr_line' id='line_1_103' title="bbox 1301 1498 2414 1540; baseline 0.002 -11"><span class='ocrx_word' id='word_1_759' title='bbox 1301 1498 1476 1538; x_wconf 86' lang='lat' dir='ltr'>Ughellus,</span> <span class='ocrx_word' id='word_1_760' title='bbox 1501 1499 1637 1530; x_wconf 93' lang='lat' dir='ltr'>dubium</span> <span class='ocrx_word' id='word_1_761' title='bbox 1660 1499 1805 1530; x_wconf 88' lang='lat' dir='ltr'>nullum:</span> <span class='ocrx_word' id='word_1_762' title='bbox 1830 1498 1936 1530; x_wconf 86' lang='lat' dir='ltr'>favent</span> <span class='ocrx_word' id='word_1_763' title='bbox 1959 1499 2078 1540; x_wconf 90' lang='lat' dir='ltr'>quippe</span> <span class='ocrx_word' id='word_1_764' title='bbox 2103 1506 2134 1530; x_wconf 90' lang='lat' dir='ltr'>et</span> <span class='ocrx_word' id='word_1_765' title='bbox 2157 1499 2269 1530; x_wconf 85' lang='lat' dir='ltr'>calculi</span> <span class='ocrx_word' id='word_1_766' title='bbox 2292 1499 2378 1531; x_wconf 86' lang='lat' dir='ltr'>Dan-</span> <span class='ocrx_word' id='word_1_767' title='bbox 2410 1531 2414 1536; x_wconf 88' lang='grc'><strong>,</strong></span> 
     </span>
     <span class='ocr_line' id='line_1_104' title="bbox 1301 1542 2379 1585; baseline 0.002 -12"><span class='ocrx_word' id='word_1_768' title='bbox 1301 1542 1439 1582; x_wconf 89' lang='lat' dir='ltr'>duliani,</span> <span class='ocrx_word' id='word_1_769' title='bbox 1464 1543 1613 1585; x_wconf 89' lang='lat' dir='ltr'>diemque</span> <span class='ocrx_word' id='word_1_770' title='bbox 1633 1554 1751 1575; x_wconf 89' lang='lat' dir='ltr'>nonam</span> <span class='ocrx_word' id='word_1_771' title='bbox 1775 1544 1962 1584; x_wconf 80' lang='lat' dir='ltr'>septembris</span> <span class='ocrx_word' id='word_1_772' title='bbox 1981 1544 2067 1575; x_wconf 87' lang='lat' dir='ltr'>addit</span> <span class='ocrx_word' id='word_1_773' title='bbox 2084 1543 2153 1585; x_wconf 90' lang='lat' dir='ltr'>ipse</span> <span class='ocrx_word' id='word_1_774' title='bbox 2172 1544 2327 1584; x_wconf 85' lang='lat' dir='ltr'>Ughellus</span> <span class='ocrx_word' id='word_1_775' title='bbox 2341 1554 2379 1575; x_wconf 86' lang='lat' dir='ltr'>ex</span> 
     </span>
     <span class='ocr_line' id='line_1_105' title="bbox 1300 1587 2379 1630; baseline 0.001 -12"><span class='ocrx_word' id='word_1_776' title='bbox 1300 1587 1439 1628; x_wconf 81' lang='lat' dir='ltr'>Regesto</span> <span class='ocrx_word' id='word_1_777' title='bbox 1468 1589 1631 1620; x_wconf 86' lang='lat' dir='ltr'>Vaticano.</span> <span class='ocrx_word' id='word_1_778' title='bbox 1657 1589 1724 1619; x_wconf 88' lang='grc'><strong>10111</strong></span> <span class='ocrx_word' id='word_1_779' title='bbox 1744 1588 1848 1619; x_wconf 88' lang='lat' dir='ltr'>habeo</span> <span class='ocrx_word' id='word_1_780' title='bbox 1874 1588 2030 1619; x_wconf 89' lang='lat' dir='ltr'>Catenam</span> <span class='ocrx_word' id='word_1_781' title='bbox 2055 1588 2250 1627; x_wconf 75' lang='lat' dir='ltr'>Carbonem,</span> <span class='ocrx_word' id='word_1_782' title='bbox 2269 1588 2295 1619; x_wconf 89' lang='lat' dir='ltr'>si</span> <span class='ocrx_word' id='word_1_783' title='bbox 2314 1598 2379 1630; x_wconf 86' lang='lat' dir='ltr'>qua</span> 
     </span>
     <span class='ocr_line' id='line_1_106' title="bbox 1301 1633 2380 1675; baseline 0.001 -13"><span class='ocrx_word' id='word_1_784' title='bbox 1301 1642 1458 1673; x_wconf 88' lang='lat' dir='ltr'>umquam</span> <span class='ocrx_word' id='word_1_785' title='bbox 1482 1633 1608 1671; x_wconf 85' lang='lat' dir='ltr'>exstitit,</span> <span class='ocrx_word' id='word_1_786' title='bbox 1628 1640 1700 1664; x_wconf 87' lang='lat' dir='ltr'>ante</span> <span class='ocrx_word' id='word_1_787' title='bbox 1719 1643 1842 1663; x_wconf 87' lang='lat' dir='ltr'>annum</span> <span class='ocrx_word' id='word_1_788' title='bbox 1867 1643 1946 1675; x_wconf 90' lang='grc'><strong>1272</strong></span> <span class='ocrx_word' id='word_1_789' title='bbox 1969 1633 2146 1673; x_wconf 86' lang='lat' dir='ltr'>nuncupari</span> <span class='ocrx_word' id='word_1_790' title='bbox 2165 1633 2380 1664; x_wconf 81' lang='lat' dir='ltr'>Patriarchae</span> 
     </span>
     <span class='ocr_line' id='line_1_107' title="bbox 1303 1676 2379 1720; baseline 0.001 -13"><span class='ocrx_word' id='word_1_791' title='bbox 1303 1676 1475 1716; x_wconf 86' lang='lat' dir='ltr'>Gradensi,</span> <span class='ocrx_word' id='word_1_792' title='bbox 1500 1678 1556 1720; x_wconf 90' lang='lat' dir='ltr'>qui</span> <span class='ocrx_word' id='word_1_793' title='bbox 1581 1678 1722 1709; x_wconf 80' lang='lat' dir='ltr'>Ioannes</span> <span class='ocrx_word' id='word_1_794' title='bbox 1738 1678 1916 1719; x_wconf 87' lang='lat' dir='ltr'>appellatus</span> <span class='ocrx_word' id='word_1_795' title='bbox 1935 1677 2039 1716; x_wconf 85' lang='lat' dir='ltr'>fuerit,</span> <span class='ocrx_word' id='word_1_796' title='bbox 2059 1687 2126 1708; x_wconf 92' lang='lat' dir='ltr'>non</span> <span class='ocrx_word' id='word_1_797' title='bbox 2145 1677 2298 1718; x_wconf 90' lang='lat' dir='ltr'>potuisse.</span> <span class='ocrx_word' id='word_1_798' title='bbox 2319 1677 2379 1708; x_wconf 85' lang='grc'><strong>110-</strong></span> 
     </span>
     <span class='ocr_line' id='line_1_108' title="bbox 1301 1721 2380 1763; baseline 0 -11"><span class='ocrx_word' id='word_1_799' title='bbox 1301 1731 1364 1762; x_wconf 89' lang='lat' dir='ltr'>que</span> <span class='ocrx_word' id='word_1_800' title='bbox 1387 1729 1457 1753; x_wconf 90' lang='lat' dir='ltr'>toto</span> <span class='ocrx_word' id='word_1_801' title='bbox 1491 1723 1612 1754; x_wconf 86' lang='lat' dir='ltr'>aberrat</span> <span class='ocrx_word' id='word_1_802' title='bbox 1642 1722 1725 1754; x_wconf 91' lang='lat' dir='ltr'>ostio</span> <span class='ocrx_word' id='word_1_803' title='bbox 1749 1723 1860 1753; x_wconf 88' lang='lat' dir='ltr'>Petrus</span> <span class='ocrx_word' id='word_1_804' title='bbox 1890 1722 1929 1752; x_wconf 91' lang='lat' dir='ltr'>de</span> <span class='ocrx_word' id='word_1_805' title='bbox 1959 1722 2056 1761; x_wconf 85' lang='lat' dir='ltr'>Alva,</span> <span class='ocrx_word' id='word_1_806' title='bbox 2082 1721 2139 1763; x_wconf 89' lang='lat' dir='ltr'>qui</span> <span class='ocrx_word' id='word_1_807' title='bbox 2170 1721 2264 1753; x_wconf 84' lang='lat' dir='ltr'>refert</span> <span class='ocrx_word' id='word_1_808' title='bbox 2292 1721 2380 1753; x_wconf 83' lang='lat' dir='ltr'>idem</span> 
     </span>
     <span class='ocr_line' id='line_1_109' title="bbox 1301 1766 2378 1808; baseline -0.001 -10"><span class='ocrx_word' id='word_1_809' title='bbox 1301 1776 1384 1807; x_wconf 90' lang='lat' dir='ltr'>opus</span> <span class='ocrx_word' id='word_1_810' title='bbox 1408 1777 1493 1798; x_wconf 85' lang='lat' dir='ltr'>anno</span> <span class='ocrx_word' id='word_1_811' title='bbox 1524 1769 1604 1798; x_wconf 84' lang='lat'>1252</span> <span class='ocrx_word' id='word_1_812' title='bbox 1637 1767 1857 1808; x_wconf 90' lang='lat' dir='ltr'>completum,</span> <span class='ocrx_word' id='word_1_813' title='bbox 1885 1767 2054 1808; x_wconf 91' lang='lat' dir='ltr'>eidemque</span> <span class='ocrx_word' id='word_1_814' title='bbox 2078 1766 2190 1797; x_wconf 87' lang='lat' dir='ltr'>loanni</span> <span class='ocrx_word' id='word_1_815' title='bbox 2213 1776 2378 1808; x_wconf 79' lang='lat' dir='ltr'>nuncupa-</span> 
     </span>
     <span class='ocr_line' id='line_1_110' title="bbox 1301 1811 2378 1852; baseline 0 -10"><span class='ocrx_word' id='word_1_816' title='bbox 1301 1818 1388 1849; x_wconf 90' lang='lat' dir='ltr'>tum;</span> <span class='ocrx_word' id='word_1_817' title='bbox 1413 1822 1488 1843; x_wconf 88' lang='lat' dir='ltr'>curn</span> <span class='ocrx_word' id='word_1_818' title='bbox 1517 1812 1714 1843; x_wconf 88' lang='lat' dir='ltr'>Gradensem</span> <span class='ocrx_word' id='word_1_819' title='bbox 1744 1811 1919 1842; x_wconf 82' lang='lat' dir='ltr'>Ecclesiam</span> <span class='ocrx_word' id='word_1_820' title='bbox 1950 1821 2046 1842; x_wconf 91' lang='lat' dir='ltr'>nemo</span> <span class='ocrx_word' id='word_1_821' title='bbox 2071 1811 2183 1842; x_wconf 84' lang='lat' dir='ltr'>rexerit</span> <span class='ocrx_word' id='word_1_822' title='bbox 2212 1811 2378 1852; x_wconf 79' lang='lat' dir='ltr'>adsignata</span> 
     </span>
     <span class='ocr_line' id='line_1_111' title="bbox 1301 1855 2373 1897; baseline 0 -11"><span class='ocrx_word' id='word_1_823' title='bbox 1301 1866 1386 1887; x_wconf 90' lang='lat' dir='ltr'>anno</span> <span class='ocrx_word' id='word_1_824' title='bbox 1401 1856 1589 1896; x_wconf 87' lang='lat' dir='ltr'>Patriarcha,</span> <span class='ocrx_word' id='word_1_825' title='bbox 1605 1857 1737 1887; x_wconf 91' lang='lat' dir='ltr'>nornine</span> <span class='ocrx_word' id='word_1_826' title='bbox 1752 1856 1903 1887; x_wconf 85' lang='lat' dir='ltr'>Ioannes.</span> <span class='ocrx_word' id='word_1_827' title='bbox 1927 1856 2040 1897; x_wconf 92' lang='lat' dir='ltr'>Neque</span> <span class='ocrx_word' id='word_1_828' title='bbox 2056 1855 2166 1886; x_wconf 86' lang='lat' dir='ltr'>dixerit</span> <span class='ocrx_word' id='word_1_829' title='bbox 2185 1866 2271 1886; x_wconf 83' lang='lat' dir='ltr'>anno</span> <span class='ocrx_word' id='word_1_830' title='bbox 2292 1857 2373 1887; x_wconf 85' lang='grc'><strong>1252</strong></span> 
     </span>
     <span class='ocr_line' id='line_1_112' title="bbox 1301 1900 2376 1943; baseline 0 -12"><span class='ocrx_word' id='word_1_831' title='bbox 1301 1901 1500 1941; x_wconf 88' lang='lat' dir='ltr'>completum</span> <span class='ocrx_word' id='word_1_832' title='bbox 1524 1901 1656 1943; x_wconf 87' lang='lat' dir='ltr'>quidem</span> <span class='ocrx_word' id='word_1_833' title='bbox 1680 1911 1774 1942; x_wconf 75' lang='lat' dir='ltr'>opuS,</span> <span class='ocrx_word' id='word_1_834' title='bbox 1795 1908 1827 1932; x_wconf 90' lang='lat' dir='ltr'>at</span> <span class='ocrx_word' id='word_1_835' title='bbox 1848 1900 1929 1931; x_wconf 88' lang='lat' dir='ltr'>illud</span> <span class='ocrx_word' id='word_1_836' title='bbox 1952 1907 2027 1941; x_wconf 91' lang='lat' dir='ltr'>post</span> <span class='ocrx_word' id='word_1_837' title='bbox 2049 1910 2172 1931; x_wconf 89' lang='lat' dir='ltr'>annum</span> <span class='ocrx_word' id='word_1_838' title='bbox 2197 1909 2278 1942; x_wconf 85' lang='grc'><strong>1272</strong></span> <span class='ocrx_word' id='word_1_839' title='bbox 2294 1910 2376 1931; x_wconf 83' lang='grc'><strong>111111·</strong></span> 
     </span>
     <span class='ocr_line' id='line_1_113' title="bbox 1300 1944 2378 1985; baseline -0.001 -9"><span class='ocrx_word' id='word_1_840' title='bbox 1300 1952 1455 1985; x_wconf 87' lang='lat' dir='ltr'>cupatum</span> <span class='ocrx_word' id='word_1_841' title='bbox 1477 1945 1605 1976; x_wconf 86' lang='lat' dir='ltr'>loanni:</span> <span class='ocrx_word' id='word_1_842' title='bbox 1626 1956 1684 1976; x_wconf 86' lang='lat' dir='ltr'>nec</span> <span class='ocrx_word' id='word_1_843' title='bbox 1703 1945 1790 1976; x_wconf 89' lang='grc'><strong>0111111</strong></span> <span class='ocrx_word' id='word_1_844' title='bbox 1809 1945 1843 1976; x_wconf 88' lang='grc'>111</span> <span class='ocrx_word' id='word_1_845' title='bbox 1858 1945 1943 1976; x_wconf 86' lang='grc' dir='ltr'><strong>111εο0</strong></span> <span class='ocrx_word' id='word_1_846' title='bbox 1957 1945 2106 1976; x_wconf 87' lang='lat' dir='ltr'>historiae</span> <span class='ocrx_word' id='word_1_847' title='bbox 2121 1944 2211 1976; x_wconf 88' lang='lat' dir='ltr'>factis</span> <span class='ocrx_word' id='word_1_848' title='bbox 2230 1944 2378 1976; x_wconf 83' lang='lat' dir='ltr'>hariolari</span> 
     </span>
     <span class='ocr_line' id='line_1_114' title="bbox 1299 1989 2377 2031; baseline 0.001 -12"><span class='ocrx_word' id='word_1_849' title='bbox 1299 1989 1382 2028; x_wconf 87' lang='lat' dir='ltr'>licet,</span> <span class='ocrx_word' id='word_1_850' title='bbox 1407 2000 1528 2031; x_wconf 89' lang='lat' dir='ltr'>quaeve</span> <span class='ocrx_word' id='word_1_851' title='bbox 1547 1990 1673 2031; x_wconf 87' lang='lat' dir='ltr'>placent</span> <span class='ocrx_word' id='word_1_852' title='bbox 1692 2000 1727 2021; x_wconf 89' lang='grc'>00</span> <span class='ocrx_word' id='word_1_853' title='bbox 1747 1990 1884 2021; x_wconf 86' lang='lat' dir='ltr'>arn&#39;dent</span> <span class='ocrx_word' id='word_1_854' title='bbox 1902 1999 1961 2030; x_wconf 92' lang='lat' dir='ltr'>pro</span> <span class='ocrx_word' id='word_1_855' title='bbox 1980 1989 2076 2030; x_wconf 84' lang='lat' dir='ltr'>genio</span> <span class='ocrx_word' id='word_1_856' title='bbox 2095 1989 2289 2030; x_wconf 81' lang='lat' dir='ltr'>ingenioque</span> <span class='ocrx_word' id='word_1_857' title='bbox 2304 1999 2377 2030; x_wconf 89' lang='lat' dir='ltr'>pro-</span> 
     </span>
     <span class='ocr_line' id='line_1_115' title="bbox 1300 2033 2377 2076; baseline -0.001 -11"><span class='ocrx_word' id='word_1_858' title='bbox 1300 2034 1390 2073; x_wconf 90' lang='lat' dir='ltr'>ferre,</span> <span class='ocrx_word' id='word_1_859' title='bbox 1414 2042 1492 2066; x_wconf 89' lang='lat' dir='ltr'>teste</span> <span class='ocrx_word' id='word_1_860' title='bbox 1515 2035 1618 2073; x_wconf 90' lang='lat' dir='ltr'>nullo,</span> <span class='ocrx_word' id='word_1_861' title='bbox 1638 2034 1699 2065; x_wconf 90' lang='lat' dir='ltr'>fide</span> <span class='ocrx_word' id='word_1_862' title='bbox 1724 2034 1827 2065; x_wconf 85' lang='lat' dir='ltr'>nulla:</span> <span class='ocrx_word' id='word_1_863' title='bbox 1852 2044 1955 2076; x_wconf 91' lang='lat' dir='ltr'>neque</span> <span class='ocrx_word' id='word_1_864' title='bbox 1980 2043 2108 2065; x_wconf 89' lang='lat' dir='ltr'>rursum</span> <span class='ocrx_word' id='word_1_865' title='bbox 2130 2033 2300 2064; x_wconf 87' lang='lat' dir='ltr'>verisimile</span> <span class='ocrx_word' id='word_1_866' title='bbox 2319 2040 2377 2073; x_wconf 87' lang='lat' dir='ltr'>est,</span> 
     </span>
     <span class='ocr_line' id='line_1_116' title="bbox 1300 2078 2377 2120; baseline -0.001 -10"><span class='ocrx_word' id='word_1_867' title='bbox 1300 2079 1455 2110; x_wconf 88' lang='lat' dir='ltr'>Catenam</span> <span class='ocrx_word' id='word_1_868' title='bbox 1475 2090 1567 2110; x_wconf 89' lang='lat' dir='ltr'>suam</span> <span class='ocrx_word' id='word_1_869' title='bbox 1581 2079 1615 2110; x_wconf 91' lang='lat' dir='ltr'>in</span> <span class='ocrx_word' id='word_1_870' title='bbox 1629 2079 1801 2119; x_wconf 84' lang='lat' dir='ltr'>Evangelia</span> <span class='ocrx_word' id='word_1_871' title='bbox 1815 2078 2026 2120; x_wconf 90' lang='lat' dir='ltr'>complevisse</span> <span class='ocrx_word' id='word_1_872' title='bbox 2040 2078 2282 2118; x_wconf 86' lang='lat' dir='ltr'>Carbonellum,</span> <span class='ocrx_word' id='word_1_873' title='bbox 2293 2087 2377 2109; x_wconf 85' lang='lat' dir='ltr'>eam-</span> 
     </span>
     <span class='ocr_line' id='line_1_117' title="bbox 1299 2122 2379 2165; baseline -0.001 -11"><span class='ocrx_word' id='word_1_874' title='bbox 1299 2134 1362 2165; x_wconf 89' lang='lat' dir='ltr'>que</span> <span class='ocrx_word' id='word_1_875' title='bbox 1386 2124 1418 2154; x_wconf 89' lang='lat' dir='ltr'>in</span> <span class='ocrx_word' id='word_1_876' title='bbox 1443 2123 1563 2155; x_wconf 87' lang='lat' dir='ltr'>scriniis</span> <span class='ocrx_word' id='word_1_877' title='bbox 1585 2123 1758 2165; x_wconf 87' lang='lat' dir='ltr'>repositam</span> <span class='ocrx_word' id='word_1_878' title='bbox 1772 2123 1882 2163; x_wconf 84' lang='lat' dir='ltr'>viginti</span> <span class='ocrx_word' id='word_1_879' title='bbox 1902 2133 2039 2154; x_wconf 84' lang='lat' dir='ltr'>servasse</span> <span class='ocrx_word' id='word_1_880' title='bbox 2058 2130 2179 2161; x_wconf 85' lang='lat' dir='ltr'>annos;</span> <span class='ocrx_word' id='word_1_881' title='bbox 2199 2132 2235 2154; x_wconf 85' lang='lat' dir='ltr'>ac</span> <span class='ocrx_word' id='word_1_882' title='bbox 2249 2122 2379 2154; x_wconf 84' lang='lat' dir='ltr'>tandem</span> 
     </span>
     <span class='ocr_line' id='line_1_118' title="bbox 1299 2166 2379 2210; baseline -0.001 -11"><span class='ocrx_word' id='word_1_883' title='bbox 1299 2168 1495 2199; x_wconf 88' lang='lat' dir='ltr'>Gradensem</span> <span class='ocrx_word' id='word_1_884' title='bbox 1519 2168 1743 2207; x_wconf 82' lang='lat' dir='ltr'>Patriarcham,</span> <span class='ocrx_word' id='word_1_885' title='bbox 1767 2167 1823 2210; x_wconf 90' lang='lat' dir='ltr'>qui</span> <span class='ocrx_word' id='word_1_886' title='bbox 1847 2168 1989 2199; x_wconf 87' lang='lat' dir='ltr'>Ioannes</span> <span class='ocrx_word' id='word_1_887' title='bbox 2011 2174 2188 2206; x_wconf 86' lang='lat' dir='ltr'>vocaretur,</span> <span class='ocrx_word' id='word_1_888' title='bbox 2212 2166 2311 2198; x_wconf 88' lang='lat' dir='ltr'>veluti</span> <span class='ocrx_word' id='word_1_889' title='bbox 2325 2177 2379 2198; x_wconf 70' lang='grc' dir='ltr'>α-</span> 
     </span>
     <span class='ocr_line' id='line_1_119' title="bbox 1299 2211 2377 2254; baseline -0.002 -10"><span class='ocrx_word' id='word_1_890' title='bbox 1299 2220 1450 2254; x_wconf 89' lang='lat' dir='ltr'>pectasse,</span> <span class='ocrx_word' id='word_1_891' title='bbox 1476 2213 1526 2244; x_wconf 91' lang='lat' dir='ltr'>cui</span> <span class='ocrx_word' id='word_1_892' title='bbox 1551 2223 1634 2254; x_wconf 92' lang='lat' dir='ltr'>opus</span> <span class='ocrx_word' id='word_1_893' title='bbox 1658 2213 1753 2253; x_wconf 87' lang='lat' dir='ltr'>longe</span> <span class='ocrx_word' id='word_1_894' title='bbox 1777 2219 1868 2243; x_wconf 87' lang='lat' dir='ltr'>antea</span> <span class='ocrx_word' id='word_1_895' title='bbox 1892 2212 2114 2243; x_wconf 87' lang='lat' dir='ltr'>elucubratum</span> <span class='ocrx_word' id='word_1_896' title='bbox 2135 2211 2377 2253; x_wconf 88' lang='lat' dir='ltr'>perfectumque</span> 
     </span>
     <span class='ocr_line' id='line_1_120' title="bbox 1299 2256 2377 2299; baseline -0.001 -11"><span class='ocrx_word' id='word_1_897' title='bbox 1299 2257 1436 2299; x_wconf 89' lang='lat' dir='ltr'>denique</span> <span class='ocrx_word' id='word_1_898' title='bbox 1468 2265 1676 2298; x_wconf 88' lang='lat' dir='ltr'>nuncuparet.</span> <span class='ocrx_word' id='word_1_899' title='bbox 1709 2260 1752 2289; x_wconf 88' lang='lat' dir='ltr'>At</span> <span class='ocrx_word' id='word_1_900' title='bbox 1775 2267 1825 2288; x_wconf 87' lang='lat' dir='ltr'>an.</span> <span class='ocrx_word' id='word_1_901' title='bbox 1852 2267 1933 2299; x_wconf 89' lang='grc'><strong>1272</strong></span> <span class='ocrx_word' id='word_1_902' title='bbox 1958 2263 2099 2293; x_wconf 84' lang='grc'><strong>10101110,</strong></span> <span class='ocrx_word' id='word_1_903' title='bbox 2123 2256 2288 2297; x_wconf 87' lang='lat' dir='ltr'>perspicue</span> <span class='ocrx_word' id='word_1_904' title='bbox 2311 2256 2377 2288; x_wconf 77' lang='lat' dir='ltr'>iam</span> 
     </span>
     <span class='ocr_line' id='line_1_121' title="bbox 1298 2300 2375 2343; baseline -0.002 -10"><span class='ocrx_word' id='word_1_905' title='bbox 1298 2309 1395 2343; x_wconf 84' lang='lat' dir='ltr'>patet,</span> <span class='ocrx_word' id='word_1_906' title='bbox 1419 2310 1490 2334; x_wconf 90' lang='lat' dir='ltr'>tum</span> <span class='ocrx_word' id='word_1_907' title='bbox 1509 2309 1580 2333; x_wconf 89' lang='lat' dir='ltr'>ante</span> <span class='ocrx_word' id='word_1_908' title='bbox 1601 2309 1675 2333; x_wconf 92' lang='lat' dir='ltr'>octo</span> <span class='ocrx_word' id='word_1_909' title='bbox 1699 2312 1801 2333; x_wconf 85' lang='lat' dir='ltr'>annos</span> <span class='ocrx_word' id='word_1_910' title='bbox 1817 2301 2020 2342; x_wconf 70' lang='lat' dir='ltr'>‘completam</span> <span class='ocrx_word' id='word_1_911' title='bbox 2038 2311 2057 2332; x_wconf 91' lang='grc'>0</span> <span class='ocrx_word' id='word_1_912' title='bbox 2076 2301 2151 2332; x_wconf 89' lang='lat' dir='ltr'>divo</span> <span class='ocrx_word' id='word_1_913' title='bbox 2166 2301 2297 2332; x_wconf 85' lang='lat' dir='ltr'>Thoma</span> <span class='ocrx_word' id='word_1_914' title='bbox 2314 2300 2375 2332; x_wconf 84' lang='lat' dir='ltr'>Ex-</span> 
     </span>
     <span class='ocr_line' id='line_1_122' title="bbox 1298 2344 2375 2387; baseline -0.002 -9"><span class='ocrx_word' id='word_1_915' title='bbox 1298 2346 1494 2387; x_wconf 85' lang='lat' dir='ltr'>positionem</span> <span class='ocrx_word' id='word_1_916' title='bbox 1518 2348 1550 2378; x_wconf 84' lang='lat' dir='ltr'>in</span> <span class='ocrx_word' id='word_1_917' title='bbox 1572 2347 1786 2385; x_wconf 80' lang='lat' dir='ltr'>Matthaeum,</span> <span class='ocrx_word' id='word_1_918' title='bbox 1805 2346 2015 2387; x_wconf 89' lang='lat' dir='ltr'>eamdemque</span> <span class='ocrx_word' id='word_1_919' title='bbox 2033 2346 2164 2377; x_wconf 89' lang='lat' dir='ltr'>Urbano</span> <span class='ocrx_word' id='word_1_920' title='bbox 2185 2345 2308 2383; x_wconf 85' lang='lat' dir='ltr'>Quarto</span> <span class='ocrx_word' id='word_1_921' title='bbox 2327 2344 2375 2376; x_wconf 86' lang='grc'><strong>111-</strong></span> 
     </span>
     <span class='ocr_line' id='line_1_123' title="bbox 1298 2389 2375 2433; baseline -0.003 -10"><span class='ocrx_word' id='word_1_922' title='bbox 1298 2391 1458 2433; x_wconf 88' lang='lat' dir='ltr'>scriptam,</span> <span class='ocrx_word' id='word_1_923' title='bbox 1482 2392 1538 2433; x_wconf 91' lang='lat' dir='ltr'>qui</span> <span class='ocrx_word' id='word_1_924' title='bbox 1560 2402 1645 2422; x_wconf 89' lang='lat' dir='ltr'>anno</span> <span class='ocrx_word' id='word_1_925' title='bbox 1671 2392 1754 2432; x_wconf 85' lang='grc'><strong>1264</strong></span> <span class='ocrx_word' id='word_1_926' title='bbox 1773 2391 1823 2422; x_wconf 92' lang='lat' dir='ltr'>die</span> <span class='ocrx_word' id='word_1_927' title='bbox 1850 2401 1867 2422; x_wconf 88' lang='lat'>2</span> <span class='ocrx_word' id='word_1_928' title='bbox 1889 2390 2027 2422; x_wconf 89' lang='lat' dir='ltr'>octobris</span> <span class='ocrx_word' id='word_1_929' title='bbox 2041 2390 2106 2421; x_wconf 81' lang='lat' dir='ltr'>vita</span> <span class='ocrx_word' id='word_1_930' title='bbox 2125 2389 2287 2430; x_wconf 82' lang='lat' dir='ltr'>migravit:</span> <span class='ocrx_word' id='word_1_931' title='bbox 2303 2396 2375 2421; x_wconf 89' lang='lat' dir='ltr'>tum</span> 
     </span>
     <span class='ocr_line' id='line_1_124' title="bbox 1298 2434 2372 2468; baseline -0.003 0"><span class='ocrx_word' id='word_1_932' title='bbox 1298 2436 1394 2468; x_wconf 86' lang='lat' dir='ltr'>etiam</span> <span class='ocrx_word' id='word_1_933' title='bbox 1418 2436 1717 2468; x_wconf 87' lang='lat' dir='ltr'>Commentationes</span> <span class='ocrx_word' id='word_1_934' title='bbox 1736 2436 1769 2467; x_wconf 90' lang='lat' dir='ltr'>in</span> <span class='ocrx_word' id='word_1_935' title='bbox 1783 2437 1935 2467; x_wconf 86' lang='lat' dir='ltr'>Marcum</span> <span class='ocrx_word' id='word_1_936' title='bbox 1960 2441 1991 2466; x_wconf 93' lang='lat' dir='ltr'>et</span> <span class='ocrx_word' id='word_1_937' title='bbox 2013 2435 2136 2466; x_wconf 87' lang='lat' dir='ltr'>Lucam</span> <span class='ocrx_word' id='word_1_938' title='bbox 2161 2441 2192 2466; x_wconf 90' lang='lat' dir='ltr'>et</span> <span class='ocrx_word' id='word_1_939' title='bbox 2215 2434 2372 2466; x_wconf 80' lang='lat' dir='ltr'>Ioannem</span> 
     </span>
     <span class='ocr_line' id='line_1_125' title="bbox 1297 2478 2374 2523; baseline -0.003 -11"><span class='ocrx_word' id='word_1_940' title='bbox 1297 2488 1369 2513; x_wconf 91' lang='lat' dir='ltr'>ante</span> <span class='ocrx_word' id='word_1_941' title='bbox 1389 2491 1511 2512; x_wconf 88' lang='grc'><strong>0111111111</strong></span> <span class='ocrx_word' id='word_1_942' title='bbox 1531 2491 1611 2523; x_wconf 88' lang='grc'><strong>1272</strong></span> <span class='ocrx_word' id='word_1_943' title='bbox 1629 2481 1837 2519; x_wconf 88' lang='lat' dir='ltr'>elucubratas,</span> <span class='ocrx_word' id='word_1_944' title='bbox 1857 2486 1970 2520; x_wconf 85' lang='lat' dir='ltr'>utpote</span> <span class='ocrx_word' id='word_1_945' title='bbox 1984 2489 2066 2521; x_wconf 84' lang='lat' dir='ltr'>quae</span> <span class='ocrx_word' id='word_1_946' title='bbox 2081 2478 2286 2510; x_wconf 81' lang='lat' dir='ltr'>Hannibaldo</span> <span class='ocrx_word' id='word_1_947' title='bbox 2301 2479 2374 2510; x_wconf 85' lang='lat' dir='ltr'>Pre-</span> 
     </span>
     <span class='ocr_line' id='line_1_126' title="bbox 1298 2522 2375 2568; baseline -0.002 -12"><span class='ocrx_word' id='word_1_948' title='bbox 1298 2527 1424 2568; x_wconf 90' lang='lat' dir='ltr'>sbytero</span> <span class='ocrx_word' id='word_1_949' title='bbox 1449 2525 1609 2558; x_wconf 88' lang='lat' dir='ltr'>Cardinali</span> <span class='ocrx_word' id='word_1_950' title='bbox 1630 2531 1834 2566; x_wconf 79' lang='lat' dir='ltr'>nuncupatae</span> <span class='ocrx_word' id='word_1_951' title='bbox 1862 2524 1997 2563; x_wconf 90' lang='lat' dir='ltr'>fuerint,</span> <span class='ocrx_word' id='word_1_952' title='bbox 2021 2533 2120 2566; x_wconf 87' lang='lat' dir='ltr'>quern</span> <span class='ocrx_word' id='word_1_953' title='bbox 2144 2523 2209 2555; x_wconf 84' lang='lat' dir='ltr'>fato</span> <span class='ocrx_word' id='word_1_954' title='bbox 2234 2522 2375 2555; x_wconf 81' lang='lat' dir='ltr'>mortali-</span> 
     </span>
     <span class='ocr_line' id='line_1_127' title="bbox 1297 2568 2374 2611; baseline -0.003 -9"><span class='ocrx_word' id='word_1_955' title='bbox 1297 2571 1368 2602; x_wconf 87' lang='lat' dir='ltr'>tatis</span> <span class='ocrx_word' id='word_1_956' title='bbox 1392 2570 1584 2602; x_wconf 89' lang='lat' dir='ltr'>concessisse</span> <span class='ocrx_word' id='word_1_957' title='bbox 1608 2570 1723 2601; x_wconf 90' lang='lat' dir='ltr'>eodem</span> <span class='ocrx_word' id='word_1_958' title='bbox 1743 2579 1828 2603; x_wconf 87' lang='lat' dir='ltr'>anno</span> <span class='ocrx_word' id='word_1_959' title='bbox 1854 2579 1934 2611; x_wconf 89' lang='grc'><strong>1272</strong></span> <span class='ocrx_word' id='word_1_960' title='bbox 1958 2568 2191 2600; x_wconf 86' lang='lat' dir='ltr'>adnotavimus.</span> <span class='ocrx_word' id='word_1_961' title='bbox 2217 2571 2284 2599; x_wconf 86' lang='lat' dir='ltr'>Aut</span> <span class='ocrx_word' id='word_1_962' title='bbox 2297 2577 2374 2608; x_wconf 82' lang='lat' dir='ltr'>ergo</span> 
     </span>
     <span class='ocr_line' id='line_1_128' title="bbox 1298 2612 2376 2655; baseline -0.004 -9"><span class='ocrx_word' id='word_1_963' title='bbox 1298 2615 1565 2655; x_wconf 87' lang='lat' dir='ltr'>nuncupatoriam</span> <span class='ocrx_word' id='word_1_964' title='bbox 1596 2614 1779 2646; x_wconf 90' lang='lat' dir='ltr'>Carbonelli</span> <span class='ocrx_word' id='word_1_965' title='bbox 1810 2613 1996 2655; x_wconf 86' lang='lat' dir='ltr'>epistolam,</span> <span class='ocrx_word' id='word_1_966' title='bbox 2021 2613 2141 2644; x_wconf 87' lang='lat' dir='ltr'>Ioanni</span> <span class='ocrx_word' id='word_1_967' title='bbox 2162 2612 2376 2643; x_wconf 79' lang='lat' dir='ltr'>Patriarchae</span> 
     </span>
     <span class='ocr_line' id='line_1_129' title="bbox 1300 2655 2374 2700; baseline -0.004 -10"><span class='ocrx_word' id='word_1_968' title='bbox 1300 2660 1461 2691; x_wconf 83' lang='lat' dir='ltr'>Gradensi</span> <span class='ocrx_word' id='word_1_969' title='bbox 1484 2659 1687 2700; x_wconf 87' lang='lat' dir='ltr'>inscriptam,</span> <span class='ocrx_word' id='word_1_970' title='bbox 1712 2659 1830 2690; x_wconf 90' lang='lat' dir='ltr'>reiiciat</span> <span class='ocrx_word' id='word_1_971' title='bbox 1852 2658 1963 2689; x_wconf 90' lang='lat' dir='ltr'>Petrus</span> <span class='ocrx_word' id='word_1_972' title='bbox 1987 2657 2026 2688; x_wconf 92' lang='lat' dir='ltr'>de</span> <span class='ocrx_word' id='word_1_973' title='bbox 2049 2657 2150 2695; x_wconf 77' lang='lat' dir='ltr'>Alva3</span> <span class='ocrx_word' id='word_1_974' title='bbox 2175 2663 2230 2688; x_wconf 89' lang='lat' dir='ltr'>aut</span> <span class='ocrx_word' id='word_1_975' title='bbox 2253 2655 2374 2688; x_wconf 84' lang='lat' dir='ltr'>Carbo-</span> 
     </span>
     <span class='ocr_line' id='line_1_130' title="bbox 1298 2700 2309 2744; baseline -0.005 -9"><span class='ocrx_word' id='word_1_976' title='bbox 1298 2704 1383 2735; x_wconf 87' lang='lat' dir='ltr'>nello</span> <span class='ocrx_word' id='word_1_977' title='bbox 1407 2703 1575 2744; x_wconf 85' lang='lat' dir='ltr'>praeivisse</span> <span class='ocrx_word' id='word_1_978' title='bbox 1598 2703 1764 2734; x_wconf 79' lang='lat' dir='ltr'>‘rhomam</span> <span class='ocrx_word' id='word_1_979' title='bbox 1787 2703 1819 2733; x_wconf 89' lang='lat' dir='ltr'>in</span> <span class='ocrx_word' id='word_1_980' title='bbox 1844 2702 1965 2734; x_wconf 83' lang='lat' dir='ltr'>Catena</span> <span class='ocrx_word' id='word_1_981' title='bbox 1988 2701 2121 2732; x_wconf 85' lang='lat' dir='ltr'>texenda</span> <span class='ocrx_word' id='word_1_982' title='bbox 2144 2700 2309 2731; x_wconf 82' lang='lat' dir='ltr'>fateamur.</span> 
     </span>
    </p>

    <p class='ocr_par' dir='ltr' id='par_1_12' title="bbox 1298 2744 2386 3580">
     <span class='ocr_line' id='line_1_131' title="bbox 1365 2744 2373 2789; baseline -0.004 -10"><span class='ocrx_word' id='word_1_983' title='bbox 1365 2748 1413 2779; x_wconf 89' lang='lat' dir='ltr'>De</span> <span class='ocrx_word' id='word_1_984' title='bbox 1436 2748 1508 2789; x_wconf 88' lang='lat' dir='ltr'>ipso</span> <span class='ocrx_word' id='word_1_985' title='bbox 1527 2747 1644 2779; x_wconf 89' lang='lat' dir='ltr'>Pontio</span> <span class='ocrx_word' id='word_1_986' title='bbox 1664 2746 1856 2779; x_wconf 83' lang='lat' dir='ltr'>Carbonello</span> <span class='ocrx_word' id='word_1_987' title='bbox 1878 2745 2097 2787; x_wconf 87' lang='lat' dir='ltr'>quaerendum</span> <span class='ocrx_word' id='word_1_988' title='bbox 2116 2751 2280 2786; x_wconf 84' lang='lat' dir='ltr'>postremo</span> <span class='ocrx_word' id='word_1_989' title='bbox 2299 2744 2373 2776; x_wconf 87' lang='lat' dir='ltr'>loco</span> 
     </span>
     <span class='ocr_line' id='line_1_132' title="bbox 1298 2788 2374 2834; baseline -0.004 -11"><span class='ocrx_word' id='word_1_990' title='bbox 1298 2799 1379 2824; x_wconf 90' lang='lat' dir='ltr'>esset</span> <span class='ocrx_word' id='word_1_991' title='bbox 1411 2792 1483 2834; x_wconf 90' lang='lat' dir='ltr'>quis</span> <span class='ocrx_word' id='word_1_992' title='bbox 1511 2792 1563 2823; x_wconf 88' lang='lat' dir='ltr'>ille</span> <span class='ocrx_word' id='word_1_993' title='bbox 1595 2791 1706 2830; x_wconf 90' lang='lat' dir='ltr'>fuerit,</span> <span class='ocrx_word' id='word_1_994' title='bbox 1730 2801 1837 2833; x_wconf 87' lang='lat' dir='ltr'>quove</span> <span class='ocrx_word' id='word_1_995' title='bbox 1860 2790 1988 2822; x_wconf 85' lang='lat' dir='ltr'>saeculo</span> <span class='ocrx_word' id='word_1_996' title='bbox 2011 2789 2110 2820; x_wconf 82' lang='lat' dir='ltr'>vitam</span> <span class='ocrx_word' id='word_1_997' title='bbox 2136 2789 2233 2829; x_wconf 85' lang='lat' dir='ltr'>egerit</span> <span class='ocrx_word' id='word_1_998' title='bbox 2255 2799 2292 2820; x_wconf 86' lang='grc'>00</span> <span class='ocrx_word' id='word_1_999' title='bbox 2315 2788 2374 2820; x_wconf 87' lang='lat' dir='ltr'>flo-</span> 
     </span>
     <span class='ocr_line' id='line_1_133' title="bbox 1298 2833 2386 2878; baseline -0.005 -10"><span class='ocrx_word' id='word_1_1000' title='bbox 1298 2836 1411 2868; x_wconf 90' lang='lat' dir='ltr'>ruerit:</span> <span class='ocrx_word' id='word_1_1001' title='bbox 1436 2846 1652 2878; x_wconf 88' lang='lat' dir='ltr'>responsaque</span> <span class='ocrx_word' id='word_1_1002' title='bbox 1676 2836 1816 2877; x_wconf 87' lang='lat' dir='ltr'>optanda</span> <span class='ocrx_word' id='word_1_1003' title='bbox 1839 2835 1954 2873; x_wconf 88' lang='lat' dir='ltr'>forent,</span> <span class='ocrx_word' id='word_1_1004' title='bbox 1979 2844 2061 2876; x_wconf 86' lang='lat' dir='ltr'>quae</span> <span class='ocrx_word' id='word_1_1005' title='bbox 2085 2833 2273 2875; x_wconf 88' lang='lat' dir='ltr'>synchronis</span> <span class='ocrx_word' id='word_1_1006' title='bbox 2297 2843 2386 2874; x_wconf 69' lang='lat' dir='ltr'>sup-‚</span> 
     </span>
     <span class='ocr_line' id='line_1_134' title="bbox 1298 2877 2374 2923; baseline -0.004 -11"><span class='ocrx_word' id='word_1_1007' title='bbox 1298 2881 1491 2923; x_wconf 86' lang='lat' dir='ltr'>paribusque</span> <span class='ocrx_word' id='word_1_1008' title='bbox 1514 2881 1664 2922; x_wconf 84' lang='lat' dir='ltr'>probatae</span> <span class='ocrx_word' id='word_1_1009' title='bbox 1688 2879 1761 2912; x_wconf 84' lang='lat' dir='ltr'>fidei</span> <span class='ocrx_word' id='word_1_1010' title='bbox 1781 2878 2000 2911; x_wconf 84' lang='lat' dir='ltr'>monumentis</span> <span class='ocrx_word' id='word_1_1011' title='bbox 2018 2878 2236 2910; x_wconf 88' lang='lat' dir='ltr'>inniterentur.</span> <span class='ocrx_word' id='word_1_1012' title='bbox 2260 2877 2374 2919; x_wconf 87' lang='lat' dir='ltr'>Dupli-</span> 
     </span>
     <span class='ocr_line' id='line_1_135' title="bbox 1299 2922 2373 2963; baseline -0.004 -6"><span class='ocrx_word' id='word_1_1013' title='bbox 1299 2936 1370 2958; x_wconf 90' lang='lat' dir='ltr'>cem</span> <span class='ocrx_word' id='word_1_1014' title='bbox 1383 2932 1541 2957; x_wconf 84' lang='lat' dir='ltr'>memorat</span> <span class='ocrx_word' id='word_1_1015' title='bbox 1555 2925 1719 2957; x_wconf 87' lang='lat' dir='ltr'>Echardus</span> <span class='ocrx_word' id='word_1_1016' title='bbox 1734 2924 1881 2956; x_wconf 87' lang='lat' dir='ltr'>notitiam</span> <span class='ocrx_word' id='word_1_1017' title='bbox 1896 2923 1964 2955; x_wconf 88' lang='lat' dir='ltr'>eius</span> <span class='ocrx_word' id='word_1_1018' title='bbox 1978 2933 2016 2954; x_wconf 84' lang='lat' dir='ltr'>ex</span> <span class='ocrx_word' id='word_1_1019' title='bbox 2028 2922 2178 2954; x_wconf 82' lang='lat' dir='ltr'>Historiis</span> <span class='ocrx_word' id='word_1_1020' title='bbox 2192 2922 2373 2963; x_wconf 82' lang='lat' dir='ltr'>seraphicis.</span> 
     </span>
     <span class='ocr_line' id='line_1_136' title="bbox 1298 2966 2375 3010; baseline -0.005 -8"><span class='ocrx_word' id='word_1_1021' title='bbox 1298 2970 1411 3002; x_wconf 87' lang='lat' dir='ltr'>Tradit</span> <span class='ocrx_word' id='word_1_1022' title='bbox 1429 2970 1524 3002; x_wconf 87' lang='lat' dir='ltr'>altera</span> <span class='ocrx_word' id='word_1_1023' title='bbox 1550 2970 1660 3001; x_wconf 91' lang='lat' dir='ltr'>datum</span> <span class='ocrx_word' id='word_1_1024' title='bbox 1679 2969 1787 3010; x_wconf 90' lang='lat' dir='ltr'>ipsum</span> <span class='ocrx_word' id='word_1_1025' title='bbox 1813 2979 1943 3000; x_wconf 90' lang='lat' dir='ltr'>morum</span> <span class='ocrx_word' id='word_1_1026' title='bbox 1961 2967 2149 3008; x_wconf 83' lang='lat' dir='ltr'>magistrum</span> <span class='ocrx_word' id='word_1_1027' title='bbox 2170 2978 2195 2998; x_wconf 89' lang='lat' dir='ltr'>s.</span> <span class='ocrx_word' id='word_1_1028' title='bbox 2207 2966 2375 2998; x_wconf 89' lang='lat' dir='ltr'>Ludovico</span> 
     </span>
     <span class='ocr_line' id='line_1_137' title="bbox 1299 3010 2376 3054; baseline -0.005 -8"><span class='ocrx_word' id='word_1_1029' title='bbox 1299 3025 1388 3047; x_wconf 93' lang='lat' dir='ltr'>nono</span> <span class='ocrx_word' id='word_1_1030' title='bbox 1410 3015 1607 3046; x_wconf 86' lang='lat' dir='ltr'>Francorum</span> <span class='ocrx_word' id='word_1_1031' title='bbox 1629 3014 1724 3054; x_wconf 87' lang='lat' dir='ltr'>Regi:</span> <span class='ocrx_word' id='word_1_1032' title='bbox 1749 3014 1845 3045; x_wconf 84' lang='lat' dir='ltr'>altera</span> <span class='ocrx_word' id='word_1_1033' title='bbox 1875 3011 2079 3044; x_wconf 87' lang='lat' dir='ltr'>s.Lud0vico</span> <span class='ocrx_word' id='word_1_1034' title='bbox 2101 3011 2294 3050; x_wconf 90' lang='lat' dir='ltr'>confessori,</span> <span class='ocrx_word' id='word_1_1035' title='bbox 2315 3010 2376 3043; x_wconf 82' lang='lat' dir='ltr'>Ca-</span> 
     </span>
     <span class='ocr_line' id='line_1_138' title="bbox 1300 3055 2376 3101; baseline -0.005 -10"><span class='ocrx_word' id='word_1_1036' title='bbox 1300 3060 1359 3091; x_wconf 91' lang='lat' dir='ltr'>roli</span> <span class='ocrx_word' id='word_1_1037' title='bbox 1370 3060 1396 3091; x_wconf 91' lang='lat'>11</span> <span class='ocrx_word' id='word_1_1038' title='bbox 1412 3059 1578 3101; x_wconf 91' lang='lat' dir='ltr'>utriusque</span> <span class='ocrx_word' id='word_1_1039' title='bbox 1593 3058 1715 3090; x_wconf 85' lang='lat' dir='ltr'>Siciliae</span> <span class='ocrx_word' id='word_1_1040' title='bbox 1726 3058 1820 3098; x_wconf 80' lang='lat' dir='ltr'>Regis</span> <span class='ocrx_word' id='word_1_1041' title='bbox 1834 3057 1900 3089; x_wconf 89' lang='lat' dir='ltr'>filio</span> <span class='ocrx_word' id='word_1_1042' title='bbox 1915 3056 2141 3098; x_wconf 82' lang='lat' dir='ltr'>primogenito.</span> <span class='ocrx_word' id='word_1_1043' title='bbox 2158 3056 2223 3094; x_wconf 86' lang='lat' dir='ltr'>Qui</span> <span class='ocrx_word' id='word_1_1044' title='bbox 2238 3055 2376 3097; x_wconf 82' lang='lat' dir='ltr'>primam</span> 
     </span>
     <span class='ocr_line' id='line_1_139' title="bbox 1300 3100 2375 3142; baseline -0.005 -6"><span class='ocrx_word' id='word_1_1045' title='bbox 1300 3111 1459 3136; x_wconf 88' lang='lat' dir='ltr'>sectantur</span> <span class='ocrx_word' id='word_1_1046' title='bbox 1477 3103 1635 3142; x_wconf 89' lang='lat' dir='ltr'>notitiam,</span> <span class='ocrx_word' id='word_1_1047' title='bbox 1651 3103 1690 3134; x_wconf 90' lang='lat' dir='ltr'>ad</span> <span class='ocrx_word' id='word_1_1048' title='bbox 1705 3102 1783 3134; x_wconf 91' lang='lat' dir='ltr'>illud</span> <span class='ocrx_word' id='word_1_1049' title='bbox 1802 3113 1922 3133; x_wconf 91' lang='lat' dir='ltr'>munus</span> <span class='ocrx_word' id='word_1_1050' title='bbox 1941 3101 2171 3133; x_wconf 88' lang='lat' dir='ltr'>Carbonellum</span> <span class='ocrx_word' id='word_1_1051' title='bbox 2186 3110 2272 3132; x_wconf 89' lang='grc'><strong>011110</strong></span> <span class='ocrx_word' id='word_1_1052' title='bbox 2292 3100 2375 3141; x_wconf 82' lang='grc'><strong>1239</strong></span> 
     </span>
     <span class='ocr_line' id='line_1_140' title="bbox 1300 3143 2374 3189; baseline -0.005 -9"><span class='ocrx_word' id='word_1_1053' title='bbox 1300 3149 1460 3180; x_wconf 89' lang='lat' dir='ltr'>adlectum</span> <span class='ocrx_word' id='word_1_1054' title='bbox 1482 3155 1628 3186; x_wconf 86' lang='lat' dir='ltr'>narrant;</span> <span class='ocrx_word' id='word_1_1055' title='bbox 1652 3147 1685 3178; x_wconf 92' lang='lat' dir='ltr'>id</span> <span class='ocrx_word' id='word_1_1056' title='bbox 1708 3157 1794 3178; x_wconf 87' lang='lat' dir='ltr'>anno</span> <span class='ocrx_word' id='word_1_1057' title='bbox 1823 3147 1905 3189; x_wconf 87' lang='lat'>1287</span> <span class='ocrx_word' id='word_1_1058' title='bbox 1930 3146 2110 3186; x_wconf 84' lang='lat' dir='ltr'>contigisse,</span> <span class='ocrx_word' id='word_1_1059' title='bbox 2135 3145 2191 3187; x_wconf 88' lang='lat' dir='ltr'>qui</span> <span class='ocrx_word' id='word_1_1060' title='bbox 2214 3143 2302 3176; x_wconf 84' lang='lat' dir='ltr'>alteri</span> <span class='ocrx_word' id='word_1_1061' title='bbox 2317 3154 2374 3176; x_wconf 87' lang='lat' dir='ltr'>no-</span> 
     </span>
     <span class='ocr_line' id='line_1_141' title="bbox 1299 3188 2375 3231; baseline -0.004 -7"><span class='ocrx_word' id='word_1_1062' title='bbox 1299 3193 1384 3224; x_wconf 87' lang='lat' dir='ltr'>titiae</span> <span class='ocrx_word' id='word_1_1063' title='bbox 1408 3193 1587 3223; x_wconf 86' lang='lat' dir='ltr'>adhaerent.</span> <span class='ocrx_word' id='word_1_1064' title='bbox 1621 3191 1702 3223; x_wconf 84' lang='lat' dir='ltr'>Satis</span> <span class='ocrx_word' id='word_1_1065' title='bbox 1725 3192 1818 3223; x_wconf 86' lang='lat' dir='ltr'>Petro</span> <span class='ocrx_word' id='word_1_1066' title='bbox 1842 3192 1882 3222; x_wconf 93' lang='lat' dir='ltr'>de</span> <span class='ocrx_word' id='word_1_1067' title='bbox 1905 3191 1986 3222; x_wconf 85' lang='lat' dir='ltr'>Alva</span> <span class='ocrx_word' id='word_1_1068' title='bbox 2014 3190 2127 3221; x_wconf 84' lang='lat' dir='ltr'>arridet</span> <span class='ocrx_word' id='word_1_1069' title='bbox 2150 3189 2268 3231; x_wconf 84' lang='lat' dir='ltr'>prima:</span> <span class='ocrx_word' id='word_1_1070' title='bbox 2293 3188 2375 3220; x_wconf 72' lang='lat' dir='ltr'>hane</span> 
     </span>
     <span class='ocr_line' id='line_1_142' title="bbox 1301 3233 2374 3278; baseline -0.004 -10"><span class='ocrx_word' id='word_1_1071' title='bbox 1301 3238 1394 3269; x_wconf 88' lang='lat' dir='ltr'>habet</span> <span class='ocrx_word' id='word_1_1072' title='bbox 1413 3247 1472 3278; x_wconf 91' lang='lat' dir='ltr'>pro</span> <span class='ocrx_word' id='word_1_1073' title='bbox 1487 3237 1594 3268; x_wconf 82' lang='lat' dir='ltr'>fabula</span> <span class='ocrx_word' id='word_1_1074' title='bbox 1611 3236 1792 3276; x_wconf 87' lang='lat' dir='ltr'>Wadingus</span> <span class='ocrx_word' id='word_1_1075' title='bbox 1807 3236 2001 3276; x_wconf 84' lang='lat' dir='ltr'>alteramque</span> <span class='ocrx_word' id='word_1_1076' title='bbox 2022 3234 2232 3275; x_wconf 84' lang='lat' dir='ltr'>amplectitur.</span> <span class='ocrx_word' id='word_1_1077' title='bbox 2252 3233 2374 3265; x_wconf 87' lang='lat' dir='ltr'>Verum</span> 
     </span>
     <span class='ocr_line' id='line_1_143' title="bbox 1301 3276 2373 3322; baseline -0.005 -9"><span class='ocrx_word' id='word_1_1078' title='bbox 1301 3289 1332 3314; x_wconf 89' lang='lat' dir='ltr'>et</span> <span class='ocrx_word' id='word_1_1079' title='bbox 1354 3282 1431 3313; x_wconf 83' lang='lat' dir='ltr'>haec</span> <span class='ocrx_word' id='word_1_1080' title='bbox 1461 3281 1571 3312; x_wconf 87' lang='grc'><strong>01111110</strong></span> <span class='ocrx_word' id='word_1_1081' title='bbox 1601 3291 1658 3322; x_wconf 92' lang='lat' dir='ltr'>per</span> <span class='ocrx_word' id='word_1_1082' title='bbox 1680 3281 1783 3312; x_wconf 84' lang='lat' dir='ltr'>solam</span> <span class='ocrx_word' id='word_1_1083' title='bbox 1813 3280 2029 3312; x_wconf 85' lang='lat' dir='ltr'>coniecturam</span> <span class='ocrx_word' id='word_1_1084' title='bbox 2059 3279 2142 3310; x_wconf 85' lang='lat' dir='ltr'>dicta</span> <span class='ocrx_word' id='word_1_1085' title='bbox 2164 3285 2258 3317; x_wconf 88' lang='lat' dir='ltr'>sunt,</span> <span class='ocrx_word' id='word_1_1086' title='bbox 2282 3276 2373 3308; x_wconf 90' lang='lat' dir='ltr'>nullo</span> 
     </span>
     <span class='ocr_line' id='line_1_144' title="bbox 1300 3320 2374 3358; baseline -0.005 -1"><span class='ocrx_word' id='word_1_1087' title='bbox 1300 3332 1426 3358; x_wconf 90' lang='lat' dir='ltr'>vetusto</span> <span class='ocrx_word' id='word_1_1088' title='bbox 1450 3325 1529 3357; x_wconf 87' lang='lat' dir='ltr'>fulta</span> <span class='ocrx_word' id='word_1_1089' title='bbox 1552 3325 1758 3357; x_wconf 87' lang='lat' dir='ltr'>documento.</span> <span class='ocrx_word' id='word_1_1090' title='bbox 1792 3325 1895 3356; x_wconf 90' lang='lat' dir='ltr'>lmmo</span> <span class='ocrx_word' id='word_1_1091' title='bbox 1920 3323 2150 3355; x_wconf 88' lang='lat' dir='ltr'>Carbonellum</span> <span class='ocrx_word' id='word_1_1092' title='bbox 2173 3321 2311 3354; x_wconf 87' lang='lat' dir='ltr'>detrudit</span> <span class='ocrx_word' id='word_1_1093' title='bbox 2333 3320 2374 3352; x_wconf 83' lang='lat' dir='ltr'>ad</span> 
     </span>
     <span class='ocr_line' id='line_1_145' title="bbox 1301 3364 2372 3412; baseline -0.006 -10"><span class='ocrx_word' id='word_1_1094' title='bbox 1301 3370 1615 3412; x_wconf 85' lang='lat' dir='ltr'>quartumdecimum</span> <span class='ocrx_word' id='word_1_1095' title='bbox 1645 3369 1809 3401; x_wconf 86' lang='lat' dir='ltr'>saeculum</span> <span class='ocrx_word' id='word_1_1096' title='bbox 1832 3369 1983 3400; x_wconf 87' lang='lat' dir='ltr'>Nicolaus</span> <span class='ocrx_word' id='word_1_1097' title='bbox 2006 3367 2168 3399; x_wconf 85' lang='lat' dir='ltr'>Antonius</span> <span class='ocrx_word' id='word_1_1098' title='bbox 2190 3366 2223 3398; x_wconf 91' lang='lat' dir='ltr'>in</span> <span class='ocrx_word' id='word_1_1099' title='bbox 2246 3375 2303 3397; x_wconf 88' lang='lat' dir='ltr'>sua</span> <span class='ocrx_word' id='word_1_1100' title='bbox 2320 3364 2372 3396; x_wconf 87' lang='lat' dir='ltr'>Bi-</span> 
     </span>
     <span class='ocr_line' id='line_1_146' title="bbox 1301 3409 2371 3455; baseline -0.006 -9"><span class='ocrx_word' id='word_1_1101' title='bbox 1301 3415 1459 3446; x_wconf 87' lang='lat' dir='ltr'>bliotheca</span> <span class='ocrx_word' id='word_1_1102' title='bbox 1473 3414 1569 3446; x_wconf 88' lang='lat' dir='ltr'>veteri</span> <span class='ocrx_word' id='word_1_1103' title='bbox 1585 3414 1764 3455; x_wconf 87' lang='lat' dir='ltr'>hispanica;</span> <span class='ocrx_word' id='word_1_1104' title='bbox 1780 3414 1956 3454; x_wconf 81' lang='lat' dir='ltr'>allegatque</span> <span class='ocrx_word' id='word_1_1105' title='bbox 1975 3418 2187 3444; x_wconf 84' lang='lat' dir='ltr'>monumenta</span> <span class='ocrx_word' id='word_1_1106' title='bbox 2199 3409 2274 3442; x_wconf 84' lang='grc'><strong>011111</strong></span> <span class='ocrx_word' id='word_1_1107' title='bbox 2290 3409 2371 3451; x_wconf 85' lang='lat'>1337</span> 
     </span>
     <span class='ocr_line' id='line_1_147' title="bbox 1302 3454 2372 3504; baseline -0.007 -13"><span class='ocrx_word' id='word_1_1108' title='bbox 1302 3460 1334 3491; x_wconf 91' lang='lat' dir='ltr'>in</span> <span class='ocrx_word' id='word_1_1109' title='bbox 1353 3459 1470 3501; x_wconf 88' lang='lat' dir='ltr'>quibus</span> <span class='ocrx_word' id='word_1_1110' title='bbox 1489 3459 1603 3500; x_wconf 81' lang='lat' dir='ltr'>legitur</span> <span class='ocrx_word' id='word_1_1111' title='bbox 1615 3458 1669 3500; x_wconf 88' lang='lat' dir='ltr'>fr.</span> <span class='ocrx_word' id='word_1_1112' title='bbox 1680 3459 1813 3490; x_wconf 84' lang='lat' dir='ltr'>Pontius</span> <span class='ocrx_word' id='word_1_1113' title='bbox 1835 3458 2047 3489; x_wconf 81' lang='lat' dir='ltr'>Carbonellus</span> <span class='ocrx_word' id='word_1_1114' title='bbox 2065 3455 2277 3488; x_wconf 71' lang='lat' dir='ltr'>Prouincialis</span> <span class='ocrx_word' id='word_1_1115' title='bbox 2289 3454 2372 3504; x_wconf 68' lang='lat' dir='ltr'>Asa-</span> 
     </span>
     <span class='ocr_line' id='line_1_148' title="bbox 1301 3498 2374 3546; baseline -0.007 -11"><span class='ocrx_word' id='word_1_1116' title='bbox 1301 3505 1430 3546; x_wconf 83' lang='lat' dir='ltr'>goniae.</span> <span class='ocrx_word' id='word_1_1117' title='bbox 1456 3503 1518 3535; x_wconf 85' lang='lat' dir='ltr'>Sed</span> <span class='ocrx_word' id='word_1_1118' title='bbox 1541 3503 1628 3542; x_wconf 87' lang='lat' dir='ltr'>haec,</span> <span class='ocrx_word' id='word_1_1119' title='bbox 1653 3513 1735 3545; x_wconf 89' lang='lat' dir='ltr'>quae</span> <span class='ocrx_word' id='word_1_1120' title='bbox 1759 3502 1939 3544; x_wconf 84' lang='lat' dir='ltr'>diligentius</span> <span class='ocrx_word' id='word_1_1121' title='bbox 1959 3499 2164 3542; x_wconf 85' lang='lat' dir='ltr'>expenderint</span> <span class='ocrx_word' id='word_1_1122' title='bbox 2186 3498 2254 3537; x_wconf 81' lang='lat' dir='ltr'>alii,</span> <span class='ocrx_word' id='word_1_1123' title='bbox 2278 3507 2374 3528; x_wconf 80' lang='lat' dir='ltr'>missa</span> 
     </span>
     <span class='ocr_line' id='line_1_149' title="bbox 1303 3548 1395 3580; baseline 0.011 -1"><span class='ocrx_word' id='word_1_1124' title='bbox 1303 3548 1395 3580; x_wconf 78' lang='lat' dir='ltr'>facin.</span> 
     </span>
    </p>
   </div>
  </div>
 </body>
</html>
