2548 4192
502 269 962 306 DISSERTATIONES
993 270 1242 307 CRITICAE
1272 271 1327 307 IN
1358 271 1396 308 S.
1418 272 1660 309 THOMAM
1689 274 2014 320 AQUINATEM

162 351 302 383 nomae
322 349 363 380 de
384 349 512 389 Aquino
535 349 686 379 Doctoris
709 349 820 378 eximii
848 358 924 379 cum
947 348 1053 379 Indice
1077 356 1230 388 operum:

157 406 192 427 ac
216 394 322 434 elogio
351 393 484 423 demum
508 392 683 423 Innocentii
708 392 748 422 111
778 399 864 432 gesta
892 393 1074 423 inseruntur
1097 393 1232 423 Ioannis

156 441 197 471 de
222 439 355 475 comite,
371 447 408 468 ex
425 436 546 468 Ordine
560 437 818 467 Praedicatorum
837 437 876 467 ad
891 437 1006 468 Sedem
1021 437 1163 477 primum
1182 437 1232 467 Pi-

157 494 267 515 sanam
290 481 522 523 episcopalem,
546 481 660 511 deinde
679 481 719 511 ad
746 481 1048 521 archiepiscopalem
1067 482 1232 512 Nicosien-

157 525 226 559 sem
248 527 281 558 in
305 527 409 557 insula
431 525 542 566 Cypro
566 525 738 565 adsumpti.
760 526 795 555 In
819 525 925 566 elogio
944 526 1065 556 Alberti
1088 526 1231 557 Theuto-

157 573 220 604 nici
242 572 320 602 Flos
342 577 475 601 vocatur
493 570 659 601 doctorum
679 569 825 600 Thomas
847 575 878 601 et
897 576 1048 601 sanctus:
1067 570 1231 612 ipsiusque

156 616 277 648 Alberti
300 615 457 646 indicatur
475 614 598 652 obitus,
618 624 717 655 quem
735 624 821 644 anno
851 614 934 645 1280
954 625 991 645 ex
1014 615 1073 646 hac
1096 615 1160 646 vita
1179 626 1230 646 su-

156 662 279 692 blatum
302 660 430 691 scimus.
455 659 490 689 In
514 658 620 698 elogio
644 658 792 689 Thomae
816 659 1004 690 celebratam
1027 669 1048 690 a
1070 660 1160 700 Papa
1179 660 1231 690 Io-

155 715 242 737 anne
263 704 371 736 XXII
393 703 462 734 eius
485 702 687 743 apotheosim
715 703 851 742 legimus
878 713 965 734 anno
989 704 1232 735 lucar-nationis

154 751 346 781 Dominicae
374 749 454 779 1325
476 746 548 790 (23)
572 749 606 778 in
626 748 784 778 Avinione
803 749 930 779 civitate
947 749 1152 780 Provinciae:
1173 759 1230 779 no-

155 801 302 835 taturque
317 794 450 823 demum
464 792 592 823 Ioannis
607 792 800 823 Nicosiensis
817 793 924 823 obitus
941 794 974 824 in
997 794 1105 824 insula
1127 794 1232 834 Cypri

155 849 243 870 anno
268 839 349 869 1322
373 835 490 880 (1332)
514 837 627 867 ultima
646 837 698 867 die
717 837 797 867 iulii.
821 837 948 875 Quibus
967 848 1127 868 annorum
1146 838 1230 869 notis

147 890 271 917 notum
289 882 325 913 fit
344 888 629 922 compertumque,
653 888 817 912 auctorem
836 882 906 912 libri
929 882 969 913 de
994 882 1076 913 Viris
1097 883 1231 914 illustri-

154 928 224 966 bus,
249 927 378 969 qualern
401 926 525 956 exhibet
549 926 690 957 Venetus
714 926 824 964 codex,
845 926 906 957 dici
930 937 997 957 non
1020 937 1115 967 posse
1139 928 1229 958 Ioan-

154 982 230 1003 nem
253 972 293 1002 de
325 971 489 1002 Columna
514 980 704 1008 romanum,
730 970 804 1000 divo
828 971 976 1001 Thomae
999 971 1229 1012 synchronum,

154 1017 193 1048 ad
222 1016 339 1047 infulas
370 1016 587 1046 Messanenses
617 1014 651 1045 in
679 1014 784 1045 Sicilia
811 1025 896 1045 anno
931 1016 1011 1045 1255
1039 1022 1229 1055 promotum

154 1062 194 1092 ab
213 1060 394 1092 Alexandro
413 1066 544 1100 quarto,
567 1059 754 1099 scriptorem
771 1059 911 1090 chronici
931 1060 990 1090 sub
1009 1059 1103 1090 titulo
1122 1061 1231 1090 Maris

153 1106 382 1143 historiarum,
415 1114 450 1134 ac
478 1103 616 1133 dimissis
645 1102 754 1133 infulis
783 1103 1038 1134 Messanensibus
1067 1104 1229 1134 Vicarium

154 1150 248 1182 Urbis
267 1159 353 1179 anno
378 1148 460 1178 1263
481 1148 520 1177 ab
541 1147 671 1178 Urbano
690 1153 805 1188 quarto
825 1148 1024 1188 deputatum.
1050 1148 1142 1178 Hanc
1161 1148 1229 1178 eius

153 1200 299 1230 aetatem,
318 1193 380 1223 hos
399 1191 558 1232 dignitatis
582 1198 613 1222 et
635 1190 768 1222 honoris
790 1192 906 1230 gradus
926 1192 1066 1222 referunt
1080 1192 1229 1223 Rocchus

152 1237 259 1270 Pir-rus
289 1237 323 1268 in
346 1236 452 1268 Sicilia
470 1246 557 1266 sacra
575 1243 607 1267 et
629 1236 764 1267 Iacobus
787 1235 961 1267 Echardus.
982 1236 1119 1268 Obitum
1147 1236 1228 1267 eius-

153 1282 230 1314 dem
255 1281 336 1312 inter
364 1291 465 1311 annos
493 1280 575 1311 1280
609 1287 640 1311 et
675 1290 757 1321 1290
782 1280 951 1320 contigisse
986 1281 1072 1312 idem
1100 1281 1229 1312 coniicit

152 1325 541 1371 Echardus,mmectura
572 1331 701 1365 sumpta
733 1335 771 1356 ex
802 1324 940 1356 indicato
973 1325 1094 1356 Alberti
1122 1326 1229 1366 Magni

152 1381 239 1403 anno
262 1370 447 1402 emortuali:
477 1369 533 1400 sed
556 1379 657 1411 aeque
680 1369 778 1401 vitam
805 1369 873 1400 eius
892 1370 1130 1410 prorogandam
1148 1370 1229 1401 ultra

151 1425 275 1447 annum
298 1415 379 1446 1323
400 1414 556 1446 evinceret
574 1421 751 1445 memorata
770 1414 834 1446 divi
853 1414 1002 1445 Thomae
1024 1414 1228 1455 apotheosis,

151 1459 221 1492 imo
243 1466 274 1492 et
303 1459 386 1491 ultra
416 1469 538 1490 annum
571 1460 653 1490 1332
681 1466 810 1491 notatus
841 1459 947 1490 obitus
976 1459 1103 1490 Ioannis
1134 1459 1229 1490 Nico-

151 1504 272 1536 siensis.
297 1503 407 1535 Latius
429 1503 511 1534 infra
536 1514 572 1535 ac
603 1503 784 1544 diligentius
813 1504 975 1544 agendum
1004 1504 1083 1534 mihi
1109 1511 1171 1535 est:
1196 1504 1230 1534 in

246 1559 288 1580 ue
320 1548 509 1580 sententiam
540 1548 606 1579 iam
637 1559 759 1589 pronus
795 1549 896 1587 feror,
928 1555 964 1579 ut
994 1548 1163 1580 coniiciarn
1193 1549 1230 1579 li-

151 1593 247 1626 brum
268 1593 310 1625 de
338 1593 422 1624 Viris
444 1593 624 1624 illustribus
647 1603 666 1623 a
690 1594 808 1624 Ioanne
830 1593 869 1624 de
888 1593 1052 1624 Columna
1075 1593 1230 1644 scripturn

150 1638 285 1680 quidem
307 1637 420 1689 fuisse,
451 1638 623 1669 recentiore
646 1644 754 1669 tamen
781 1638 1010 1678 interpolatum
1034 1648 1132 1668 manu
1157 1638 1230 1669 scri-

151 1682 264 1724 ptoris,
283 1682 340 1724 qui
358 1692 444 1713 anno
469 1683 551 1714 1332
573 1682 673 1713 vitam
691 1683 796 1714 adhuc
815 1683 935 1722 agebat.
954 1682 1038 1713 Hinc
1058 1681 1120 1713 fide
1139 1683 1230 1713 omni

151 1726 356 1768 dignissimus
378 1737 482 1758 novus
500 1727 589 1758 adest
607 1726 754 1767 Operum
782 1738 807 1758 s.
820 1727 968 1758 Thomae
984 1727 1070 1758 testis
1093 1727 1228 1758 Ioannes

151 1771 193 1804 de
212 1771 392 1804 Columna:
413 1781 519 1813 neque
541 1771 619 1802 fides
642 1772 738 1802 etiam
760 1771 979 1812 interpolatori
1003 1771 1148 1811 neganda
1171 1779 1228 1810 est,

151 1815 208 1858 qui
230 1816 379 1848 Thomae
397 1816 491 1847 aetati
511 1826 631 1856 suppar
649 1815 720 1854 fuit,
736 1816 896 1858 simulque
915 1815 1048 1847 florebat
1066 1825 1142 1846 cum
1155 1816 1228 1847 Ber-

151 1859 252 1894 mnio
276 1859 436 1892 Guidonis
459 1866 491 1891 et
511 1861 606 1892 Petro
630 1860 779 1900 Rogerio.

219 1905 382 1945 integrum
410 1915 547 1945 operum
571 1905 712 1936 Iudicem
735 1905 874 1946 pretium
902 1915 1017 1946 operae
1047 1905 1131 1936 duco
1155 1916 1229 1946 pro-

151 1948 232 1982 ferre
253 1949 288 1981 in
310 1949 428 1988 lucem,
452 1956 488 1980 ut
510 1949 602 1980 locus
625 1949 774 1981 nondum
796 1950 899 1981 editus
927 1950 1028 1980 modo
1052 1957 1168 1990 pateat,
1193 1961 1230 1982 ex

150 2003 220 2036 quo
241 1993 335 2035 plura
357 1993 506 2035 deinceps
531 1994 714 2025 testimonia
739 1995 936 2026 desumenda
959 2002 1043 2026 sunt.
1067 2007 1082 2022 «
1099 1994 1230 2036 Scripsit

153 2050 173 2067 »
188 2044 301 2072 autem
317 2038 371 2070 hic
388 2038 646 2079 incomparabilis
665 2039 788 2070 Doctor
810 2049 906 2080 super
926 2039 1049 2077 Isaiam,
1069 2049 1166 2080 super
1185 2040 1230 2071 le-

153 2095 171 2112 »
190 2083 335 2121 remi-m,
350 2093 446 2124 super
464 2084 623 2122 Threnos,
642 2094 739 2124 super
758 2084 814 2115 Iob
833 2085 874 2114 ad
892 2084 1038 2122 litteram,
1056 2093 1140 2124 opus
1159 2085 1230 2126 qui-

154 2138 171 2156 »
192 2127 267 2159 dem
294 2127 447 2159 mirabile.
469 2128 531 2159 Ista
553 2128 699 2169 superius
723 2129 846 2170 scripsit
874 2139 970 2169 super
993 2129 1091 2159 libros
1118 2129 1230 2160 veteris

153 2183 170 2200 a
190 2173 398 2204 Testamenti.
419 2172 522 2213 Super
544 2173 642 2203 libros
666 2179 775 2204 autem
798 2173 882 2204 Novi
903 2173 980 2204 haec
1004 2173 1128 2213 scripsit
1148 2184 1230 2215 quae

153 2228 170 2245 ι
191 2224 386 2259 sequuntur:
407 2217 512 2258 primo
526 2227 623 2258 super
645 2225 785 2258 quatuor
808 2218 978 2258 Evangelia
1002 2218 1042 2248 ad
1064 2219 1230 2249 Urbanum

153 2273 170 2290 ι
190 2261 323 2303 Papam,
345 2272 429 2302 opus
447 2261 713 2302 incomparabile:
737 2272 834 2303 super
853 2263 1031 2303 Epistolam
1050 2263 1090 2293 ad
1110 2263 1229 2294 Roma-

153 2317 170 2334 »
191 2316 263 2344 nos,
278 2316 374 2347 super
395 2306 532 2347 primam
546 2306 726 2347 Epistolam
745 2308 785 2337 ad
804 2307 1008 2345 Corinthios;
1024 2314 1054 2338 et
1067 2307 1141 2339 licet
1158 2318 1229 2339 raro

153 2361 169 2379 a
190 2350 396 2392 reperiantur,
410 2358 518 2382 tamen
529 2350 618 2382 afide
638 2351 741 2391 dignis
760 2352 867 2382 audivi
885 2353 975 2394 quod
989 2352 1057 2393 ipse
1071 2352 1230 2393 scripserit

153 2406 169 2424 a
190 2405 286 2437 super
304 2405 418 2426 omnes
441 2395 601 2436 Epistolas
628 2396 728 2427 Pauli.
758 2396 889 2437 Scripsit
916 2407 1012 2437 super
1035 2404 1174 2437 quatuor
1192 2397 1229 2428 li-

152 2451 170 2468 »
190 2440 266 2471 bros
291 2440 535 2478 sententiarum,
555 2440 607 2471 cui
630 2450 697 2471 non
718 2441 878 2472 invenitur
898 2442 1001 2472 adhuc
1021 2441 1134 2479 simile,
1155 2452 1230 2472 curn

154 2496 170 2512 a
195 2484 303 2525 plures
322 2484 375 2515 alii
399 2491 473 2524 post
497 2495 573 2515 eum
601 2485 789 2525 scripserint.
819 2485 988 2516 Summam
1017 2492 1127 2517 contra
1154 2496 1229 2526 gen-

153 2541 170 2556 »
191 2528 262 2560 tiles
285 2528 369 2560 fecit.
389 2528 559 2559 Summam
580 2529 776 2569 theologiae,
796 2540 895 2570 quam
915 2530 1019 2560 divisit
1037 2530 1071 2561 in
1090 2538 1230 2572 quatuor

153 2585 169 2601 ι
190 2573 366 2604 volumina.
383 2573 486 2614 Super
499 2573 695 2614 Dionysium
712 2574 751 2605 de
773 2574 887 2605 divinis
909 2574 1104 2606 nominibus.
1127 2575 1230 2615 Super

153 2629 170 2646 ι
189 2617 364 2650 Boethium
387 2618 426 2648 de
454 2617 725 2649 hebdomadibus:
755 2629 851 2659 super
881 2619 1033 2650 eumdem
1061 2620 1100 2650 de
1123 2619 1228 2650 Trini—

153 2664 169 2691 ἡ
190 2668 263 2694 tate.
293 2661 504 2700 Quaestiones
525 2662 563 2693 de
586 2662 731 2700 veritate,
762 2663 800 2693 de
827 2663 1042 2704 spiritualibus
1064 2664 1228 2702 creaturis,

153 2718 171 2736 ι
191 2707 232 2738 de
258 2706 401 2748 potentia
427 2706 511 2745 Dei,
540 2707 580 2738 de
606 2707 799 2746 virtutibus,
829 2708 868 2739 de
892 2708 1007 2739 anima.
1035 2709 1230 2746 Quodlibeta

154 2763 170 2780 ²
191 2751 351 2783 undecim.
380 2751 484 2791 Super
514 2758 588 2782 octo
617 2747 715 2782 libros
738 2752 957 2793 physicorum.
987 2753 1091 2794 Super
1109 2760 1170 2784 tres
1194 2753 1229 2784 Ii-

151 2807 170 2826 »
188 2796 266 2827 bros
299 2796 339 2826 de
373 2797 460 2827 caelo
494 2803 524 2827 et
557 2797 691 2827 mundo.
726 2797 829 2838 Super
856 2798 998 2837 primurn
1035 2798 1074 2828 de
1102 2808 1230 2838 genera-

154 2852 171 2868 »
192 2841 280 2872 tione
304 2847 335 2871 et
358 2841 572 2882 corruptione.
593 2841 695 2882 Super
727 2842 810 2872 duos
842 2842 940 2873 libros
971 2843 1231 2873 mechanicorum

154 2897 170 2913 a
193 2883 460 2929 (meteororum).
490 2885 592 2926 Super
619 2885 737 2916 librum
767 2886 806 2917 de
834 2887 950 2918 anima.
981 2887 1083 2927 Super
1114 2887 1232 2917 librum

157 2941 174 2958 ›
195 2930 236 2960 de
263 2939 357 2961 sensu
386 2937 417 2961 et
444 2937 580 2961 sensato.
605 2930 708 2971 Super
734 2930 852 2961 librum
882 2932 921 2962 de
944 2932 1100 2962 memoria
1129 2938 1159 2962 et
1187 2942 1233 2962 re—

157 2985 174 3001 »
195 2973 403 3005 miniscentia.
435 2975 538 3015 Super
564 2975 683 3005 librum
711 2975 750 3006 de
778 2976 889 3006 causis.
926 2976 1028 3016 Super
1060 2976 1233 3006 duodecim

158 3029 174 3045 ι
195 3017 293 3048 libros
316 3019 618 3060 metaphysicorum.
649 3019 751 3060 Super
779 3020 889 3050 decem
915 3020 1014 3051 libros
1042 3021 1230 3051 ethicorum.

158 3073 173 3089 ²
195 3062 299 3102 Super
316 3070 455 3103 quatuor
472 3063 570 3094 libros
592 3064 808 3104 politicorum.
829 3064 934 3104 Super
949 3065 1092 3106 primum
1115 3065 1233 3095 librum

158 3118 174 3134 ι
195 3106 451 3147 perihermenias.
476 3107 579 3148 Super
597 3108 716 3139 librum
734 3109 959 3148 posteriorum.
984 3110 1170 3140 Tractatum
1194 3110 1233 3140 de

158 3163 174 3178 ι
196 3150 388 3190 modalibus.
416 3151 603 3182 Tractatum
627 3152 666 3183 de
692 3153 830 3184 fallaciis.
851 3153 1018 3194 Opuscula
1042 3161 1151 3184 contra
1174 3154 1233 3184 im-

158 3207 174 3223 »
197 3202 374 3236 pugnantes
398 3195 457 3226 Dei
481 3195 604 3226 cultum
634 3203 665 3227 et
692 3197 888 3237 religionem.
913 3198 1020 3229 Brevis
1048 3198 1232 3238 compilatio

123 3240 131 3246 ”
159 3251 175 3268 »
196 3239 386 3279 theologiae.
415 3240 463 3270 De
482 3239 674 3280 perfectione
693 3241 775 3272 vitae
798 3242 978 3282 spiritualis.
1007 3243 1056 3273 De
1079 3242 1232 3282 regimine

159 3296 176 3312 ι
197 3285 324 3324 Regum
356 3284 396 3314 ad
419 3285 540 3324 Regem
564 3284 680 3325 Cypri,
703 3286 793 3326 quod
825 3287 956 3327 quidem
989 3297 1072 3327 opus
1101 3287 1233 3317 minime

160 3341 176 3357 »
198 3328 380 3369 complevit.
413 3328 462 3359 De
487 3329 667 3360 aeternitate
690 3331 803 3360 mundi
828 3338 938 3361 contra
951 3330 1157 3361 Averroistas.
1185 3331 1233 3361 De

160 3386 176 3401 ι
199 3373 349 3414 operibus
373 3372 505 3403 occultis
529 3380 668 3404 naturae.
693 3374 742 3404 De
764 3374 902 3405 articulis
926 3374 998 3405 fidei
1022 3381 1052 3405 et
1075 3375 1232 3405 Ecclesiae

161 3429 177 3446 ι
198 3417 417 3449 Sacramentis.
443 3417 564 3448 Contra
587 3427 726 3448 errorem
754 3418 960 3449 Graecorum.
990 3419 1232 3458 Expositionem

161 3474 177 3490 n
198 3472 295 3503 super
313 3462 492 3493 orationem
506 3461 720 3493 Dominicam.
736 3462 979 3502 Expositionem
997 3463 1152 3503 Symboli.
1171 3463 1231 3492 Ex-

161 3518 177 3534 »
199 3506 394 3547 positionem
409 3507 519 3537 decem
533 3513 776 3546 praeceptorum
794 3506 956 3546 Decalogi.
983 3507 1170 3536 Tractatum
1193 3506 1232 3540 de

161 3562 178 3579 a
199 3551 320 3582 unitate
342 3551 529 3582 sennarum.
550 3551 599 3581 De
617 3551 742 3581 iudiciis
760 3557 927 3581 astrorum.
948 3551 996 3581 De
1013 3550 1117 3580 forma
1140 3551 1231 3580 abso-

161 3606 177 3623 »
199 3595 340 3626 lutionis.
356 3596 405 3626 De
420 3602 511 3627 motu
531 3596 644 3626 cordis.
662 3595 710 3626 De
723 3595 871 3626 sortibus.
887 3595 936 3625 De
954 3594 1129 3625 rationibus
1147 3593 1230 3624 fidei.

161 3651 177 3668 υ
198 3640 443 3681 Expositionem
465 3650 561 3681 super
579 3640 722 3680 primum
739 3639 953 3671 decretalium.
978 3639 1232 3670 Declarationem

2243 289 2367 315 Lxxvu·

1291 362 1305 377 ι»
1328 351 1555 390 quaestionum
1577 352 1790 392 quarumdam
1813 353 1853 383 ad
1877 354 2064 393 Magistrum
2088 354 2226 386 Ordinis,
2251 357 2364 387 Decla-

1291 407 1304 421 »
1328 394 1484 425 rationem
1512 397 1730 437 quorumdam
1757 397 1974 428 articulorum.
1995 399 2043 429 De
2067 405 2138 429 ente
2164 406 2195 429 et
2218 401 2360 432 essentia.

1291 451 1304 464 »
1327 439 1375 469 De
1394 449 1516 479 genere.
1538 441 1640 481 Super
1659 441 1790 472 Cantica
1805 441 2023 473 Canticorum.
2041 442 2236 483 Composuit
2255 451 2362 475 autem

1291 495 1305 509 >›
1328 484 1429 514 multa
1452 485 1511 514 alia
1531 485 1706 525 opuscula,
1725 496 1808 526 quae
1832 496 1850 516 a
1873 486 1982 517 multis
2005 486 2038 517 in
2062 487 2193 517 diversis
2214 487 2293 518 locis
2307 489 2361 519 ha-

1290 540 1304 554 »
1327 527 1450 559 bentur.
1466 529 1528 559 Hic
1547 536 1655 560 autern
1673 540 1696 560 s.
1713 530 1835 561 Doctor
1854 531 2029 571 adscriptus
2049 538 2095 562 est
2114 532 2258 572 catalogo
2285 532 2361 563 San-

1290 584 1303 598 »
1328 578 1454 602 ctorum
1481 583 1499 603 a
1523 574 1608 614 Papa
1632 574 1750 605 Ioanne
1774 575 1861 606 XXII
1888 585 1973 605 anno
1998 576 2225 606 Incamationis
2248 577 2361 607 Domi-

1290 628 1303 642 ›>
1326 615 1414 647 nicae
1439 618 1519 647 1325
1537 616 1637 661 (23)·
1629 629 1662 648 m
1676 619 1835 650 Avinione
1855 619 1978 650 civitate
1992 620 2186 651 Provinciae.
2215 620 2362 661 Compo-

1290 673 1303 687 »
1327 660 1390 691 suit
1413 668 1520 692 autern
1551 669 1581 693 et
1604 663 1655 694 hic
1684 663 1757 694 felix
1785 671 1816 694 et
1844 671 1970 695 sanctus
1998 664 2120 695 Ductor
2148 664 2294 695 officium
2322 666 2361 696 de

1289 717 1303 731 »
1327 704 1472 746 Corpore
1496 706 1628 745 Christi,
1652 718 1718 748 quo
1749 708 1894 739 devotius
1921 709 1954 739 in
1978 709 2118 740 Ecclesia
2141 709 2200 740 Dei
2225 719 2291 740 non
2315 710 2361 740 di-

1289 762 1303 776 »
1327 749 1417 788 citur,
1438 761 1496 781 nec
1520 758 1671 782 cantatur.
1691 765 1705 779 »
1728 753 1997 793 interpolatricem
2016 753 2095 784 mihi
2114 753 2224 784 videor
2241 754 2274 784 in
2298 754 2361 785 hoc

1287 793 1392 824 Indice
1411 794 1516 825 videre
1534 806 1678 827 manum.
1695 797 1782 834 Quid
1802 804 1847 827 est
1866 797 1951 827 enim
1966 797 2073 838 Opera
2092 798 2191 829 sancti
2211 798 2361 829 Doctoris

1286 848 1456 876 recensere,
1476 846 1546 870 tum
1566 840 1633 870 eius
1652 851 1775 871 narrare
1795 842 1997 881 apotheosim
2015 852 2051 873 ac
2069 842 2186 873 iterum
2212 843 2252 873 ad
2279 843 2359 873 eius-

1286 882 1360 912 dem
1382 884 1492 914 reverti
1508 882 1633 924 Opera?
1652 885 1740 922 Quid
1755 892 1801 916 est
1824 892 1992 925 praeterea,
2013 887 2071 917 sub
2096 886 2224 917 initium
2244 887 2358 918 Indicis

1285 926 1543 958 Commentarios
1567 938 1752 959 enumerare
1775 939 1874 969 super
1896 930 2030 968 Isaiam,
2051 940 2151 971 super
2173 931 2357 969 Ieremiam,

1284 980 1383 1011 super
1411 971 1564 1010 Threnos,
1579 982 1678 1013 super
1692 973 1766 1010 Iob;
1785 974 1957 1005 admonere
1980 985 2072 1013 vero,
2097 976 2158 1006 ista
2173 977 2323 1016 superius
2342 986 2360 1006 a

1285 1014 1360 1045 divo
1379 1015 1520 1046 Doctore
1533 1018 1654 1057 scripta
1665 1017 1775 1056 fuisse
1788 1028 1887 1058 super
1901 1019 1998 1049 libros
2013 1020 2129 1050 veteris
2148 1020 2359 1057 Testamenti,·

1285 1068 1320 1089 ac
1333 1059 1488 1090 demum
1480 1070 1513 1090 111
1528 1061 1611 1091 calce
1626 1061 1738 1092 indicis
1752 1062 1866 1092 addere
1882 1063 2148 1094 commentarium
2162 1074 2260 1114 super
2273 1064 2358 1094 Can-

1285 1104 1348 1133 tica
1376 1103 1602 1135 Canticorum?
1626 1106 1713 1136 Haec
1738 1106 1917 1136 recentioris
1937 1107 2114 1145 cuiusdam,
2139 1108 2194 1148 qui
2220 1108 2318 1138 libros
2342 1119 2360 1139 a

1284 1147 1389 1187 primo
1414 1148 1565 1188 scriptore
1589 1149 1725 1180 omissos
1754 1150 1954 1190 adiungebat,
1978 1151 2125 1182 videntur
2147 1152 2262 1183 indicia
2279 1162 2356 1183 esse.

1284 1192 1397 1232 Neque
1423 1192 1486 1223 loci
1510 1200 1617 1224 tamen
1640 1194 1773 1225 huiusce
1796 1195 2016 1226 auctoritatem
2046 1188 2206 1237 fidemque
2233 1196 2358 1227 minimi

1284 1236 1462 1267 faciendam
1484 1237 1548 1267 13111
1577 1238 1799 1269 adnotavimus
1823 1249 1858 1269 ac
1883 1239 2010 1270 uberius
2034 1240 2175 1271 dicemus
2199 1240 2289 1271 infra.

1352 1281 1389 1311 11.
1415 1281 1524 1312 Hocce
1553 1282 1591 1312 de
1620 1293 1716 1323 opere
1740 1283 1867 1313 Ioannis
1891 1284 1929 1314 de
1955 1284 2117 1315 Columna
2145 1285 2291 1315 nonnihil
2315 1284 2360 1315 di-

1283 1324 1432 1365 ligentius
1460 1327 1621 1366 agendum
1649 1327 1727 1358 mihi
1756 1335 1817 1366 est,
1842 1335 1878 1359 ut
1905 1338 1987 1369 quae
2010 1328 2088 1359 fides
2117 1339 2202 1359 novo
2226 1329 2296 1360 testi
2325 1329 2358 1360 in

1285 1369 1430 1410 Operum
1454 1381 1478 1401 S.
1499 1371 1647 1402 Thomae
1672 1382 1803 1402 censura
1833 1372 2010 1403 adhibenda
2034 1373 2073 1404 sit
2099 1373 2321 1424 splendidius
2313 1384 2360 1404 111·

1285 1421 1442 1453 notescat;
1466 1425 1502 1446 ac
1526 1416 1630 1456 operis
1661 1416 1758 1447 etiam
1777 1417 1924 1447 nondum
1955 1417 2030 1448 editi
2062 1428 2097 1448 ac
2125 1428 2188 1448 una
2215 1418 2248 1448 in
2272 1428 2359 1459 prae-

1285 1458 1368 1489 dicta
1400 1460 1520 1491 Veneta
1548 1460 1738 1492 bibliotheca
1766 1461 1897 1492 extantis
1926 1462 2087 1502 specimen
2118 1462 2249 1503 aliquod
2277 1462 2361 1493 exhi-

1284 1504 1403 1534 beatur.
1438 1504 1595 1536 Codicem
1627 1512 1658 1536 et
1690 1516 1773 1546 opus
1805 1506 1884 1537 vidit
1917 1506 2125 1547 lustravitque
2158 1506 2360 1537 doctissimus

1284 1548 1562 1587 Montfauconius,
1587 1549 1718 1591 eiusque
1748 1550 1894 1581 meminit
1917 1551 1950 1581 in
1964 1550 2073 1582 Diario
2098 1551 2205 1582 Italico
2231 1561 2298 1591 cap.
2315 1562 2359 1589 111,

1284 1603 1356 1633 pag.
1380 1594 1420 1623 5ο
1449 1593 1503 1624 ubi
1527 1601 1672 1625 testatur:
1705 1595 1852 1626 Codicem
1886 1605 1954 1626 esse
1976 1595 2046 1626 XV
2066 1596 2203 1633 saeculi,
2229 1601 2259 1626 et
2281 1605 2362 1636 opus

1285 1647 1349 1668 non
1372 1638 1588 1678 spernendum
1613 1644 1644 1670 et
1671 1640 1742 1670 luce
1765 1639 1912 1680 dignum.
1932 1640 2086 1680 Excerpta
2105 1641 2264 1681 quaedam
2283 1649 2301 1670 a
2316 1640 2361 1670 Ia-

1286 1682 1368 1712 cobo
1397 1683 1580 1723 Hyacintho
1608 1683 1700 1725 Serry
1742 1683 1775 1714 in
1798 1684 1966 1725 gymnasio
1998 1684 2151 1715 Patavino
2182 1684 2362 1724 theologiae

1284 1726 1435 1766 primario
1460 1727 1654 1767 professore,
1683 1735 1714 1759 et
1741 1739 1759 1759 a
1788 1729 1832 1759 Io.
1858 1729 2029 1759 Benedicto
2058 1728 2221 1759 loannelio
2249 1728 2362 1759 biblio-

1285 1770 1393 1801 thecae
1408 1771 1612 1803 Casanatensi
1627 1772 1785 1813 praesecto
1801 1783 1836 1804 ac
1851 1780 1962 1813 postea
1979 1773 2057 1804 sacri
2071 1773 2180 1804 Palatii
2196 1773 2360 1813 Magistro,

1285 1815 1405 1855 accepit
1429 1816 1561 1847 lacobus
1585 1817 1748 1848 Echardus
1786 1817 1946 1858 ediditque
1973 1817 2006 1848 in
2039 1817 2149 1857 elogiis
2173 1817 2271 1848 sancti
2295 1818 2361 1848 Do-

1285 1859 1394 1890 minici
1408 1860 1441 1891 in
1455 1861 1630 1899 Addendis,
1654 1861 1751 1892 sancti
1771 1862 1919 1893 Thomae
1940 1869 1971 1893 et
1985 1862 2111 1893 Ioannis
2126 1862 2165 1893 de
2180 1862 2359 1893 Columna:

1284 1914 1352 1945 quo
1377 1905 1472 1935 etiam
1495 1905 1584 1936 loco:
1608 1906 1751 1944 Utinam,
1779 1906 1899 1948 inquit,
1921 1907 2097 1948 aliquando
2115 1917 2157 1938 ss.
2178 1907 2312 1938 Ioannis
2331 1912 2362 1937 et

1284 1950 1381 1980 Pauli
1407 1950 1579 1982 Sodalibus
1604 1951 1694 1982 Deus
1721 1950 1759 1982 Ο.
1780 1952 1827 1982 Μ.
1847 1952 1996 1991 inspiret,
2024 1957 2059 1982 ut
2086 1961 2166 1991 opus
2193 1951 2252 1982 hoc
2279 1951 2361 1982 iuris

1279 1994 1403 2034 publici
1417 1995 1546 2025 tandem
1561 1995 1706 2036 faciant,
1723 2001 1753 2026 et
1767 1996 1817 2026 rei
1830 1996 2010 2026 litterariae
2036 2001 2066 2026 et
2088 1996 2217 2027 scholae
2232 2001 2362 2026 nostrae

1284 2039 1366 2069 adeo
1390 2041 1606 2070 necessarium
1631 2041 1664 2071 in
1688 2040 1827 2071 tenebris
1849 2041 1971 2071 diutius
1994 2041 2136 2071 retinere
2159 2041 2191 2071 in
2215 2041 2359 2071 animum

1286 2093 1349 2114 non
1374 2084 1539 2115 inducant.

1353 2127 1573 2169 Conspectum
1592 2129 1691 2160 totius
1710 2129 1814 2170 operis
1838 2136 1995 2170 praestare
2009 2129 2109 2160 modo
2132 2129 2239 2166 liceat,
2262 2138 2360 2169 quem

1285 2179 1453 2213 acceptum
1481 2173 1582 2204 refero
1611 2174 1844 2205 humanissimo
1872 2174 1941 2204 viro
1965 2173 2137 2204 Dominico
2166 2173 2282 2204 Mariae
2301 2173 2359 2203 Be-

1285 2217 1420 2248 rardello
1434 2241 1443 2256 ,
1476 2218 1621 2249 eiusdem
1654 2218 1800 2249 coenobii
1829 2229 1868 2249 sa.
1895 2218 2022 2249 Ioannis
2051 2225 2082 2248 et
2111 2218 2202 2248 Pauli
2225 2218 2358 2248 alumno

1284 2272 1321 2292 ac
1351 2262 1559 2294 bibliothecae
1581 2263 1748 2303 praefecto.
1774 2262 2089 2300 Animadversiones,
2114 2268 2210 2302 prout
2233 2261 2358 2292 occasio

1285 2306 1373 2345 feret,
1393 2307 1548 2347 appingo:
1569 2318 1651 2348 quae
1675 2307 1771 2338 simul
1789 2307 1914 2338 iunctae
1929 2306 2084 2338 conficere
2099 2306 2255 2344 videntur,
2275 2315 2359 2346 opus

1284 2350 1362 2381 illud
1388 2352 1514 2382 Ioannis
1533 2352 1572 2382 de
1592 2352 1753 2383 Columna
1777 2358 1942 2392 tamquam
1961 2351 2113 2391 primaevi
2137 2350 2274 2382 auctoris
2293 2350 2359 2381 foe-

1284 2402 1355 2426 tum
1385 2406 1468 2434 esse,
1492 2406 1589 2427 manu
1622 2403 1729 2427 tamen
1758 2396 1930 2427 recentiore
1958 2395 2185 2436 interpolatum
2213 2402 2268 2426 aut
2290 2394 2360 2436 qui·

1285 2440 1420 2470 busdam
1450 2448 1581 2471 auctum
1605 2440 1834 2471 additamentis.
1860 2440 2068 2471 Prooemium
2091 2440 2206 2480 legitur
2228 2439 2261 2470 in
2282 2439 2360 2470 haec

1284 2485 1393 2514 verba:
1424 2498 1438 2512 «
1456 2485 1504 2515 De
1523 2485 1587 2516 vita
1610 2492 1641 2516 et
1664 2485 1808 2516 moribus
1826 2485 1970 2515 virorum
1991 2484 2182 2522 illustrium,
2202 2491 2268 2515 tam
2290 2494 2359 2514 san-

1288 2541 1302 2555 »
1326 2535 1452 2559 ctorum
1475 2539 1574 2570 quam
1597 2529 1735 2560 aliorum
1758 2529 2030 2570 philosophorum
2053 2535 2257 2567 tractaturus,
2277 2538 2360 2569 quae

1288 2586 1302 2600 »
1325 2573 1358 2603 111
1391 2573 1520 2604 diversis
1553 2574 1638 2604 libris
1667 2574 1707 2604 de
1736 2574 1855 2604 eisdem
1883 2573 2017 2614 sparsim
2045 2573 2160 2613 scripta
2187 2573 2302 2613 reperi,
2327 2573 2360 2602 in

1288 2630 1302 2644 »
1326 2628 1430 2648 unum
1458 2618 1604 2659 colligere
1632 2618 1789 2656 laboravi,
1814 2628 1853 2649 ne
1877 2618 2022 2658 ipsorum
2052 2618 2190 2658 gloriosa
2217 2617 2361 2657 exempla

1288 2675 1302 2689 >⁹
1326 2669 1357 2693 et
1380 2662 1462 2693 dicta
1486 2662 1639 2703 elegantia
1662 2669 1842 2694 memoratu
1864 2663 1960 2703 digna
1978 2661 2150 2704 (pereant):
2171 2669 2202 2693 et
2224 2672 2306 2703 quae
2320 2661 2359 2691 ab

1289 2719 1303 2733 »
1325 2707 1498 2738 illustribus
1523 2714 1598 2738 sunt
1621 2707 1703 2738 dicta
1725 2707 1919 2738 Auctoribus
1938 2707 2012 2737 huic
2035 2707 2142 2737 libello
2166 2706 2299 2744 inserui,
2325 2711 2360 2736 ut

1290 2763 1303 2778 2>
1326 2752 1519 2782 documenta
1533 2752 1688 2783 virtutum
1708 2762 1833 2783 sumere
1851 2751 2030 2782 volentibus
2049 2752 2163 2791 longae
2181 2750 2358 2791 inquisitio-

1290 2808 1303 2822 »
1327 2796 1375 2826 nis
1399 2796 1489 2827 labor
1503 2797 1596 2827 absit:
1617 2807 1699 2838 quae
1721 2796 1816 2827 etiam
1835 2797 1875 2826 ad
1894 2806 1998 2826 mores
2023 2796 2265 2836 componendos
2291 2804 2359 2825 cor-

1290 2852 1304 2867 »
1327 2841 1555 2882 rigendamque
1568 2841 1678 2879 vitam,
1693 2851 1819 2872 necnon
1839 2848 1869 2871 et
1888 2841 2050 2881 passiones
2070 2840 2235 2870 frenandas
2264 2846 2359 2880 atque

1291 2897 1305 2912 »
1328 2886 1508 2916 domandos
1532 2885 1660 2916 affectus
1684 2886 1859 2926 plurimum
1883 2885 2048 2922 valebunt:
2068 2885 2106 2914 ad
2130 2884 2227 2914 instar
2249 2883 2359 2914 Socra-

1291 2942 1304 2956 »
1327 2930 1382 2968 tis,
1399 2930 1465 2971 qui,
1482 2937 1517 2961 ut
1531 2930 1573 2960 ait
1587 2930 1786 2970 Augustinus
1806 2931 1844 2960 de
1860 2929 1952 2960 Civit.
1973 2929 2026 2959 lib.
2038 2929 2122 2966 VIII,
2142 2939 2209 2969 cap.
2225 2939 2274 2966 111,
2290 2928 2359 2968 pri-

1290 2987 1305 3001 »
1328 2984 1400 3005 mus
1424 2976 1607 3005 universam
1624 2975 1859 3015 philosophiam
1883 2974 1927 3004 ad
1948 2973 2158 3014 corrigendos
2172 2982 2359 3012 componen-

1291 3031 1305 3045 »
1327 3019 1447 3060 dosque
1475 3029 1580 3050 mores
1601 3020 1740 3059 flexisse
1768 3024 1976 3049 memoratur.
2008 3018 2163 3048 Fecerunt
2189 3017 2251 3047 hoc
2274 3016 2360 3046 idem

1291 3076 1305 3090 »
1328 3064 1415 3103 apud
1439 3064 1597 3102 Graecos,
1622 3070 1658 3094 ut
1686 3063 1728 3094 ait
1753 3063 1970 3103 Hieronymus
1998 3062 2031 3092 in
2055 3061 2190 3102 prologo
2220 3061 2258 3091 de
2286 3060 2360 3090 viris

1291 3120 1305 3135 ›>
1328 3108 1520 3146 illustribus,
1549 3108 1746 3148 Hermippus
1775 3107 2017 3147 PeripateticUS,
2049 3106 2231 3146 Antigonus
2262 3105 2359 3146 Cary-

1291 3165 1304 3179 »
1328 3153 1422 3191 stius,
1447 3152 1577 3193 Satyrus
1607 3153 1720 3183 doctus
1743 3151 1790 3182 vir
1813 3159 1843 3182 et
1866 3152 1961 3190 longe
1985 3150 2134 3181 omnium
2158 3149 2359 3180 doctissimus

1290 3209 1304 3223 2>
1327 3197 1535 3227 Aristoxenus
1563 3196 1725 3235 musicus;
1754 3196 1839 3236 apud
1866 3195 1997 3226 Latinos
2023 3201 2131 3225 autem
2156 3195 2256 3226 Varro
2268 3216 2358 3225 .....

1291 3253 1304 3268 »
1328 3242 1427 3278 Quod
1450 3241 1494 3270 illi
1517 3241 1550 3271 in
1577 3240 1799 3271 enumerandis
1827 3240 1994 3280 gentilium
2019 3239 2194 3270 litterarum
2216 3238 2290 3268 viris
2316 3238 2359 3268 fe-

1290 3298 1305 3312 »
1328 3292 1438 3316 cerunt
1460 3285 1651 3323 illustribus,
1680 3284 1878 3315 beatissimus
1902 3284 2137 3324 Hieronymus,
2157 3283 2279 3314 Doctor
2302 3282 2359 3312 do-

1290 3342 1305 3356 »
1329 3336 1455 3360 (10111111
1479 3329 1767 3367 excellentissimus,
1788 3338 1900 3359 omnes
1923 3328 1978 3369 qui
1998 3329 2036 3358 de
2056 3327 2222 3367 Scripturis
2246 3326 2359 3356 sanctis

1290 3386 1304 3400 »
1328 3373 1447 3414 aliquid
1470 3373 1678 3413 prodiderunt
1694 3373 1867 3403 memoriae
1889 3372 2015 3412 collegit
2042 3372 2144 3412 deque
2166 3371 2204 3400 iis
2227 3370 2360 3400 breviter

1290 3430 1304 3444 »
1328 3417 1482 3447 disseruit.
1503 3418 1554 3447 Ad
1578 3418 1668 3447 cuius
1692 3417 1874 3456 exemplum
1897 3416 1965 3453 viri,
1990 3415 2153 3456 provocati
2175 3414 2359 3445 Gennadius

1290 3474 1304 3488 a>
1326 3461 1529 3492 Massiliensis
1553 3462 1732 3501 presbyter,
1757 3461 1895 3490 Isidorus
1919 3459 2114 3500 Hispalensis
2142 3459 2262 3489 multos
2286 3458 2359 3489 sub-

1290 3518 1304 3532 »
1327 3511 1526 3544 rogaverunt.
1555 3505 1625 3544 Ego
1650 3512 1757 3535 autem
1780 3514 1846 3534 non
1870 3504 1977 3535 solum
2000 3503 2225 3534 ecclesiasticos
2249 3503 2359 3533 docto-

1290 3562 1304 3576 »
1327 3559 1374 3579 res
1405 3549 1438 3578 in
1461 3548 1572 3579 ordine
1599 3549 1758 3588 digeram,
1787 3548 1842 3578 sed
1868 3555 1898 3578 et
1921 3548 2005 3578 viros
2031 3547 2166 3578 illustres
2192 3547 2360 3587 gentilium

1289 3606 1304 3620 2>
1326 3593 1500 3623 litterarum
1520 3593 1666 3623 edoctos:
1686 3603 1762 3623 narn
1782 3592 1815 3622 in
1834 3592 1896 3622 hoc
1915 3592 2051 3622 maxime
2071 3598 2117 3622 est
2135 3591 2310 3622 litterarum
2328 3597 2360 3622 et

1290 3649 1304 3664 :0
1326 3637 1524 3677 scriptorum.
1537 3637 1669 3676 fructus,
1683 3647 1759 3668 cum
1777 3646 1826 3667 res
1845 3637 1925 3667 scitu
1945 3637 2054 3677 dignas
2076 3636 2195 3667 aboleri
2218 3646 2286 3666 non
2304 3646 2361 3676 pa-
