2548 4192
944 296 998 331 IN
1030 295 1068 332 S.
1091 295 1335 332 THOMAM
1363 295 1689 342 AQUINATEM

208 388 224 404 ι
246 375 387 406 nominis
411 382 503 406 antea
523 375 715 415 cogitabant,
731 374 840 415 portui
863 374 1010 413 salutem,
1028 374 1079 405 cui
1099 374 1214 413 Longo
1235 384 1286 404 co-

209 432 224 447 >
246 430 388 460 gnomen
412 430 479 450 esse
503 420 615 458 audio,
641 419 829 450 crediderint
852 429 954 450 suam.
986 418 1079 450 Unde
1105 428 1181 448 cum
1204 417 1288 448 fame

207 476 222 491 »
246 464 347 496 adacti
370 464 572 506 prodiissent,
595 464 670 495 victi
693 470 852 504 quantum
874 464 908 493 in
932 470 1019 503 patre
1040 469 1098 494 tuo
1123 462 1198 500 fuit,
1223 462 1287 493 Co-

208 520 223 535 »
246 508 390 540 rinthiaci
414 509 502 539 sinus
532 508 659 539 latebris
688 518 755 538 sese
784 508 950 538 inclusere.
981 508 1080 545 Quod
1109 507 1135 537 si
1164 506 1208 536 illi
1232 516 1288 547 per

208 565 223 580 »
246 554 410 584 adversam
425 553 610 584 christianae
624 552 799 593 Religionis
828 559 859 583 et
877 552 998 583 Patriae
1020 551 1184 582 fortunam
1203 558 1287 589 tuae,

208 609 223 624 ι»
245 597 386 628 licuisset
409 597 554 638 sequenti
578 607 663 628 anno
688 607 823 627 manum
848 603 1022 627 extremam
1045 595 1173 626 funesto
1202 595 1286 626 bello

209 653 224 669 »
246 642 424 683 imponere,
439 652 507 672 non
526 642 704 672 dubitarem
720 651 805 672 nunc
825 642 959 679 Turcas,
975 641 1031 682 qui
1051 640 1208 680 Ungariae
1227 640 1286 670 im-

208 698 223 713 :-
246 686 369 717 minent
383 693 414 718 et
427 686 592 717 universae
606 686 730 727 pietatis
748 692 875 717 nostrae
890 685 1094 716 infensissimi
1109 685 1228 726 hostes,
1249 684 1287 715 de

209 742 224 758 ›
247 741 305 762 sua
327 731 428 762 salute
452 730 593 762 solicitos
616 731 679 761 hoc
704 737 850 771 tempore
873 730 1010 761 futuros.
1042 729 1213 761 Caeterum
1227 729 1287 760 Dei

209 786 224 802 »
247 775 378 806 consilia
397 775 459 806 alta
478 782 509 806 et
527 775 677 806 sublimia
695 782 780 815 sunt,
801 785 859 805 nec
880 775 936 816 qui
956 774 1153 805 consiliarius
1172 774 1217 805 illi
1236 773 1286 812 sit,

209 830 224 846 »
247 819 370 851 dicente
392 820 574 860 Apostolo,
603 820 763 850 invenitur
788 820 883 850 uuus.
915 820 1022 857 Quare
1051 819 1077 849 si
1106 819 1288 850 coniectura

208 875 224 891 ν
246 871 355 895 nostra
391 865 496 903 valet,
526 864 616 895 facile
647 864 788 895 divinare
819 874 955 905 possum
987 863 1056 894 eius
1079 863 1287 904 potissimum

209 919 223 935 »
246 909 446 950 providentia
469 909 601 947 factum,
626 916 662 940 ut
686 908 962 940 calamitosissimo
982 908 1100 949 patriae
1115 915 1188 939 tuae
1207 915 1286 938 tem-

209 964 224 979 »
246 964 325 995 pore
345 954 410 984 suis
424 953 639 985 restitueretur
654 954 786 993 civibus,
801 953 858 994 qui
871 953 1013 984 labantes
1028 963 1142 983 eorum
1161 952 1287 983 animos

209 1009 224 1024 »
247 1009 304 1030 sua
328 998 514 1029 auctoritate
538 1005 569 1030 et
586 998 756 1039 prudentia
769 1008 825 1039 per
840 997 953 1029 Gallici
967 997 1041 1028 belli
1060 997 1191 1028 secundi
1206 1004 1286 1028 tem-

209 1053 224 1069 »
246 1050 402 1084 pestatem
425 1042 580 1074 excitaret.
606 1043 671 1081 Qui
690 1042 946 1074 Procuratoriam
965 1042 1152 1082 dignitatem
1170 1041 1287 1072 iterum

209 1098 224 1113 ³
247 1088 354 1119 statim
377 1094 587 1128 assequutus,
612 1097 688 1118 eum
711 1087 841 1118 tandem
865 1086 949 1117 bello
973 1085 1072 1116 finem
1095 1086 1286 1126 imponeret,

209 1142 224 1159 2
247 1142 346 1174 quem
369 1131 592 1172 sapientissimi
611 1131 669 1162 viri
689 1131 822 1162 consilia
840 1140 949 1171 parare
969 1137 1124 1172 possunt:
1156 1130 1212 1171 qui
1233 1131 1286 1161 de-

208 1186 224 1202 »
246 1176 344 1218 nique
372 1175 618 1206 luctuosissimis
650 1175 736 1206 hisce
768 1175 968 1216 temporibus
1001 1185 1147 1206 summae
1179 1185 1287 1205 rerum

208 1231 223 1246 ›
245 1226 423 1261 praeesset,
453 1226 489 1251 ut
512 1220 622 1251 omnia
651 1220 830 1251 felicissime
859 1220 1044 1251 moderetur
1066 1226 1097 1250 et
1120 1226 1284 1260 temperet.

209 1275 223 1291 ι
247 1265 346 1304 Quod
360 1264 421 1296 nisi
438 1275 546 1296 verear
573 1275 614 1295 ne
629 1265 766 1296 modurn
781 1274 920 1296 servasse
939 1264 1092 1305 epistolae
1107 1274 1173 1295 non
1189 1264 1285 1302 dicar,

207 1319 223 1336 ν
246 1319 536 1353 commgmorarem
559 1319 634 1340 sane
658 1309 908 1351 quamplurima,
923 1319 1006 1350 quae
1030 1309 1204 1340 doctissimi
1226 1319 1285 1339 no-

196 1364 227 1380 ·1*
242 1351 356 1386 mate}
383 1353 532 1385 homines
560 1354 711 1394 scripsere
733 1354 766 1385 in
791 1354 873 1384 hanc
901 1353 1091 1384 sententiam
1115 1353 1284 1392 divinitus,

206 1409 222 1425 ³
245 1409 320 1431 cum
344 1398 461 1430 scilicet
479 1398 596 1437 dicant,
611 1406 642 1430 et
655 1398 689 1429 id
703 1409 802 1440 quam
816 1398 990 1438 verissime,
1010 1398 1193 1439 principum
1208 1408 1284 1429 con-

205 1453 221 1470 »
243 1443 312 1475 silia
326 1454 345 1474 a
358 1443 429 1474 Deo
452 1442 524 1486 ipso
548 1443 625 1483 regi,
641 1453 761 1484 eosque
784 1443 844 1474 Dei
859 1443 1057 1484 providentia
1078 1443 1284 1484 potissimum

205 1498 220 1514 ²·
242 1487 422 1529 gubernari;
442 1497 556 1519 eorum
570 1487 766 1529 principatus
780 1488 813 1518 in
831 1487 1016 1518 difficillima
1031 1498 1124 1528 saepe
1138 1495 1284 1528 tempora

205 1542 221 1559 ³
241 1532 412 1571 incurrere,
423 1539 460 1563 ut
474 1542 588 1563 eorum
601 1532 701 1563 virtus
716 1532 818 1572 magis
833 1532 970 1571 eluceat;
985 1532 1174 1573 principem,
1185 1542 1283 1573 quem

205 1587 221 1605 ι
242 1576 296 1610 ille
315 1576 442 1618 elegerit
464 1587 579 1616 unum,
599 1577 735 1608 salutem
759 1577 876 1608 afflicto
900 1577 1026 1618 populo
1046 1576 1153 1607 afferre
1171 1577 1282 1615 solere;

203 1632 221 1655 Ρ
243 1632 302 1654 nec
320 1621 462 1652 militum
480 1631 617 1652 numero
636 1632 672 1653 ac
695 1622 822 1660 robore,
838 1631 942 1663 neque
961 1621 1110 1652 classium
1129 1628 1282 1662 apparatu

206 1677 221 1693 ²
236 1676 376 1707 ,magnas
398 1676 447 1697 res
471 1665 572 1706 magis
595 1666 671 1706 geri,
695 1676 795 1707 quam
818 1665 970 1707 principis
996 1666 1091 1697 unius
1114 1666 1283 1706 prudentia

206 1722 221 1737 ›
244 1717 276 1743 et
297 1710 484 1742 auctoritate
508 1711 656 1751 expediri.
691 1711 791 1748 Quod
814 1710 840 1741 si
863 1720 1022 1752 umquam
1050 1710 1111 1741 fuit
1135 1710 1282 1751 princeps

207 1766 222 1781 1>
245 1755 332 1797 apud
354 1765 424 1794 vos,
440 1755 479 1785 de
503 1765 569 1796 quo
589 1755 666 1786 haec
686 1755 796 1786 omnia
815 1755 876 1786 dici
895 1755 963 1786 iure
983 1755 1118 1795 possint,
1133 1755 1184 1786 hic
1200 1762 1282 1786 certe

206 1810 222 1826 ²
245 1799 292 1832 est
314 1810 400 1831 unus
422 1799 672 1840 gloriosissimus
695 1806 784 1840 pater
807 1806 900 1838 tuus;
924 1799 981 1840 qui
1005 1799 1174 1830 Leonardo
1199 1800 1282 1830 Lau—

205 1855 221 1872 »
242 1850 353 1876 retano
372 1843 511 1884 Principi
530 1844 656 1884 optimo
671 1844 735 1875 vita
754 1853 857 1884 nuper
875 1843 986 1875 functo
1007 1844 1206 1882 succederet;
1225 1843 1281 1885 qui

205 1899 221 1915 ι
242 1898 276 1920 re
299 1888 389 1919 domi
413 1888 604 1929 composita,
619 1895 694 1929 post
706 1888 870 1929 ingentem
884 1888 1034 1919 omnium
1049 1888 1201 1919 ordinum
1214 1898 1282 1929 gra-

205 1943 220 1959 »
243 1931 450 1971 tulationem‚
474 1939 549 1973 post
572 1933 686 1974 populi
710 1932 917 1964 faustissimas
941 1943 1047 1972 voces,
1070 1940 1144 1974 post
1162 1933 1283 1974 reliqua

204 1988 221 2005 ι
242 1977 436 2018 gaudiorum
451 1984 482 2008 et
495 1977 630 2009 laetitiae
654 1985 851 2018 argumenta,
867 1988 950 2019 quae
968 1978 1088 2019 passim
1109 1988 1166 2019 per
1184 1988 1282 2008 omne

206 2033 221 2048 ’
243 2021 418 2064 imperium
439 2029 581 2053 vestrum
605 2022 743 2053 exhibita
765 2022 859 2063 plane
879 2030 965 2062 sunt,
984 2033 1053 2053 rem
1077 2022 1153 2053 foris
1177 2033 1214 2053 ea
1237 2022 1282 2053 fe-

206 2077 221 2093 »
243 2066 360 2099 licitate
384 2073 415 2098 et
437 2067 531 2098 laude
554 2067 762 2105 administret,
787 2074 822 2098 ut
846 2067 996 2098 omnium
1019 2067 1203 2108 principum
1226 2067 1282 2108 qui

206 2122 222 2138 θ
244 2118 336 2144 antea
345 2111 481 2143 floruere
494 2111 604 2143 laudes
614 2112 781 2153 adaequet,
789 2111 925 2153 posteris
939 2119 1048 2143 autem
1058 2112 1282 2143 aemulationis

205 2168 220 2184 ›
243 2156 328 2188 faces
342 2156 509 2198 relinquat.
535 2156 601 2195 Qui
615 2163 738 2197 praeter
756 2156 833 2187 alias
847 2156 978 2187 virtutes
998 2167 1071 2188 suas
1091 2164 1122 2188 et
1135 2157 1282 2188 fortunae

205 2213 220 2228 ι»
244 2201 340 2240 dona,
355 2208 386 2232 te
400 2201 479 2240 filio,
495 2207 630 2242 magnus
650 2208 681 2232 et
699 2201 829 2232 celebris
851 2201 891 2231 ad
912 2211 1045 2232 omnem
1063 2201 1283 2242 posteritatem

205 2258 220 2273 »
242 2253 388 2278 transeat.
421 2247 507 2277 Nam
530 2256 606 2277 cum
632 2246 687 2276 illa
712 2246 810 2287 patris
833 2246 880 2277 tui
909 2246 1098 2287 amplissimi
1126 2246 1282 2286 Principis

204 2301 220 2317 »
242 2290 355 2322 merita
378 2297 410 2322 et
432 2290 595 2322 benefacta
619 2290 786 2322 celebrabit
816 2290 883 2322 sine
912 2290 978 2322 ulla
1007 2291 1142 2329 invidia,
1167 2290 1282 2321 falleris

203 2346 219 2363 ›
241 2335 268 2366 si
291 2345 359 2366 non
382 2342 453 2366 tuas
477 2345 609 2377 quoque
633 2335 743 2366 laudes
758 2345 833 2366 cum
848 2335 986 2376 parentis
1005 2335 1154 2366 laudibus
1169 2336 1280 2366 adiun-

203 2391 218 2406 ι
240 2379 359 2421 gendas
383 2389 509 2420 semper
532 2379 601 2411 fore
624 2390 692 2411 non
716 2379 890 2418 existimes,
915 2387 950 2411 ut
973 2380 1113 2410 nesciam
1136 2380 1280 2420 profecto

203 2435 218 2451 ›
241 2424 438 2466 quandoque
462 2424 646 2465 dignoscere
678 2424 793 2465 plusne
823 2424 926 2455 laudis
950 2425 1077 2455 accedat
1091 2424 1147 2455 tibi
1169 2434 1206 2455 ex
1225 2434 1280 2465 pa-

203 2479 218 2495 »
242 2468 338 2500 tentis
362 2469 421 2499 hac
445 2469 492 2500 tui
515 2479 600 2500 nova
623 2469 774 2509 dignitate
789 2468 960 2499 Grimanae
975 2469 1112 2499 familiae
1127 2468 1280 2509 quaesita,

203 2524 218 2539 »
241 2523 282 2544 an
306 2519 336 2544 te
359 2512 426 2543 filio
455 2513 515 2544 hac
545 2513 706 2551 doctrina,
732 2513 791 2543 hac
815 2523 946 2543 morum
969 2513 1197 2551 sanctimonia,
1223 2513 1281 2545 hac

204 2569 218 2584 ιν
241 2556 403 2598 dignitate,
423 2557 482 2588 hac
501 2557 599 2588 animi
618 2557 838 2588 moderatione
853 2555 902 2599 (d)
922 2557 1002 2598 patri
1020 2557 1092 2598 plus
1107 2557 1280 2598 aliquando

203 2613 219 2628 »
243 2602 366 2632 decoris
381 2601 524 2633 addatur.
548 2602 617 2633 Etsi
632 2602 718 2632 enim
732 2601 786 2632 ille
800 2602 910 2632 multis
925 2609 955 2633 et
969 2602 1083 2642 amplis
1098 2609 1169 2632 tum
1183 2602 1281 2633 animi

204 2658 220 2674 »
242 2646 348 2685 bonis,
372 2653 444 2677 tum
467 2646 615 2677 fortunae
635 2653 666 2678 et
689 2646 832 2687 corporis
857 2646 1038 2677 commodis
1058 2657 1170 2677 omnes
1194 2657 1281 2678 mor-

205 2703 220 2718 »
243 2691 321 2723 tales
345 2691 495 2730 excellat;
519 2698 549 2722 te
573 2701 640 2722 uno
665 2697 772 2721 tamen
795 2690 862 2722 filio
888 2701 959 2721 eam
991 2691 1120 2721 laudem
1140 2692 1281 2733 assequi-

204 2747 219 2762 »
242 2742 305 2774 tur,
329 2742 367 2767 ut
390 2735 429 2766 ad
452 2735 608 2767 virtutum
632 2735 802 2767 cumulum
825 2743 986 2776 postrema
1010 2742 1064 2766 tua
1084 2746 1208 2776 semper
1230 2747 1280 2767 ac—

205 2792 220 2807 »
243 2780 333 2812 cedat
356 2780 467 2821 gloria.
497 2780 621 2811 Caeteri
645 2780 731 2811 enim
759 2780 917 2821 principes
940 2780 1014 2819 viri,
1044 2780 1100 2821 qui
1125 2791 1282 2822 umquam

205 2836 220 2852 »
242 2824 390 2863 floruere,
410 2825 443 2855 id
466 2825 556 2866 quod
571 2835 664 2866 saepe
687 2825 760 2865 legi,
781 2831 836 2856 aut
854 2825 961 2855 nullos
980 2824 1135 2866 reliquere
1154 2825 1281 2864 liberos,

204 2880 220 2896 ι
243 2876 299 2900 aut
322 2876 404 2901 certe
428 2870 477 2900 sui
500 2879 638 2910 genuere
663 2869 840 2900 dissimiles.
864 2870 956 2900 Pater
975 2879 1050 2900 cum
1065 2869 1196 2910 stirpem
1211 2880 1282 2901 eam

204 2925 220 2941 2
242 2913 365 2953 habuit,
380 2924 463 2956 quae
477 2914 615 2945 maxime
635 2924 761 2955 semper
775 2914 869 2945 fuerit
882 2914 1012 2945 illustris
1027 2920 1058 2945 et
1072 2914 1196 2955 ampla;
1211 2922 1283 2945 tum

204 2967 319 2989 ›-vero
349 2964 380 2990 te
411 2968 487 2990 eum
515 2959 711 3000 procreavit,
748 2969 847 3000 quem
882 2969 950 2989 non
979 2958 1087 2989 solum
1115 2966 1151 2989 ut
1179 2958 1283 2990 filium

206 3013 222 3028 ›
245 3009 375 3042 amaret,
395 3003 451 3034 sed
469 3013 568 3044 quem
586 3003 680 3044 plane
699 3010 830 3044 propter
849 3003 1080 3044 amplissimam
1097 3003 1283 3043 dignitatem

207 3057 222 3073 2>
245 3052 276 3077 et
298 3046 380 3078 vitae
399 3047 611 3087 integritatem
634 3055 665 3079 et
688 3048 805 3078 coleret
828 3058 863 3078 ac
887 3058 989 3088 prope
1012 3048 1166 3079 adoraret.
1191 3049 1283 3086 Quae

207 3102 222 3117 ιν
246 3090 357 3121 omnia
380 3101 455 3122 cum
478 3102 571 3132 saepe
594 3102 724 3123 mecum
747 3092 930 3132 cogitarem,
954 3102 1080 3123 memor
1104 3092 1200 3123 etiam
1214 3093 1282 3124 eius

207 3147 222 3162 >›
245 3134 364 3165 vinculi
387 3145 454 3176 quo
478 3135 535 3166 tibi
558 3136 747 3176 iampridem
766 3137 939 3177 astringor,
964 3137 1151 3167 volutabam
1173 3138 1282 3167 crebro

206 3192 221 3206 »
244 3179 353 3210 animo
387 3180 553 3220 quodnam
581 3188 807 3220 argumentum
837 3181 878 3211 ad
907 3181 1153 3221 gratulationem
1176 3191 1282 3211 meam

207 3236 221 3251 »
245 3223 388 3254 afferrem
407 3223 506 3254 animi
529 3234 564 3255 ac
578 3225 959 3266 voluntatis-gratissimae
978 3236 1051 3266 erga
1069 3232 1100 3256 te
1119 3236 1219 3256 meae.
1241 3226 1282 3256 Et

205 3280 221 3295 ³>
243 3268 420 3307 voluntati,
449 3275 485 3299 ut
508 3268 661 3307 arbitror,
693 3269 828 3300 occurrit
852 3270 1082 3300 certissimum:
1107 3280 1183 3300 nam
1206 3280 1282 3300 cum

206 3325 221 3340 »
244 3312 374 3343 infinitis
398 3322 479 3353 pene
501 3312 625 3352 vigiliis,
641 3320 672 3344 et
686 3323 753 3344 non
768 3314 834 3344 sine
849 3314 998 3344 Numinis
1014 3324 1087 3354 ope,
1104 3314 1280 3345 Commen-

206 3369 221 3384 ι»
244 3357 341 3388 tarios
362 3357 424 3387 divi
439 3357 587 3387 Thomae
608 3357 642 3388 in
655 3357 864 3396 Matthaeum‚
879 3358 913 3388 in
927 3358 1066 3396 Esaiam,
1084 3358 1282 3388 Hieremiam

206 3413 221 3428 ›
245 3408 276 3433 et
299 3402 442 3432 eiusdem
466 3401 647 3432 Hieremiae
661 3401 808 3432 Threnos
833 3402 1070 3440 emendassem;
1093 3402 1154 3440 vel,
1178 3409 1214 3432 ut
1232 3412 1279 3432 re-

206 3458 221 3473 »
244 3446 324 3477 ctius
348 3446 490 3484 dixerim,
506 3446 625 3476 laceros
641 3452 671 3476 et
692 3446 824 3476 mutilos
842 3446 958 3476 iniuria
976 3453 1161 3485 temporum
1175 3446 1208 3475 in
1223 3456 1280 3476 sua

205 3502 220 3517 ³>
243 3491 387 3521 membra
401 3501 459 3531 pro
475 3490 593 3521 viribus
607 3490 813 3529 redegissem;
833 3490 997 3520 videbatur
1011 3500 1130 3520 munus
1145 3490 1279 3529 dignum

205 3546 220 3562 >
243 3541 298 3566 tua
316 3535 375 3565 hac
395 3535 557 3566 excellenti
580 3534 723 3565 doctrina
742 3541 772 3564 et
791 3534 956 3574 probitate.
982 3533 1045 3564 Cui
1065 3533 1151 3563 enim
1164 3533 1278 3564 iustius

204 3590 220 3606 »
244 3579 389 3610 offerrem
413 3579 587 3610 doctissimi
606 3579 664 3609 viri
688 3578 942 3616 lucubrationes,
969 3588 1068 3619 quarn
1092 3577 1277 3608 doctissimo

204 3634 219 3650 »
242 3623 391 3654 omnium
411 3621 592 3655 Cardinali?
617 3623 679 3654 Cui
703 3623 890 3653 sanctissimi
909 3623 967 3653 viri
988 3622 1109 3662 vigilias
1129 3622 1277 3660 dicarem,

205 3679 220 3694 2
243 3667 304 3698 nisi
318 3667 363 3698 illi
383 3668 439 3709 qui
458 3669 490 3699 in
511 3668 706 3709 amplissima
726 3667 875 3708 dignitate
889 3667 1025 3708 positus,
1040 3667 1121 3697 vitae
1140 3666 1281 3697 maxime

2333 314 2416 338 XCIX

1347 385 1362 400 »
1385 374 1547 405 sanctitate
1571 372 1720 405 excellat?
1738 378 1805 406 Aut
1820 375 1871 406 cui
1890 376 1990 416 magis
2008 376 2076 416 ipse
2091 378 2224 408 debeam
2238 389 2336 420 quam
2350 381 2417 419 tibi,

1347 429 1362 444 »
1385 418 1440 458 qui
1456 428 1508 448 me
1522 425 1688 460 tamquam
1703 419 1844 461 aliquem
1859 430 1926 450 esse
1941 431 2055 451 eorum
2070 422 2208 452 crederes
2219 424 2274 463 qui
2290 424 2416 456 Christo

1347 473 1362 488 »
1384 469 1551 501 mererent,
1576 463 1619 494 ita
1642 474 1767 504 semper
1791 465 1955 505 amplexus
1979 475 2012 495 es
2036 472 2071 496 ut
2089 467 2189 497 nostri
2209 467 2337 498 Ordinis
2355 469 2418 500 fere

1347 517 1361 532 »
1384 506 1486 545 magis
1501 506 1682 538 neminem?
1697 509 1842 549 Accipies
1857 509 1953 549 igitur
1966 509 2038 540 illos
2049 510 2154 550 primo
2166 521 2251 542 nunc
2266 512 2378 551 editos,
2390 520 2420 544 et

1347 562 1361 576 »
1385 559 1460 580 cum
1474 550 1530 581 tibi
1546 561 1649 582 sacrae
1670 552 1828 593 imprimis
1851 553 1971 584 litterae
1992 554 2178 594 placuerint,
2195 555 2291 586 hosce
2306 566 2419 597 quam-

1347 606 1360 620 »
1383 594 1517 625 libenter
1539 595 1626 635 lege,
1650 607 1733 637 quos
1756 598 1853 628 velim
1876 598 1985 638 nepoti
2009 605 2066 629 tuo
2090 599 2292 639 integerrimo
2313 599 2358 643 (e)
2389 608 2419 632 et

1346 650 1361 665 n
1384 638 1618 679 sapientissimo
1642 641 1838 672 Patriarchae
1858 643 2055 683 Aquileiensi
2078 650 2190 684 postea
2213 644 2326 676 tradaS.
2355 645 2418 676 Cui

1346 694 1360 710 ›>
1383 693 1443 723 ego
1467 690 1598 724 propter
1616 684 1683 714 eius
1699 686 1856 726 egregiam
1874 687 2106 718 humanitatem
2120 695 2151 719 et
2169 688 2310 719 divinam
2324 689 2417 729 plane

1345 739 1360 754 »
1382 727 1549 766 virtutem,
1573 728 1654 759 idest
1677 736 1783 768 tuam,
1808 741 1860 761 me
1884 732 2046 762 addictum
2070 743 2195 773 semper
2218 743 2285 764 esse
2309 734 2416 774 cupio.

1346 784 1360 798 »
1382 772 1469 802 Bene
1492 782 1528 803 ac
1552 772 1682 803 feliciter
1705 774 1742 805 R.
1759 775 1798 805 D.
1813 775 1853 806 T.
1878 785 1953 806 cum
1976 783 2063 816 patre
2089 777 2287 817 amplissimo
2312 785 2342 809 et
2368 789 2416 809 re-

1345 829 1359 843 »
1381 816 1470 857 liqua
1494 815 1614 847 familia
1636 818 1747 849 valeat.
1772 819 1930 850 Ferrariae
1956 830 1991 850 21
2016 821 2084 851 iulii
2113 823 2206 853 1521.
2225 835 2240 849 »

1410 859 1460 903 (a)
1492 861 1528 891 In
1550 871 1722 892 numerum
1749 863 1967 894 Cardinalium
1993 865 2023 895 S.
2048 866 2086 896 R.
2111 866 2196 897 Eccl.
2220 877 2305 897 anno
2333 868 2414 908 1493

1341 905 1552 936 Dominicum
1576 905 1767 937 Grimanum
1799 915 2002 948 cooptaverat
2029 910 2206 941 Alexander
2229 911 2271 942 Vl
2299 911 2349 942 die
2375 922 2411 942 21

1342 949 1487 989 augusti,
1508 956 1544 981 ut
1565 949 1725 981 Oldoinus
1749 952 1861 991 habet,
1881 953 1931 983 vel
1951 953 2058 993 potius
2078 954 2128 984 die
2149 964 2190 985 20
2211 956 2416 996 septembris,

1342 1000 1379 1024 ut
1409 993 1522 1025 diserte
1552 1001 1666 1026 notant
1693 995 1872 1036 Stephanus
1906 997 2053 1028 Infissura
2085 999 2171 1039 apud
2203 1000 2416 1031 Muratorium

1342 1044 1433 1068 tomo
1459 1038 1512 1077 ΙΙΙ,
1537 1049 1602 1079 par.
1625 1039 1663 1078 ΙΙ,
1688 1047 1718 1071 et
1741 1041 1883 1072 Marinus
1909 1041 2047 1073 Sanutus
2077 1043 2110 1073 in
2134 1043 2264 1074 historia
2287 1045 2417 1075 Ducum

1341 1082 1541 1113 Venetorum
1555 1084 1642 1123 apud
1661 1085 1822 1116 eumdem.
1835 1086 1917 1116 Inter
1931 1086 2091 1117 Diaconos
2106 1087 2215 1118 locum
2230 1089 2340 1120 habuit
2353 1089 2417 1128 ille,

1341 1136 1418 1157 mox
1441 1126 1522 1157 inter
1545 1127 1763 1169 Presbyteros:
1784 1137 2049 1171 consecratusque
2069 1131 2248 1172 Episcopus
2262 1133 2417 1164 Ecclesias

1341 1171 1418 1202 rexit
1441 1171 1667 1211 Albanmsern,
1688 1174 1906 1205 Tusculanam
1932 1185 1967 1205 ac
1991 1176 2124 1206 demum
2146 1177 2355 1208 Portuensem
2379 1179 2418 1208 ab

1341 1225 1427 1261 anno
1457 1217 1534 1246 1511
1564 1217 1604 1247 ad
1634 1228 1756 1248 annum
1786 1220 1866 1250 1523
1893 1219 2112 1251 emortualem.
2134 1220 2277 1252 Consule
2301 1222 2417 1262 Ughel-

1339 1259 1420 1291 lum.
1449 1260 1701 1293 patriarchatum
1728 1263 1987 1304 Aquileiensem,
2016 1265 2139 1295 Veneto
2169 1265 2285 1296 Senatu
2314 1267 2418 1297 nomi-

1341 1311 1454 1344 nante,
1478 1305 1603 1345 pridem
1627 1307 1807 1339 obtinuerat
1837 1318 1922 1339 anno
1953 1309 2034 1348 1498
2063 1309 2113 1339 die
2138 1311 2174 1340 13
2200 1310 2357 1350 februarii,
2382 1318 2418 1342 ut

1341 1348 1496 1380 evincitur
1515 1349 1549 1380 in
1571 1352 1790 1383 monumentis
1812 1353 2070 1394 Aquileiensibus
2097 1354 2198 1394 capite
2219 1365 2302 1386 cx111.
2325 1356 2417 1387 Eius-

1341 1394 1415 1424 dem
1438 1394 1668 1426 patriarchatus
1692 1397 1822 1428 titulum
1841 1397 1987 1438 praeterit
2010 1398 2043 1428 in
2066 1398 2271 1439 inscriptione
2294 1410 2417 1437 nuncu-

1340 1438 1482 1479 patoriae
1505 1439 1657 1480 epistolae
1680 1441 1945 1473 Bartholomaeus
1969 1442 2008 1472 de
2032 1442 2140 1483 Spina,
2161 1453 2236 1474 cum
2254 1444 2361 1484 ipsum
2384 1445 2417 1476 in

1339 1482 1474 1523 gratiam
1492 1484 1607 1515 Marini
1630 1486 1756 1526 nepotis
1778 1486 1844 1517 iam
1867 1487 2041 1518 abdicasset
2059 1487 2250 1519 Dominicus
2274 1499 2349 1520 cum
2373 1500 2419 1520 re-

1339 1537 1448 1567 gressu
1473 1535 1508 1559 ut
1530 1528 1564 1559 in
1587 1539 1678 1560 more
1702 1531 1847 1571 positum
1868 1538 1944 1562 tunc
1969 1531 2079 1562 fuerat.
2100 1532 2182 1563 Vide
2204 1533 2296 1564 citata
2318 1534 2418 1575 Aqui-

1339 1571 1469 1602 leiensia
1492 1581 1704 1605 monumenta
1727 1575 1811 1616 typis
1835 1576 1918 1607 edita
1941 1586 2026 1606 anno
2057 1586 2150 1618 1740.

1407 1615 1454 1659 (b)
1469 1617 1624 1649 Eiusdem
1633 1619 1795 1650 Dominici
1810 1627 1898 1660 pater
1912 1621 2073 1652 Antonius
2092 1621 2275 1661 Grimanus,
2285 1622 2333 1653 vir
2345 1633 2419 1664 pro-

1340 1661 1438 1701 speris
1462 1662 1662 1704 adversisque
1686 1665 1780 1695 rebus
1803 1665 1946 1704 iactatus,
1966 1665 2039 1696 Dux
2067 1666 2273 1697 Venetiarum
2302 1667 2419 1699 electus

1340 1712 1386 1736 est
1405 1715 1490 1736 anno
1521 1708 1597 1737 1521
1627 1708 1677 1739 die
1702 1719 1721 1750 7
1746 1709 1825 1749 iulii,
1850 1709 2034 1751 quindecim
2058 1710 2168 1741 diebus
2192 1718 2264 1742 ante
2290 1712 2377 1743 datas
2401 1723 2419 1743 a

1340 1749 1478 1790 Spinaeo
1502 1750 1629 1783 litteras.

1407 1792 1452 1837 (c)
1468 1795 1617 1836 Egregias
1633 1796 1777 1828 Grimani
1787 1798 1940 1839 Principis
1956 1799 2046 1830 dotes
2061 1810 2096 1830 ac
2111 1799 2252 1839 virtutes,
2265 1801 2416 1840 honores,

1340 1838 1506 1879 dignitates
1530 1850 1566 1871 ac
1588 1848 1676 1881 gesta
1706 1843 1953 1883 praeclarissima
1983 1850 2169 1884 percensent
2196 1845 2306 1876 Petrus
2334 1847 2417 1876 Mar-

1339 1883 1448 1923 cellus,
1463 1884 1606 1916 Andreas
1620 1887 1845 1926 Maurocenus,
1860 1888 1971 1919 Petrus
1992 1889 2194 1927 Iustinianus,
2210 1890 2344 1920 loannes
2358 1890 2418 1921 Ba-

1339 1927 1434 1968 ptista
1458 1928 1671 1969 Contarenus,
1692 1932 1809 1971 lovius‚
1827 1932 1992 1972 Egnatius,
2012 1933 2150 1964 Palatius
2178 1934 2211 1964 in
2244 1934 2330 1965 fastis
2349 1935 2417 1965 Du-

1340 1973 1469 2004 calibus.
1486 1974 1554 2005 Viri
1568 1975 1720 2016 principis
1733 1977 1844 2008 laudes
1859 1984 1890 2008 et
1903 1977 1971 2017 ipse
1986 1978 2250 2009 Bartholomaeus
2266 1979 2304 2010 de
2319 1979 2418 2020 Spina

1339 2027 1398 2058 pro
1423 2028 1481 2048 sua
1504 2026 1591 2059 parte
1615 2020 1710 2061 digne
1733 2031 1769 2052 ac
1792 2031 1864 2052 vere
1889 2022 2033 2053 celebrat.

1407 2060 1456 2105 (d)
1472 2063 1634 2095 Dominici
1659 2065 1804 2096 Grimani
1819 2066 1962 2107 elogium
1975 2066 2048 2097 vide
2065 2067 2152 2107 apud
2174 2067 2342 2108 scriptores
2357 2068 2418 2099 Ve-

1339 2113 1442 2146 netos,
1452 2107 1626 2148 Ughellum
1641 2117 1671 2141 et
1681 2110 1871 2142 Oldoinurn.
1889 2111 2167 2142 instructissimam
2182 2111 2331 2143 codicum
2342 2123 2417 2144 mss.

1339 2151 1565 2184 bibliothecam
1588 2155 1734 2195 publicae
1769 2156 1990 2187 commoditati
2023 2156 2163 2187 Venetiis
2199 2164 2349 2197 posuerat
2385 2157 2418 2187 in

1339 2196 1498 2228 coenobio
1537 2209 1561 2229 s.
1591 2200 1746 2238 Antonii,
1783 2211 1865 2241 quae
1903 2207 2015 2241 postea
2046 2200 2193 2231 incendio
2230 2202 2296 2232 tota
2325 2201 2418 2242 periit

1338 2250 1424 2271 anno
1450 2242 1531 2284 1687
1548 2243 1598 2274 die
1615 2245 1654 2275 23
1671 2244 1788 2285 aprilis,
1814 2245 1888 2275 divo
1909 2245 2048 2285 Georgio
2069 2255 2163 2276 sacra.
2181 2245 2341 2276 Codicum
2358 2256 2417 2277 nu-

1338 2295 1466 2316 merum
1485 2297 1520 2318 ac
1539 2288 1649 2319 titulos
1669 2289 1844 2329 posteritati
1865 2289 1998 2320 servavit
2017 2289 2235 2320 Thomasinus
2253 2290 2287 2320 in
2304 2290 2416 2321 biblio-

1338 2330 1435 2361 thecis
1460 2342 1535 2362 mss.
1556 2333 1705 2372 VenetiS,
1729 2334 1810 2364 inter
1833 2344 1916 2374 quos
1940 2344 2007 2364 non
2038 2344 2140 2374 pauca
2168 2335 2417 2366 numerabantur

1338 2374 1402 2405 divi
1426 2375 1574 2407 Thomae
1598 2377 1714 2418 Opera.
1736 2379 1901 2418 Ingentem
1923 2378 2078 2409 iacturam
2103 2389 2302 2419 magnopere
2330 2380 2417 2411 dolet

1337 2419 1543 2451 Mabillonius
1567 2428 1658 2452 tomo
1683 2423 1694 2452 Ι
1715 2423 1846 2453 Musaei
1867 2423 1976 2454 Italici
1998 2422 2031 2453 in
2055 2423 2261 2463 praefatione.

1405 2461 1451 2507 (e)
1466 2466 1627 2506 Nepotem
1641 2467 1815 2506 Dominici,
1830 2467 2043 2498 patriarcham
2057 2468 2307 2508 Aquileiensem,
2326 2468 2416 2499 intel-

1336 2508 1398 2548 lige
1421 2508 1588 2542 laudatum
1606 2511 1778 2542 Marinum:
1799 2522 1898 2553 quem
1921 2512 2030 2543 infulis
2049 2512 2208 2543 Ecclesiae
2232 2513 2417 2554 Metropoli-

1337 2559 1429 2583 tanae
1450 2555 1674 2595 Aquileiensis,
1697 2556 1861 2587 abdicante
1885 2567 1918 2587 se
1936 2557 2150 2588 Patriarchatu
2170 2557 2342 2588 Dominico
2363 2569 2417 2598 pa-

1337 2604 1422 2636 truo,
1448 2607 1598 2631 ornatum
1621 2611 1672 2631 an.
1699 2602 1780 2642 1517
1806 2608 1878 2632 ante
1900 2601 1986 2632 diem
2011 2601 2294 2632 tertiamdecimam
2313 2603 2417 2633 martii

1337 2641 1398 2673 late
1423 2645 1622 2675 ostendimus
1645 2645 1720 2676 loco
1745 2646 1851 2676 citato.

1406 2688 1458 2719 111.
1483 2702 1497 2717 α
1515 2690 1792 2720 Reverendissimo
1812 2690 1844 2720 in
1865 2690 1994 2721 Christo
2014 2690 2094 2731 patri
2117 2700 2152 2721 ac
2172 2691 2210 2721 D.
2232 2691 2271 2721 D.
2291 2691 2416 2721 Marino

1341 2743 1355 2758 »
1379 2732 1534 2764 Grimano
1549 2734 1746 2776 Aquileiensi
1755 2735 1952 2766 Patriarchae
1967 2735 2154 2774 dignissimo
2170 2733 2219 2777 (a)
2235 2735 2328 2766 frater
2341 2736 2416 2766 Bar-

1341 2788 1355 2803 »
1379 2777 1583 2821 tholomaeus
1603 2779 1642 2809 de
1661 2779 1759 2819 Spina
1778 2779 1908 2820 pisanus
1928 2779 2057 2810 Ordinis
2083 2779 2340 2810 Praedicatorum
2372 2780 2415 2810 fe-

1341 2833 1355 2847 »
1378 2822 1539 2854 licitatem.
1567 2823 1656 2854 Sicut
1678 2824 1866 2854 hereditario
1891 2824 1974 2862 iure,
1999 2824 2127 2854 Praesul
2159 2824 2415 2862 honoratissime,

1341 2878 1355 2892 »
1379 2867 1480 2898 carnis
1510 2867 1582 2898 filiis
1614 2868 1768 2899 debentur
1798 2869 1883 2899 bona
1907 2869 2067 2908 corporis,
2092 2878 2174 2909 quae
2198 2868 2414 2908 praedefuncti

1341 2922 1355 2937 »
1378 2919 1523 2952 parentes
1547 2920 1602 2944 aut
1625 2913 1778 2953 sanguine
1802 2913 1902 2953 magis
1926 2913 2063 2953 proximi
2082 2913 2296 2952 possidebant:
2317 2913 2360 2943 sic
2384 2920 2415 2944 et

1341 2967 1355 2982 2>
1378 2956 1533 2987 virtutum
1547 2957 1716 2988 heredibus
1734 2958 1888 2988 debentur
1907 2957 2057 2997 praemia,
2073 2967 2155 2997 quae
2174 2957 2303 2987 virtutes
2327 2957 2414 2997 ipsae

1341 3011 1355 3026 »
1379 3002 1568 3041 deposcunt,
1591 3002 1707 3041 honor,
1722 3002 1866 3043 inquam,
1886 3009 1916 3032 et
1935 3001 2036 3041 gloria
2055 3001 2271 3041 delegantibus
2298 3001 2413 3032 debita.

1341 3056 1355 3071 »
1378 3046 1574 3077 Felicitatem
1598 3054 1754 3077 terrenam
1777 3046 1938 3077 Antonius
1958 3046 2163 3077 Venetiarum
2182 3046 2342 3086 Princeps,
2363 3056 2414 3076 so-

1340 3101 1355 3115 »
1377 3090 1447 3121 luto
1468 3091 1568 3121 carnis
1592 3091 1717 3130 debito,
1737 3091 1770 3121 in
1790 3091 1956 3121 caelestem
1975 3097 2006 3120 et
2029 3097 2203 3129 aeternam,
2219 3097 2255 3121 ut
2273 3090 2325 3130 pie
2349 3100 2413 3121 cre-

1340 3145 1354 3160 »
1378 3134 1472 3174 ditur,
1494 3136 1719 3166 commutavit:
1740 3142 1880 3166 terrenae
1899 3134 2017 3175 gloriae
2037 3145 2132 3174 super
2147 3134 2413 3165 cumulatissimas

1340 3190 1354 3204 »
1378 3189 1455 3219 opes
1485 3180 1550 3210 duo
1591 3190 1628 3210 ex
1651 3179 1717 3210 filio
1747 3187 1895 3219 nepotes,
1919 3180 2045 3209 Marcus
2064 3177 2111 3221 (b)
2133 3186 2228 3220 atque
2252 3179 2412 3210 Victorius

1339 3234 1353 3249 »
1377 3223 1485 3254 fratres
1509 3224 1566 3262 tui,
1584 3224 1627 3254 sic
1650 3224 1780 3254 heredes
1800 3223 1899 3254 effecti
1923 3230 1997 3254 sunt
2021 3230 2056 3254 ut
2080 3223 2176 3254 etiam
2189 3224 2412 3254 Procuratoria

1338 3279 1353 3293 »
1377 3268 1537 3308 dignitate,
1557 3279 1622 3309 qua
1645 3275 1719 3308 post
1741 3268 1957 3308 Principatum
1980 3268 2013 3297 in
2037 3268 2197 3308 praecelso
2212 3268 2411 3299 Venetorum

1338 3323 1353 3338 »
1378 3312 1495 3342 Senatu
1515 3313 1603 3343 nulla
1626 3313 1729 3343 maior
1753 3319 1808 3351 est,
1824 3312 1978 3343 virtutum
1992 3322 2122 3343 suarum
2145 3312 2243 3342 veluti
2267 3312 2409 3352 praemio

1338 3368 1352 3382 »
1376 3357 1579 3387 donarentur.
1609 3357 1773 3387 Extinctus
1798 3363 1844 3387 est
1867 3366 2001 3396 corpore
2034 3356 2182 3397 quidem,
2207 3366 2273 3386 non
2302 3362 2410 3386 autem

1338 3412 1352 3426 »
1374 3407 1528 3440 perpetua
1551 3401 1775 3441 triumphantis
1799 3400 1923 3430 animae
1946 3400 2057 3439 gloria,
2078 3406 2202 3430 sanctae
2218 3399 2326 3430 Matris
2349 3400 2408 3430 Ec-

1336 3456 1351 3471 »
1375 3444 1486 3474 clesiae
1504 3444 1615 3474 lumen
1634 3444 1880 3484 praefulgidum,
1895 3444 2084 3474 Dominicus
2104 3443 2234 3484 praefati
2253 3443 2408 3484 Principis

1337 3500 1351 3514 ›>
1374 3487 1468 3526 filius,
1493 3495 1562 3518 toto
1587 3494 1740 3518 terrarum
1764 3489 1840 3518 orbe
1862 3488 2122 3518 celebratissimus
2143 3487 2332 3518 Cardinalis:
2353 3489 2408 3518 sed

1336 3544 1350 3559 »
1373 3532 1464 3572 quasi
1483 3542 1563 3565 non-
1570 3539 1650 3562 esset
1664 3539 1822 3570 mortuus,
1838 3539 1872 3562 tu
1887 3532 2015 3562 Praesul
2029 3532 2235 3572 amplissime,
2251 3542 2315 3562 una
2332 3542 2408 3563 cum
2453 3561 2456 3565 .

1336 3588 1350 3603 »
1372 3586 1525 3616 germano
1541 3583 1597 3607 tuo
1618 3576 1751 3606 domino
1767 3577 1885 3606 Ioanne
1904 3574 1949 3618 (c)
1969 3576 2228 3606 reverendissimo
2243 3576 2406 3617 Episcopo

1336 3633 1350 3647 »
1374 3620 1511 3651 Cenetae
1523 3643 1531 3659 ,
1551 3620 1657 3651 vivam
1675 3620 1993 3661 illiuspraesentiam
2010 3631 2106 3661 supra
2125 3627 2261 3651 terrenas
2285 3621 2407 3652 divitia-

1335 3677 1350 3692 »
1374 3675 1447 3695 rum
1477 3665 1602 3706 copias,
1626 3665 1808 3704 virtutibus,
1839 3665 2001 3705 sapientia,
2026 3665 2233 3696 ecclesiastica
2256 3665 2407 3705 dignitate
