2788 4204
1088 229 1207 264 PERI
1239 228 1587 267 HERMENEIAS
1626 231 1719 268 LIB.
1751 232 1765 267 I

919 393 1222 451 LECTIO
1260 397 1926 471 DECIMAQUARTA

514 529 747 569 ITERUM
779 529 863 568 DE
896 527 1438 570 PROPOSITIONIBUS
1472 529 1920 575 SINGULARIBUS
1954 535 2038 576 DE
2072 537 2322 578 FUTURO

1011 603 1072 643 IN
1106 604 1385 644 MATERIA
1425 605 1840 649 CONTINGENTI

399 680 482 720 DE
516 678 974 719 CONTINGENTIA
1007 678 1069 718 IN
1102 678 1301 719 REBUS
1334 679 1549 732 DEQUE
1583 681 2086 726 CONTINGENTIAE
2118 687 2446 731 RADICIBUS

322 821 373 855 Τά
396 820 454 863 μὲν
480 815 522 855 δή
546 819 780 872 συμβαίνοντα
802 818 920 851 α”τοπα
939 820 1055 852 ταῦτα
1073 821 1131 851 καὶ
1149 821 1300 852 τοιαῦτα
1320 819 1391 852 ἕτε-
1446 822 1463 840 *
1479 823 1570 860 Quae
1594 835 1668 865 ergo
1694 827 1883 867 contingunt
1907 828 2161 859 inconvenientia
2183 829 2260 860 haec
2275 838 2349 862 sunt
2364 839 2395 863 et
2410 832 2519 864 huius-

387 877 442 906 ρα,
469 866 560 908 εἴπερ
586 875 696 901 πασης
721 864 949 908 καταφάσεως
974 867 1032 896 καὶ
1060 863 1274 908 ἀποφάσεως,
1295 863 1315 901 ἦ
1335 865 1390 896 ἐπὶ

387 911 453 942 τῶν
477 908 624 941 καθόλου
641 907 832 954 λεγομένων
858 910 899 947 ὡς
924 908 1086 950 καθόλου,
1107 908 1127 945 ἦ
1147 910 1201 940 ἐπὶ
1227 911 1293 940 τῶν
1310 908 1385 941 καθ’

389 953 557 995 ἕκαστον,
592 953 722 1000 ἀνάγκη
756 955 822 986 τῶν
859 953 1096 997 ἀντικειμένων
1130 951 1304 990 εἶναιτὴν
1330 954 1389 997 μὲν

388 997 511 1039 ἀληθῆ,
530 998 595 1035 τήν
621 993 658 1030 δὲ
683 994 800 1042 ψευδῆ,
820 994 924 1041 μηδὲν
950 996 988 1031 δὲ
1007 998 1136 1043 ὁπότερ’
1166 999 1285 1044 ἔτυχεν
1304 996 1389 1030 εἶναι

387 1045 419 1076 ὲν
445 1048 514 1081 τοῖς
533 1043 731 1089 γινομένοις,
754 1044 844 1076 ἀλλά
873 1044 991 1076 πάντα
1014 1041 1099 1075 εἶναι
1127 1045 1186 1075 καὶ
1214 1043 1389 1090 γίγνεσθαι

387 1088 420 1129 ἐξ
449 1087 610 1133 ἀνάγκης·
639 1087 726 1121 ὥστε
757 1089 836 1121 οὔτε
868 1087 1086 1128 βουλεύεσθαι
1111 1083 1182 1120 δέοι
1219 1088 1281 1129 ἀν,
1309 1088 1389 1121 οὔτε

386 1131 704 1178 πραγματεύεσθαι·
732 1134 772 1171 ὠς
796 1134 854 1165 ἐάν
880 1133 939 1176 μὲν
966 1128 1042 1165 τοδὶ
1061 1131 1268 1177 ποιήσωμεν,
1289 1132 1389 1165 ἔσται

386 1173 474 1210 τοδί·
502 1178 560 1209 ὲάν
586 1173 624 1209 δὲ
649 1177 696 1220 μή
721 1174 811 1219 τοδί,
841 1178 899 1209 οὐκ
926 1178 1026 1210 ἔσται
1054 1172 1143 1210 τοδί.

317 1217 422 1255 Οὐδὲν
446 1222 510 1267 γάρ
527 1221 649 1253 κωλύει
667 1224 724 1254 καὶ
751 1223 795 1260 εἰς
821 1222 1000 1266 μυριοστὸν
1021 1222 1095 1259 ἔτος
1122 1221 1181 1254 τὸν
1206 1222 1266 1265 μέν
1284 1221 1388 1266 φάναι

385 1269 492 1299 τοῦτο
520 1266 671 1307 ἔσεσθαι,
699 1266 758 1298 τὸν
785 1263 822 1299 δέ
847 1267 893 1310 μή
920 1266 1036 1312 φάναι·
1062 1266 1150 1299 ὥστε
1177 1265 1210 1306 ἐξ
1239 1266 1388 1312 ἀνάγκης

385 1311 533 1352 ἔσεσθαι,
562 1313 785 1356 ὁποτερονοῦν
812 1313 927 1344 αὐτῶν
955 1310 1075 1348 ἀληθές
1102 1309 1141 1347 ἦν
1168 1311 1272 1342 εἰπεῖν
1291 1311 1385 1344 τότε.

312 1357 419 1389 Ἀλλά
443 1357 509 1401 μήν
536 1352 615 1388 οὐδὲ,
643 1358 748 1389 τοῦτο
767 1351 930 1401 διαφέρει,
949 1358 978 1387 εἴ
995 1368 1080 1393 τινες
1100 1353 1194 1388 εἷπον
1213 1357 1277 1393 τήν
1297 1357 1389 1389 ἀντί-

384 1413 496 1445 φασιν,
513 1399 534 1437 ’ἣ
549 1401 595 1445 μή
614 1398 722 1433 εἷπον·
737 1396 840 1437 δῆλον
859 1401 923 1446 γάρ
940 1400 992 1433 ὅτι
1008 1400 1114 1438 οὕτως
1132 1400 1146 1431 ἐ’
1174 1413 1201 1432 ει
1218 1401 1266 1432 τά
1282 1400 1390 1447 πράγ-

383 1458 494 1491 ματα,
520 1445 583 1478 κᾶν
608 1446 655 1489 μή
683 1447 699 1477 ὁ
724 1446 783 1489 μὲν
808 1445 998 1488 καταφήσῃ
1024 1457 1076 1485 τι,
1106 1446 1121 1476 ὁ
1170 1445 1183 1476 ε’.
1210 1444 1384 1488 ἀποφήσῃ.

384 1486 462 1522 οὐδὲ
487 1490 551 1537 γάρ
577 1486 636 1522 Stet
659 1490 700 1522 τὸ
718 1489 967 1533 καταφαθῆναι
993 1487 1013 1526 ἦ
1042 1489 1262 1533 ἀποφαθῆναι
1290 1490 1387 1522 ἔσται

383 1534 404 1571 ἦ
431 1536 490 1567 οὐκ
523 1534 623 1566 ἔσται
655 1530 723 1566 οὐδ’
755 1535 799 1572 εἰς
824 1534 1005 1578 μυριοστὸν
1037 1534 1111 1571 ἔτος
1146 1535 1275 1579 μᾶλλον
1306 1533 1327 1571 ἦ
1354 1535 1387 1566 ὲν

384 1580 556 1620 ὀποσῳοῧν
582 1578 699 1624 χρόνῳ.
721 1578 824 1611 ιὨστιε
850 1580 878 1610 εἰ
904 1580 937 1611 ἑν
965 1578 1095 1611 ἅπαντι
1121 1581 1168 1621 τῷ
1219 1578 1301 1623 ρόνῳ
1333 1578 1387 1610 οὕ-

383 1637 447 1662 τως
473 1621 582 1668 εἷχεν,
610 1623 697 1655 ὥστε
724 1623 765 1656 τὸ
791 1623 904 1668 ἕτερον
932 1622 1168 1665 ἀληθεύεσθαι,
1199 1627 1386 1670 αναγκαῖον

381 1667 421 1705 ἦν
447 1672 553 1701 τοῦτο
575 1667 751 1714 γενέσθαι,
777 1670 835 1701 καὶ
862 1668 1006 1700 ἕκαστον
1037 1669 1103 1700 τῶν
1128 1669 1307 1715 γενομένον
1335 1669 1386 1701 ἀεὶ

382 1712 488 1751 οὕτως
514 1710 622 1761 εἶχεν,
650 1713 737 1745 ὥστε
764 1712 797 1754 ἐξ
826 1712 975 1759 ἀνάγκης
1001 1712 1169 1759 γενέσθαι.
1191 1713 1231 1745 Ὅ
1254 1726 1291 1746 τε
1320 1715 1385 1760 γάρ

383 1757 512 1796 ἀληθῶς
539 1757 614 1790 εἰπέ
639 1770 689 1796 τις
709 1757 762 1790 ὅτι
782 1759 893 1798 ἔσται,
914 1758 978 1803 οὐχ
1004 1757 1112 1790 οἷόντε
1142 1759 1189 1802 μή
1214 1758 1384 1805 γενέσθαι,

379 1804 437 1834 καὶ
463 1803 504 1835 τὸ
529 1802 728 1848 γενόμενον,
758 1802 878 1841 ἀληθὲς
908 1801 948 1840 ἦν
974 1803 1078 1834 εἰπεῖν
1106 1803 1157 1835 ἀεὶ
1191 1802 1245 1835 ὅτι
1272 1804 1382 1838 ἔσται.

316 1894 350 1925 Εἰ
375 1887 418 1928 δή
445 1893 563 1924 ταῦτα
587 1887 745 1925 ἀδύνατα
762 1912 778 1917 -
796 1893 919 1936 ὁρῶμεν
935 1892 1000 1938 γάρ
1020 1890 1073 1924 ὅτι
1092 1892 1183 1925 ἐστὶν
1211 1893 1298 1938 ἀρχή
1317 1894 1384 1925 τῶν

381 1937 538 1980 ἑσομένον
569 1939 628 1969 καὶ
660 1937 728 1969 ἀπὸ
762 1939 824 1969 τοῦ
858 1935 1095 1978 βουλεύεσθαι,
1122 1938 1180 1969 καὶ
1218 1938 1287 1970 ἀπὸ
1321 1939 1383 1970 τοῦ

380 1981 507 2024 πρᾶξαί
534 1994 581 2021 τι,

312 2029 370 2059 καὶ
397 2026 451 2059 ὅτι
477 2025 550 2064 ὅλος
578 2026 669 2059 ἔστιν
696 2026 728 2058 ἐν
755 2030 826 2064 τοῖς
852 2026 900 2069 μή
921 2027 970 2058 ἀεὶ
990 2026 1159 2071 ἐνεργοῦσι
1178 2026 1218 2059 τὸ
1235 2021 1383 2060 δυνατὸν

381 2069 466 2103 εἶναι
490 2073 548 2103 καὶ
574 2071 620 2114 μή
648 2072 780 2115 ὁμοίως·
809 2072 842 2103 ἐν
869 2072 916 2109 οἷς
944 2070 1040 2116 ἄμφω
1062 2066 1241 2116 ἐνδέχεται
1266 2071 1384 2104 καὶτὸ

380 2113 464 2147 εἶναι
489 2118 545 2147 καὶ
572 2116 613 2148 τὸ
639 2116 685 2160 μή
709 2113 807 2156 εἶναι,
828 2115 915 2149 ὥστε
933 2118 991 2148 καὶ
1010 2116 1051 2149 τὸ
1076 2115 1232 2163 γενέσθαι
1257 2118 1315 2148 καὶ
1341 2116 1382 2148 τὸ

379 2161 426 2205 μή
451 2159 622 2206 γενέσθαι·

311 2207 368 2238 καὶ
394 2206 509 2237 πολλοὶ
532 2206 611 2249 ἡμῖν
642 2200 735 2242 δῆλά
768 2205 857 2238 ἐστιν
884 2204 993 2244 οὕτως
1019 2205 1160 2251 ἔχοντα,
1188 2206 1257 2237 οἷον
1284 2207 1382 2238 τουτὶ

379 2250 419 2283 τὸ
444 2250 580 2294 ἱμάτιον
606 2244 752 2283 δυνατόν
786 2250 859 2283 ἐστι
884 2245 1137 2294 διατμηθῆναι,
1163 2252 1221 2282 καὶ
1247 2250 1285 2282 οὐ
1309 2245 1385 2282 δια-

379 2295 608 2339 τμηθήσεται,
631 2295 698 2327 ἀλλ’
720 2293 905 2339 ἔμπροσθεν
924 2295 1238 2340 κατατριβήσεται·
1260 2296 1380 2339 ὁμοίως

379 2335 487 2372 δὲκαὶ
506 2340 546 2372 τὸ
561 2339 607 2383 μή
626 2334 1032 2384 διατμηθῆναιδυνατόν·
1050 2340 1088 2372 οὖ
1107 2341 1171 2387 γάρ
1193 2339 1231 2373 ἂν
1251 2341 1382 2385 ὁτι-ἦρχε

380 2384 420 2416 τό
447 2383 630 2430 ἔμπροσθεν
658 2385 745 2417 αὐτὸ
770 2384 1039 2429 κατατριβῆναι,
1059 2387 1089 2417 εἴ
1111 2398 1149 2432 γε
1167 2385 1214 2430 μή
1233 2380 1381 2418 δυνατὸν

379 2428 420 2468 ἥν
446 2429 486 2462 τὸ
512 2429 558 2472 μή
584 2424 829 2473 διατμηθῆναι·

313 2475 399 2509 ὥστε
424 2476 481 2506 καὶ
508 2475 562 2506 ἐπὶ
588 2475 654 2507 τῶν
682 2474 791 2506 ἄλλων
817 2473 990 2520 γενέσεων,
1019 2473 1095 2505 ὅσαι
1120 2474 1217 2507 κατοὶ
1237 2469 1380 2519 δύναμιν

377 2519 540 2566 λέγονται
559 2517 817 2564 τήνοτοιαότην.
836 2518 984 2562 Φανερὸν
1001 2518 1064 2562 ἄρα
1080 2518 1133 2552 ὅτι
1151 2519 1214 2564 οὐχ
1238 2519 1381 2553 ἅπαντα

380 2565 415 2605 ἐξ
443 2563 591 2609 ἀνάγκης
628 2563 695 2595 οὔτ’
724 2563 816 2595 ἔστιν
850 2563 929 2594 οὔτε
961 2565 1107 2608 γίνεται,
1137 2563 1226 2596 ἀλλά
1249 2565 1297 2597 τοὶ
1320 2565 1380 2607 μὲν

381 2609 509 2653 ὁπότερ’
539 2608 659 2653 ἔτυχε,
685 2610 742 2640 καὶ
770 2602 866 2639 οὐδὲν
892 2608 1021 2651 μᾶλλον
1047 2608 1068 2644 ’ἦ
1093 2607 1287 2652 κατάφασις
1313 2608 1334 2646 ἦ
1359 2610 1381 2646 ἡ

381 2652 550 2697 ἀπόφασις
569 2651 715 2693 ἀληθής,
735 2651 782 2684 τά
806 2647 843 2684 δὲ
869 2653 998 2694 μᾶλλον
1025 2651 1084 2696 μέν
1108 2654 1167 2684 καὶ
1192 2654 1233 2690 ὠς
1259 2653 1314 2686 ἐπὶ
1340 2653 1381 2686 τὸ

381 2698 467 2731 πολὸ
493 2697 648 2742 θάτερον·
674 2697 712 2729 οὐ
740 2696 806 2738 μήν
832 2696 905 2729 ἀλλ’
937 2691 1114 2742 ἐνδέχεται
1138 2696 1298 2743 γενέσται
1322 2699 1381 2730 καὶ

380 2742 534 2788 θάτερον,
561 2741 703 2787 θάτερον
728 2737 766 2774 δὲ
790 2740 850 2786 μή.

373 2839 523 2866 Smopsxs.
541 2854 575 2858 -
596 2846 620 2865 1.
635 2837 743 2864 Textus
763 2842 981 2874 argumentum,k
992 2841 1019 2864 et
1034 2835 1181 2872 partitio.-
1195 2843 1221 2864 2.
1237 2836 1267 2864 Si
1289 2845 1383 2873 oppo-

314 2878 433 2907 sitarum
456 2877 693 2906 enunciationum
707 2877 743 2904 de
758 2877 855 2904 futuro
875 2875 1052 2913 contingenti
1067 2875 1096 2903 in
1116 2875 1307 2913 singularibus
1325 2885 1384 2904 una

315 2925 388 2947 esset
410 2917 600 2946 determinate
620 2925 703 2952 vera,
726 2922 754 2944 et
781 2916 871 2944 altera
898 2916 1090 2944 determinate
1120 2915 1206 2951 falsa,
1228 2924 1383 2953 sequeren-

314 2965 361 2986 tur
381 2958 435 2986 tria
456 2956 696 2986 inconvenientia:
723 2961 763 2992 1⁰,
783 2955 884 2984 omnia
905 2962 999 2983 essent
1020 2964 1054 2983 ex
1074 2955 1259 2991 necessitate3
1281 2965 1383 2984 conse-

315 3004 436 3035 quenter
450 3002 493 3032 20,
507 3006 567 3025 non
582 3002 729 3033 oporteret
750 2997 786 3024 de
800 2995 898 3032 aliquo
914 2995 1067 3031 consiliari3
1084 2995 1126 3030 3⁰,
1138 3005 1241 3024 omnes
1255 2995 1383 3024 actiones

314 3038 459 3065 humanae
484 3046 558 3073 quae
579 3043 646 3064 sunt
668 3042 788 3073 propter
801 3035 927 3072 aliquem
950 3035 1037 3063 finem
1060 3041 1155 3063 essent
1175 3035 1347 3072 superfluae.
1361 3051 1383 3058 -

317 3078 343 3105 3.
359 3078 502 3105 Probatur
516 3076 683 3104 huiusmodi
698 3075 931 3104 inconvenientia
946 3075 1041 3112 sequi;
1053 3081 1080 3103 et
1095 3075 1189 3111 primo
1201 3084 1235 3103 ex
1249 3075 1276 3103 vi
1291 3084 1382 3103 enun-

317 3116 514 3151 ciationum3—
527 3125 555 3151 4.
571 3116 706 3144 Secundo
724 3125 757 3144 ex
778 3121 860 3152 parte
881 3114 922 3143 rei
944 3114 1144 3143 enunciatae.—
1164 3115 1190 3143 5.
1207 3116 1289 3150 Quae
1317 3115 1381 3152 qui-

317 3157 384 3184 dem
412 3155 645 3184 inconvenientia
673 3155 785 3184 admitti
806 3161 968 3192 nequeunt;
997 3161 1025 3182 et
1041 3154 1145 3191 primo,
1161 3155 1229 3192 quia
1250 3155 1383 3183 auferunt

315 3196 474 3224 libertatern
497 3196 686 3223 humanam-
700 3196 727 3223 6.
744 3194 865 3230 Deinde,
883 3194 952 3232 quia
972 3194 1002 3222 in
1023 3194 1086 3223 aliis
1100 3195 1185 3227 rebus
1206 3195 1311 3223 tollunt
1330 3204 1380 3223 na-

314 3243 409 3264 turam
430 3234 660 3272 potentialitatis,
682 3244 733 3263 seu
764 3234 1012 3272 contingentiae.—
1028 3244 1054 3271 7.
1081 3235 1191 3263 Totum
1222 3235 1382 3263 declaratur

316 3275 451 3312 exemplis
467 3274 680 3303 sensibilibus.-
693 3275 720 3303 8.
737 3274 858 3303 Reiectis
873 3274 1046 3311 quibusdam
1061 3274 1138 3302 falsis
1153 3274 1309 3310 sententiis,
1324 3281 1381 3303 sta-

315 3315 403 3343 tuitur
425 3314 620 3343 necessarium
642 3323 704 3342 esse
726 3313 795 3342 illud
817 3315 897 3351 quod
911 3314 941 3342 in
962 3323 1014 3342 sua
1035 3320 1138 3342 natura
1158 3314 1381 3343 determinatum

316 3361 358 3382 est
379 3355 473 3383 solum
495 3355 531 3383 ad
553 3363 631 3389 esse;
646 3354 821 3392 impossibile
841 3355 921 3391 quod
937 3360 980 3382 est
994 3354 1217 3383 determinatum
1238 3354 1333 3383 solum
1343 3354 1380 3382 ad

317 3403 372 3422 non
387 3403 449 3422 esse
455 3404 465 3428 ;
475 3394 614 3432 possibile
629 3394 709 3431 quod
723 3403 818 3431 neque
833 3394 870 3422 ad
887 3403 950 3422 esse
960 3403 1054 3431 neque
1068 3394 1105 3422 ad
1120 3403 1176 3422 non
1198 3403 1261 3422 esse
1278 3399 1321 3422 est
1330 3394 1380 3422 de-

316 3433 509 3469 terminatum,
525 3433 583 3462 sive
599 3443 628 3462 se
644 3434 747 3462 habeat
768 3433 858 3471 magis
880 3434 917 3462 ad
938 3443 1030 3462 unum
1052 3442 1140 3471 quam
1154 3434 1191 3462 ad
1212 3433 1305 3469 aliud,
1321 3433 1380 3462 sive

317 3473 472 3509 aequaliter
486 3474 523 3501 ad
537 3480 705 3510 utrumque:
722 3483 781 3510 quo
803 3483 871 3501 casu
888 3473 1028 3511 possibile
1043 3473 1134 3510 magis
1148 3473 1264 3510 proprie
1278 3473 1381 3502 dicitur

317 3512 487 3550 contingens
507 3514 544 3540 ad
565 3513 763 3541 utrumlibet.-
777 3522 803 3549 9.
824 3513 1016 3548 Possibilitas,
1039 3522 1090 3541 seu
1116 3512 1246 3549 potentia
1268 3512 1380 3549 passiva

317 3551 453 3579 materiae
467 3552 504 3579 ad
523 3558 678 3588 utrumque
694 3561 754 3580 non
769 3559 811 3580 est
825 3550 971 3580 sufficiens
992 3552 1065 3580 ratio
1087 3553 1309 3597 contingentiae,
1323 3552 1380 3580 nisi

317 3590 439 3618 addatur
454 3600 486 3618 ex
501 3598 581 3627 parte
602 3591 747 3628 potentiae
769 3591 876 3620 activae
891 3592 971 3628 quod
985 3600 1046 3619 non
1061 3591 1095 3619 sit
1110 3601 1231 3620 ommno
1246 3591 1379 3620 determi-

1513 870 1603 900 modi
1627 871 1702 910 alia,
1728 871 1753 901 si
1778 872 1883 902 omnis
1907 871 2123 903 affirmationis
2148 880 2179 904 et
2201 874 2388 915 negationis,
2413 878 2463 908 vel
2486 878 2518 908 in

1512 913 1561 943 his
1585 925 1666 955 quae
1690 916 1729 946 de
1748 916 1978 947 universalibus
1997 917 2146 948 dicuntur
2164 918 2398 959 universaliter,
2422 922 2472 952 vel
2485 922 2519 953 in

1512 957 1560 988 his
1584 969 1666 1000 quae
1690 967 1765 991 sunt
1788 961 1968 1001 singularia,
1983 972 2109 992 necesse
2129 969 2175 993 est
2192 964 2415 1003 oppositarum
2438 966 2520 998 hanc

1512 1004 1643 1044 quidem
1671 1011 1779 1036 veram
1806 1015 1893 1044 esse,
1922 1006 2010 1036 illam
2039 1016 2114 1037 vero
2144 1007 2272 1038 falsam:
2301 1009 2380 1039 nihil
2411 1016 2520 1041 autem

1512 1049 1698 1080 utrumlibet
1721 1060 1787 1080 esse
1811 1050 1843 1080 in
1867 1050 1926 1089 his,
1951 1061 2033 1091 quae
2055 1050 2153 1090 fiunt,
2178 1052 2233 1082 sed
2257 1053 2367 1084 omnia
2395 1064 2462 1085 esse
2489 1062 2520 1086 et

1511 1092 1577 1123 fieri
1602 1104 1639 1123 ex
1663 1095 1862 1125 necessitate:
1889 1105 1986 1136 quare
2014 1105 2080 1126 non
2107 1097 2284 1136 oportebit,
2313 1108 2418 1139 neque
2442 1108 2518 1130 con-

1512 1137 1623 1176 sulere,
1648 1149 1751 1179 neque
1776 1139 1944 1179 negotiari,
1970 1140 2126 1181 quoniam
2149 1141 2174 1171 si
2198 1140 2260 1172 hoc
2286 1141 2436 1182 facimus,
2462 1144 2519 1174 erit

1512 1182 1585 1220 hoc,
1610 1183 1635 1213 si
1659 1193 1733 1214 vero
1758 1194 1825 1214 non
1848 1184 1921 1222 hoc,
1946 1195 2013 1214 non
2037 1184 2103 1215 erit.

1444 1226 1531 1256 Nihil
1555 1227 1640 1257 enim
1669 1228 1816 1268 prohibet
1838 1228 1871 1258 in
1895 1229 2103 1259 millesimum
2132 1239 2254 1260 annum
2276 1230 2362 1262 hunc
2386 1232 2518 1273 quidem

1512 1271 1613 1302 dicere
1637 1272 1699 1303 hoc
1723 1273 1868 1303 futurum
1892 1283 1969 1311 esse,
1987 1273 2079 1304 illurn
2103 1283 2178 1304 vero
2195 1284 2262 1304 non
2279 1275 2398 1306 dicere:
2418 1286 2516 1317 quare

1511 1325 1548 1346 ex
1570 1316 1753 1348 necessitate
1778 1318 1835 1348 erit
1858 1318 2024 1359 quodlibet
2047 1326 2176 1349 eorum:
2202 1319 2291 1360 quod
2314 1326 2390 1351 tunc
2414 1321 2452 1351 ab
2477 1331 2516 1352 eo

1510 1370 1622 1391 verum
1646 1368 1710 1392 erat
1734 1361 1845 1393 dicere.

1508 1414 1583 1435 vero
1608 1416 1711 1447 neque
1734 1406 1797 1437 hoc
1820 1406 1937 1445 differt,
1968 1407 1993 1437 si
2017 1407 2130 1448 aliquis
2157 1407 2267 1439 dixerit
2293 1409 2516 1441 contradictio-

1510 1458 1585 1479 nem
1603 1450 1653 1480 vel
1670 1460 1736 1481 non
1753 1451 1878 1490 dixerit3
1902 1451 2108 1482 manifestum
2128 1459 2175 1483 est
2194 1452 2279 1483 enim
2299 1454 2454 1494 quoniam
2470 1454 2514 1485 sic

1510 1503 1542 1523 se
1566 1493 1683 1525 habent
1706 1505 1775 1533 res,
1800 1495 1896 1526 etiam
1919 1495 1944 1526 si
1968 1506 2035 1526 non
2059 1496 2110 1527 hie
2142 1496 2273 1538 quidem
2296 1497 2515 1538 affirmaverit,

1509 1537 1562 1568 ille
1585 1548 1660 1569 vero
1684 1539 1844 1579 negaverit
1851 1547 1860 1578 ;
1884 1549 1952 1570 non
1975 1540 2062 1570 enim
2085 1547 2215 1581 propter
2237 1551 2351 1582 negare
2367 1542 2418 1573 vel
2433 1542 2514 1574 affir-

1510 1592 1596 1613 mare
1620 1583 1678 1614 erit
1699 1583 1750 1614 vel
1773 1594 1840 1614 non
1859 1584 1927 1622 erit,
1943 1594 2002 1615 nec
2021 1584 2055 1614 in
2071 1585 2279 1616 millesimum
2302 1596 2423 1617 annum
2446 1597 2515 1618 ma-

1508 1627 1555 1667 gis
1585 1637 1684 1668 quam
1712 1628 1745 1658 in
1777 1628 1977 1669 quantolibet
2001 1635 2154 1669 ternpore.
2187 1630 2293 1667 Quare
2318 1630 2344 1660 si
2366 1630 2401 1661 in
2424 1631 2514 1661 omni

1508 1678 1652 1712 tempore
1676 1672 1719 1703 sic
1744 1683 1776 1703 se
1792 1673 1916 1711 habeat,
1936 1680 1972 1704 ut
1995 1683 2099 1703 unum
2115 1673 2270 1704 diceretur
2287 1684 2370 1713 vere,
2387 1685 2514 1706 necesse

1510 1723 1574 1747 erat
1597 1716 1658 1747 hoc
1682 1716 1759 1756 fieri,
1785 1723 1815 1748 et
1839 1718 2096 1758 unumquodque
2120 1728 2234 1748 eorum
2257 1728 2339 1759 quae
2362 1718 2454 1758 fiunt,
2470 1719 2515 1751 sic

1509 1771 1634 1801 semper
1647 1771 1679 1792 se
1699 1761 1829 1799 habere,
1854 1769 1890 1792 ut
1906 1772 1942 1792 ex
1958 1762 2141 1793 necessitate
2156 1762 2252 1794 fieret.
2270 1763 2409 1800 Quando
2426 1764 2513 1795 enim

1507 1815 1579 1836 vere
1603 1805 1678 1836 dicit
1700 1806 1772 1847 quis
1796 1806 1952 1847 quoniam
1975 1807 2047 1844 erit,
2072 1817 2139 1837 non
2158 1814 2263 1847 potest
2286 1817 2353 1838 non
2377 1807 2459 1839 fieri:
2483 1814 2516 1840 et

1507 1850 1597 1891 quod
1612 1850 1731 1881 factum
1746 1857 1802 1888 est,
1813 1860 1925 1881 verum
1941 1857 2006 1881 erat
2022 1851 2123 1882 dicere
2139 1861 2264 1892 semper
2273 1852 2428 1893 quoniam
2445 1853 2512 1884 erit.

1441 1895 1540 1932 Quod
1563 1894 1588 1925 si
1608 1895 1685 1926 haec
1701 1905 1767 1925 non
1785 1902 1859 1926 sunt
1874 1895 2036 1935 possibilia
2054 1894 2212 1938 (videmus
2229 1896 2315 1927 enirn
2339 1906 2405 1927 esse
2426 1897 2513 1938 prin-

1443 1405 1486 1434 At

1508 1939 1628 1980 cipium
1652 1939 1853 1978 futurorum,
1878 1947 1908 1970 et
1932 1940 1970 1970 ab
1995 1950 2033 1970 eo
2058 1941 2147 1982 quod
2175 1941 2394 1972 consultamus
2417 1948 2523 1983 atque‘

1507 1983 1630 2024 agimus
1655 1983 1791 2025 aliquid;

1440 2035 1470 2059 et
1493 2028 1649 2069 quoniam
1669 2035 1716 2059 est
1732 2028 1866 2058 omnino
1883 2028 1915 2058 in
1931 2028 1990 2067 his,
2008 2039 2089 2070 quae
2106 2039 2172 2059 non
2189 2039 2313 2070 semper
2329 2035 2400 2060 actu
2422 2036 2512 2069 sunt,

1507 2073 1657 2113 possibile
1682 2083 1748 2103 esse
1773 2080 1803 2103 et
1818 2083 1884 2103 non
1902 2083 1968 2103 esse
1985 2073 2138 2111 similiter,
2155 2073 2188 2103 in
2205 2073 2322 2114 quibus
2339 2080 2514 2116 utrumque

1507 2118 1660 2158 contingit
1684 2128 1750 2149 esse
1774 2124 1804 2148 et
1828 2128 1894 2148 non
1919 2128 1996 2157 esse,
2021 2128 2118 2158 quare
2141 2117 2208 2148 fieri
2233 2124 2263 2149 et
2286 2128 2352 2149 non
2376 2117 2459 2149 fieri:

1438 2217 1473 2237 ac
1496 2207 1598 2238 multa
1620 2207 1713 2237 nobis
1737 2206 1903 2237 manifesta
1924 2213 1998 2237 sunt
2014 2206 2058 2237 sic
2074 2217 2106 2237 se
2123 2206 2281 2245 habentia,
2304 2212 2341 2237 ut
2356 2206 2512 2248 quoniam

1505 2251 1586 2282 hanc
1610 2259 1730 2283 vestem
1753 2251 1904 2292 possibile
1928 2258 1974 2282 est
1997 2251 2093 2282 incidi
2117 2257 2148 2282 et
2171 2261 2237 2282 non
2261 2251 2432 2290 incidetur,
2456 2252 2512 2282 sed

1505 2297 1592 2337 prius
1616 2303 1784 2327 exteretur:
1809 2296 1952 2327 similiter
1974 2303 2082 2327 autem
2105 2303 2136 2327 et
2159 2306 2225 2327 non
2244 2295 2341 2327 incidi
2361 2296 2511 2337 possibile

1505 2348 1567 2372 est:
1593 2351 1659 2372 non
1683 2341 1769 2372 enim
1800 2347 1880 2372 esset
1907 2351 1978 2371 eam
2009 2341 2096 2381 prius
2118 2339 2240 2384 sexteri,
2270 2340 2330 2371 nisi
2360 2340 2511 2381 possibile

1505 2393 1585 2418 esset
1608 2396 1675 2417 non
1698 2385 1810 2417 incidi:

1436 2485 1534 2517 quare
1558 2481 1589 2506 et
1611 2475 1644 2506 in
1668 2475 1736 2505 aliis
1760 2474 1871 2505 fiendis
1887 2484 2108 2515 quaecumque
2131 2473 2308 2505 secundum
2333 2473 2511 2514 potentiam

1503 2519 1689 2551 huiusmodi
1700 2518 1873 2558 dicuntur),
1882 2518 2086 2549 manifestum
2097 2525 2143 2550 est
2150 2518 2305 2560 quoniam
2320 2528 2385 2548 non
2401 2518 2511 2549 omnia

1503 2574 1541 2595 ex
1569 2564 1769 2603 necessitate,
1802 2563 1853 2594 vel
1882 2569 1957 2593 sunt
1985 2563 2036 2593 vel
2064 2562 2167 2601 fiunt;
2200 2563 2255 2593 sed
2286 2562 2346 2592 alia
2377 2562 2509 2603 quidem

1503 2608 1699 2647 utrumlibet,
1724 2615 1754 2638 et
1777 2617 1844 2638 non
1867 2607 1967 2647 magis
1990 2607 2041 2637 vel
2055 2606 2222 2637 affirmatio
2238 2606 2288 2637 vel
2308 2606 2366 2637 erit
2381 2606 2508 2646 negatio

1502 2660 1592 2683 vera:
1617 2652 1677 2683 alia
1699 2662 1776 2682 vero
1799 2651 1900 2691 magis
1923 2651 2055 2691 quidem
2078 2657 2109 2681 et
2131 2651 2165 2681 in
2188 2650 2332 2691 pluribus
2356 2650 2507 2681 alterum:

1503 2697 1559 2727 sed
1582 2696 1736 2736 contingit
1758 2695 1824 2726 fien'
1849 2701 1879 2726 et
1903 2695 2047 2733 alterum,
2067 2695 2202 2726 alterum
2219 2704 2295 2725 vero
2319 2694 2460 2726 minime.

1436 2842 1505 2865 nata
1519 2836 1555 2864 ad
1569 2845 1701 2864 unum.-
1719 2844 1762 2863 io.
1781 2834 1908 2870 Quidam
1936 2834 2150 2863 considerantes
2178 2834 2366 2863 solummodo
2388 2843 2506 2864 causam

1436 2875 1656 2904 determinatam
1679 2876 1716 2904 ad
1744 2884 1852 2910 unum,
1880 2874 1982 2903 exinde
2005 2874 2180 2903 fatalismum
2203 2873 2370 2903 intulerunt.
2383 2889 2405 2897 -
2423 2875 2506 2904 Fata-

1435 2915 1536 2944 lismus
1550 2915 1740 2944 stoicorum-
1758 2924 1801 2943 tx.
1817 2914 1962 2951 Principia
1976 2914 2135 2943 stoicorum
2150 2914 2330 2942 refelluntur:
2340 2931 2352 2936 -
2367 2919 2409 2950 1⁰,
2424 2913 2508 2943 Prin-

1435 2955 1543 2992 cipium
1565 2956 1653 2993 quod,
1669 2964 1753 2983 omne
1767 2955 1844 2992 quod
1849 2955 1890 2993 fit
1903 2963 2020 2982 causam
2035 2954 2129 2988 habet,
2145 2960 2188 2982 est
2202 2963 2303 2982 verum
2318 2955 2355 2982 de
2369 2963 2406 2983 eo
2420 2954 2502 2992 quod

1436 3002 1478 3024 est
1488 3005 1546 3034 per
1560 3005 1599 3030 se,
1615 3004 1676 3024 non
1690 3001 1788 3024 autem
1809 2995 1845 3023 de
1867 3003 1902 3023 eo
1924 2995 2004 3031 quod
2019 3000 2061 3022 est
2070 3003 2129 3032 per·
2142 2994 2285 3028 accidens,
2301 2994 2370 3032 quia
2388 2993 2507 3032 proprie

1435 3045 1496 3064 non
1511 3041 1554 3064 est
1567 3044 1619 3063 ens
1626 3045 1636 3069 ‚·
1657 3039 1700 3070 2⁰,
1716 3036 1782 3063 Non
1804 3041 1847 3063 est
1867 3043 1968 3063 verum
1990 3034 2080 3071 quod,
2098 3034 2195 3072 posita
2216 3043 2304 3062 causa
2326 3033 2485 3074 sufficienti
2495 3055 2506 3069 ‚

1436 3084 1551 3103 necesse
1573 3080 1616 3103 est
1636 3076 1769 3113 effectum
1779 3074 1860 3113 poni,
1875 3073 1930 3102 nisi
1951 3073 1988 3102 sit
2001 3083 2089 3103 causa
2103 3073 2264 3102 necessaria
2286 3083 2360 3111 quae
2377 3074 2414 3103 ab
2436 3073 2504 3102 effe·

1435 3121 1482 3143 ctu
1503 3115 1692 3151 producendo
1718 3123 1780 3143 non
1800 3113 1893 3151 possit
1913 3113 2055 3150 impediri.
2067 3129 2090 3136 -
2107 3121 2151 3142 12.
2167 3113 2197 3142 Si
2218 3120 2374 3151 utrumque
2395 3113 2504 3143 stoico-

1434 3164 1499 3183 rum
1521 3154 1694 3192 principium
1722 3160 1796 3183 esset
1817 3163 1926 3188 verum,
1951 3153 2133 3182 infallibiliter
2154 3160 2322 3191 sequeretur
2349 3153 2450 3182 omnia
2470 3161 2504 3182 ex

1434 3194 1602 3223 necessitate
1623 3193 1827 3231 contingere.-
1844 3194 1887 3222 13.
1910 3193 2037 3222 Solvitur
2057 3193 2192 3222 obiectio.
2204 3194 2271 3221 -ld
2292 3194 2373 3231 quod
2393 3199 2437 3222 est
2445 3201 2504 3232 per

1434 3235 1569 3263 accidens
1589 3234 1735 3263 reducitur
1755 3234 1793 3262 ad
1813 3233 1843 3262 id
1864 3234 1945 3270 quod
1966 3239 2009 3262 est
2025 3242 2084 3272 per·
2098 3242 2144 3268 se,
2166 3242 2227 3262 non
2242 3233 2325 3270 quasi
2342 3242 2401 3271 per
2413 3241 2446 3262 se
2465 3231 2504 3261 sit

1434 3280 1483 3302 aut
1499 3283 1558 3312 per
1578 3283 1609 3302 se
1621 3274 1689 3312 fiat,
1711 3274 1762 3302 sed
1783 3273 1852 3310 quia
1872 3273 1975 3301 accidit
1996 3273 2022 3301 ei
2043 3273 2125 3311 quod
2138 3282 2197 3311 per
2216 3281 2248 3301 se
2269 3278 2312 3301 est
2332 3279 2382 3302 aut
2397 3281 2457 3311 per
2469 3280 2502 3300 se

1425 3314 1506 3352 fit.—
1524 3323 1566 3349 ¹4·
1582 3313 1727 3342 Refellitur
1747 3313 1906 3342 fatalismus
1927 3322 1961 3341 ex
1982 3312 2131 3342 influentia
2151 3321 2309 3350 corporum
2327 3310 2502 3341 caelestium.

1431 3353 1537 3389 -Quia
1550 3353 1628 3382 nulla
1641 3353 1684 3382 vis
1698 3352 1857 3390 corporalis
1878 3359 1973 3389 potest
1987 3361 2071 3390 agere
2085 3361 2137 3390 per
2151 3362 2182 3381 se
2201 3352 2256 3381 nisi
2269 3352 2300 3380 in
2320 3360 2382 3380 rem
2395 3359 2502 3388 corpo-

1433 3402 1521 3428 ream,
1533 3392 1710 3430 impossibile
1725 3399 1767 3421 est
1777 3393 1858 3430 quod
1868 3392 1974 3421 directe
1988 3392 2157 3429 intellectus,
2173 3401 2224 3421 seu
2238 3391 2312 3421 ratio
2327 3393 2355 3420 et
2368 3390 2502 3419 voluntas

1433 3434 1592 3461 subdantur
1605 3432 1701 3462 virtuti
1715 3433 1882 3461 caelestium
1897 3433 2147 3469 corporum.-15.
2158 3431 2284 3461 Effectus
2294 3439 2352 3468 per
2366 3429 2502 3458 accidens

1433 3479 1460 3501 et
1481 3473 1607 3501 casualis
1626 3473 1786 3501 secundum
1803 3481 1834 3501 se
1848 3478 1877 3501 et
1897 3478 2028 3509 respectu
2043 3480 2147 3501 causae
2168 3469 2366 3506 immediatae,
2381 3478 2443 3498 non
2458 3475 2501 3497 est

1432 3512 1496 3541 talis
1517 3519 1648 3550 respectu
1669 3521 1773 3541 causae
1793 3511 1980 3540 intellectivae
2003 3509 2243 3548 praeordinantis.
2263 3524 2286 3532 -
2309 3510 2353 3538 16.
2377 3510 2420 3537 Ex
2443 3509 2501 3537 hoc

1433 3550 1552 3580 infertur
1566 3551 1679 3587 omnia,
1696 3551 1783 3580 etiam
1798 3561 1873 3589 quae
1889 3551 2022 3579 videntur
2031 3550 2148 3584 fortuita
2163 3556 2192 3578 et
2205 3548 2338 3584 casualia,
2356 3548 2454 3577 reduci
2469 3548 2500 3577 in

1433 3591 1566 3620 ordinem
1580 3591 1694 3620 divinae
1704 3590 1935 3620 Providentiae.—
1947 3599 1991 3627 ¹7·
2002 3591 2091 3618 Error
2104 3589 2184 3627 quod
2194 3588 2379 3617 Providentia
2393 3587 2501 3625 divina,

2549 830 2557 838 '
2573 828 2628 856 Seq.
2645 834 2665 850 c.
2675 834 2707 850 rx.
