<?xml version="1.0" encoding="UTF-8"?>
<!DOCTYPE html PUBLIC "-//W3C//DTD XHTML 1.0 Transitional//EN"
    "http://www.w3.org/TR/xhtml1/DTD/xhtml1-transitional.dtd">
<html xmlns="http://www.w3.org/1999/xhtml" xml:lang="en" lang="en">
 <head>
  <title>
</title>
<meta http-equiv="Content-Type" content="text/html;charset=utf-8" />
  <meta name='ocr-system' content='tesseract 3.04.00' />
  <meta name='ocr-capabilities' content='ocr_page ocr_carea ocr_par ocr_line ocrx_word'/>
</head>
<body>
  <div class='ocr_page' id='page_1' title='image "./operaomniaiussui01thom/operaomniaiussui01thom_0623.png"; bbox 0 0 2788 4204; ppageno 0'>
   <div class='ocr_carea' id='block_1_1' title="bbox 60 561 275 639">
    <p class='ocr_par' dir='ltr' id='par_1_1' title="bbox 60 561 275 639">
     <span class='ocr_line' id='line_1_1' title="bbox 63 561 274 586; baseline 0 -4"><span class='ocrx_word' id='word_1_1' title='bbox 63 561 72 570; x_wconf 85' lang='grc'><em>·</em></span> <span class='ocrx_word' id='word_1_2' title='bbox 86 566 176 582; x_wconf 73' lang='lat' dir='ltr'>cxuox:</span> <span class='ocrx_word' id='word_1_3' title='bbox 192 562 240 586; x_wconf 74' lang='lat' dir='ltr'>est;</span> <span class='ocrx_word' id='word_1_4' title='bbox 252 565 274 582; x_wconf 83' lang='lat' dir='ltr'>ct</span> 
     </span>
     <span class='ocr_line' id='line_1_2' title="bbox 60 586 275 609; baseline 0.005 -1"><span class='ocrx_word' id='word_1_5' title='bbox 60 586 92 608; x_wconf 71' lang='lat' dir='ltr'>itt</span> <span class='ocrx_word' id='word_1_6' title='bbox 105 587 164 609; x_wconf 74' lang='lat' dir='ltr'>infra</span> <span class='ocrx_word' id='word_1_7' title='bbox 179 593 275 609; x_wconf 55' lang='lat' dir='ltr'>orn-nc</span> 
     </span>
     <span class='ocr_line' id='line_1_3' title="bbox 60 613 274 639; baseline 0.005 -5"><span class='ocrx_word' id='word_1_8' title='bbox 60 619 150 639; x_wconf 74' lang='lat' dir='ltr'>toqsr:</span> <span class='ocrx_word' id='word_1_9' title='bbox 161 613 205 635; x_wconf 73' lang='lat' dir='ltr'>sed</span> <span class='ocrx_word' id='word_1_10' title='bbox 215 614 274 635; x_wconf 76' lang='lat' dir='ltr'>c-B.</span> 
     </span>
    </p>
   </div>
   <div class='ocr_carea' id='block_1_2' title="bbox 60 640 238 662">
    <p class='ocr_par' dir='ltr' id='par_1_2' title="bbox 60 640 238 662">
     <span class='ocr_line' id='line_1_4' title="bbox 60 640 238 662; baseline 0.006 -1"><span class='ocrx_word' id='word_1_11' title='bbox 60 640 72 651; x_wconf 65' lang='lat'>⁴</span> <span class='ocrx_word' id='word_1_12' title='bbox 79 640 111 661; x_wconf 78' lang='lat' dir='ltr'>Et</span> <span class='ocrx_word' id='word_1_13' title='bbox 123 646 172 662; x_wconf 90' lang='lat' dir='ltr'>om.</span> <span class='ocrx_word' id='word_1_14' title='bbox 185 647 238 662; x_wconf 69' lang='lat' dir='ltr'>Aac.</span> 
     </span>
    </p>
   </div>
   <div class='ocr_carea' id='block_1_3' title="bbox 60 718 274 746">
    <p class='ocr_par' dir='ltr' id='par_1_3' title="bbox 60 718 274 746">
     <span class='ocr_line' id='line_1_5' title="bbox 60 718 274 746; baseline -0.005 -4"><span class='ocrx_word' id='word_1_15' title='bbox 60 719 148 742; x_wconf 77' lang='lat' dir='ltr'>&#39;Cudd.</span> <span class='ocrx_word' id='word_1_16' title='bbox 155 718 274 746; x_wconf 48' lang='lat' dir='ltr'>[exesum]</span> 
     </span>
    </p>
   </div>
   <div class='ocr_carea' id='block_1_4' title="bbox 58 749 160 769">
    <p class='ocr_par' dir='ltr' id='par_1_4' title="bbox 58 749 160 769">
     <span class='ocr_line' id='line_1_6' title="bbox 58 749 160 769; baseline 0 -1"><span class='ocrx_word' id='word_1_17' title='bbox 58 753 114 769; x_wconf 70' lang='lat' dir='ltr'>esse</span> <span class='ocrx_word' id='word_1_18' title='bbox 127 749 160 769; x_wconf 82' lang='lat' dir='ltr'>ut.</span> 
     </span>
    </p>
   </div>
   <div class='ocr_carea' id='block_1_5' title="bbox 55 1148 271 1177">
    <p class='ocr_par' dir='ltr' id='par_1_5' title="bbox 55 1148 271 1177">
     <span class='ocr_line' id='line_1_7' title="bbox 55 1148 271 1177; baseline 0 -6"><span class='ocrx_word' id='word_1_19' title='bbox 55 1148 71 1162; x_wconf 72' lang='lat'>⁴</span> <span class='ocrx_word' id='word_1_20' title='bbox 78 1155 94 1172; x_wconf 71' lang='lat' dir='ltr'>e</span> <span class='ocrx_word' id='word_1_21' title='bbox 102 1156 109 1171; x_wconf 70' lang='grc' dir='ltr'><strong>ε</strong></span> <span class='ocrx_word' id='word_1_22' title='bbox 119 1149 271 1177; x_wconf 59' lang='lat' dir='ltr'>accipiamus.</span> 
     </span>
    </p>
   </div>
   <div class='ocr_carea' id='block_1_6' title="bbox 30 1359 270 1385">
    <p class='ocr_par' dir='ltr' id='par_1_6' title="bbox 30 1359 270 1385">
     <span class='ocr_line' id='line_1_8' title="bbox 30 1359 270 1385; baseline -0.004 0"><span class='ocrx_word' id='word_1_23' title='bbox 30 1359 36 1364; x_wconf 82' lang='grc'><em>’</em></span> <span class='ocrx_word' id='word_1_24' title='bbox 51 1361 212 1385; x_wconf 65' lang='lat' dir='ltr'>⁴Codd.-1·:</span> <span class='ocrx_word' id='word_1_25' title='bbox 226 1364 270 1384; x_wconf 69' lang='lat' dir='ltr'>est.</span> 
     </span>
    </p>
   </div>
   <div class='ocr_carea' id='block_1_7' title="bbox 1085 263 1706 310">
    <p class='ocr_par' dir='ltr' id='par_1_7' title="bbox 1085 263 1706 310">
     <span class='ocr_line' id='line_1_9' title="bbox 1085 263 1706 310; baseline 0.003 -11"><span class='ocrx_word' id='word_1_26' title='bbox 1085 263 1196 300; x_wconf 90' lang='lat' dir='ltr'>CAP.</span> <span class='ocrx_word' id='word_1_27' title='bbox 1227 263 1333 310; x_wconf 89' lang='lat' dir='ltr'>XVI,</span> <span class='ocrx_word' id='word_1_28' title='bbox 1364 264 1515 301; x_wconf 90' lang='lat' dir='ltr'>LECT.</span> <span class='ocrx_word' id='word_1_29' title='bbox 1545 265 1706 301; x_wconf 86' lang='lat' dir='ltr'>XXVIII</span> 
     </span>
    </p>
   </div>
   <div class='ocr_carea' id='block_1_8' title="bbox 299 341 1371 1456">
    <p class='ocr_par' dir='ltr' id='par_1_8' title="bbox 299 341 1371 1350">
     <span class='ocr_line' id='line_1_10' title="bbox 304 341 1369 390; baseline 0.001 -13"><span class='ocrx_word' id='word_1_30' title='bbox 304 341 344 378; x_wconf 92' lang='lat' dir='ltr'>Si</span> <span class='ocrx_word' id='word_1_31' title='bbox 373 353 462 389; x_wconf 90' lang='lat' dir='ltr'>ergo</span> <span class='ocrx_word' id='word_1_32' title='bbox 493 341 697 390; x_wconf 86' lang='lat' dir='ltr'>accipiatur</span> <span class='ocrx_word' id='word_1_33' title='bbox 724 341 880 390; x_wconf 89' lang='lat' dir='ltr'>aliquod</span> <span class='ocrx_word' id='word_1_34' title='bbox 899 341 1072 378; x_wconf 90' lang='lat' dir='ltr'>medium</span> <span class='ocrx_word' id='word_1_35' title='bbox 1094 343 1137 389; x_wconf 94' lang='lat' dir='ltr'>C,</span> <span class='ocrx_word' id='word_1_36' title='bbox 1159 341 1264 390; x_wconf 92' lang='lat' dir='ltr'>quod</span> <span class='ocrx_word' id='word_1_37' title='bbox 1287 342 1369 379; x_wconf 87' lang='lat' dir='ltr'>uni—</span> 
     </span>
     <span class='ocr_line' id='line_1_11' title="bbox 301 394 1371 443; baseline 0.002 -13"><span class='ocrx_word' id='word_1_38' title='bbox 301 394 497 431; x_wconf 86' lang='lat' dir='ltr'>versaliter</span> <span class='ocrx_word' id='word_1_39' title='bbox 520 394 759 443; x_wconf 82' lang='lat' dir='ltr'>praedicetur</span> <span class='ocrx_word' id='word_1_40' title='bbox 778 395 825 431; x_wconf 92' lang='lat' dir='ltr'>de</span> <span class='ocrx_word' id='word_1_41' title='bbox 849 396 895 441; x_wconf 88' lang='lat' dir='ltr'>A,</span> <span class='ocrx_word' id='word_1_42' title='bbox 916 402 958 431; x_wconf 93' lang='lat' dir='ltr'>ut</span> <span class='ocrx_word' id='word_1_43' title='bbox 977 395 1007 431; x_wconf 89' lang='lat' dir='ltr'>si</span> <span class='ocrx_word' id='word_1_44' title='bbox 1028 395 1217 431; x_wconf 90' lang='lat' dir='ltr'>dicamus:</span> <span class='ocrx_word' id='word_1_45' title='bbox 1252 395 1371 432; x_wconf 86' lang='lat' dir='ltr'><em>Omne</em></span> 
     </span>
     <span class='ocr_line' id='line_1_12' title="bbox 302 447 1368 494; baseline 0 -10"><span class='ocrx_word' id='word_1_46' title='bbox 302 447 447 484; x_wconf 89' lang='lat' dir='ltr'>animal</span> <span class='ocrx_word' id='word_1_47' title='bbox 461 454 515 484; x_wconf 87' lang='lat' dir='ltr'>est</span> <span class='ocrx_word' id='word_1_48' title='bbox 525 449 674 492; x_wconf 77' lang='lat' dir='ltr'>vivum;</span> <span class='ocrx_word' id='word_1_49' title='bbox 694 455 730 484; x_wconf 91' lang='lat' dir='ltr'>et</span> <span class='ocrx_word' id='word_1_50' title='bbox 749 448 1011 485; x_wconf 88' lang='lat' dir='ltr'>universaliter</span> <span class='ocrx_word' id='word_1_51' title='bbox 1029 455 1274 486; x_wconf 85' lang='lat' dir='ltr'>removeatur</span> <span class='ocrx_word' id='word_1_52' title='bbox 1289 460 1310 484; x_wconf 87' lang='lat' dir='ltr'>a</span> <span class='ocrx_word' id='word_1_53' title='bbox 1325 449 1368 494; x_wconf 91' lang='lat' dir='ltr'>B,</span> 
     </span>
     <span class='ocr_line' id='line_1_13' title="bbox 301 500 1370 550; baseline 0.002 -13"><span class='ocrx_word' id='word_1_54' title='bbox 301 508 344 537; x_wconf 92' lang='lat' dir='ltr'>ut</span> <span class='ocrx_word' id='word_1_55' title='bbox 362 500 392 537; x_wconf 94' lang='lat' dir='ltr'>si</span> <span class='ocrx_word' id='word_1_56' title='bbox 414 500 603 538; x_wconf 89' lang='lat' dir='ltr'>dicamus:</span> <span class='ocrx_word' id='word_1_57' title='bbox 632 501 773 538; x_wconf 85' lang='lat' dir='ltr'>Nullus</span> <span class='ocrx_word' id='word_1_58' title='bbox 791 502 915 538; x_wconf 72' lang='lat' dir='ltr'>homo·</span> <span class='ocrx_word' id='word_1_59' title='bbox 929 507 984 538; x_wconf 79' lang='lat' dir='ltr'>est</span> <span class='ocrx_word' id='word_1_60' title='bbox 1000 502 1124 539; x_wconf 72' lang='lat' dir='ltr'>vivu&#39;s:</span> <span class='ocrx_word' id='word_1_61' title='bbox 1143 509 1246 550; x_wconf 92' lang='lat' dir='ltr'>patet</span> <span class='ocrx_word' id='word_1_62' title='bbox 1266 502 1370 550; x_wconf 91' lang='lat' dir='ltr'>quod</span> 
     </span>
     <span class='ocr_line' id='line_1_14' title="bbox 302 554 1370 603; baseline 0 -12"><span class='ocrx_word' id='word_1_63' title='bbox 302 554 399 601; x_wconf 87' lang='lat' dir='ltr'>A-C‚</span> <span class='ocrx_word' id='word_1_64' title='bbox 421 566 519 603; x_wconf 91' lang='lat' dir='ltr'>quae</span> <span class='ocrx_word' id='word_1_65' title='bbox 549 562 605 591; x_wconf 88' lang='lat' dir='ltr'>est</span> <span class='ocrx_word' id='word_1_66' title='bbox 632 555 757 591; x_wconf 87' lang='lat' dir='ltr'>maior</span> <span class='ocrx_word' id='word_1_67' title='bbox 783 554 1007 603; x_wconf 87' lang='lat' dir='ltr'>propositio,</span> <span class='ocrx_word' id='word_1_68' title='bbox 1029 554 1134 591; x_wconf 78' lang='lat' dir='ltr'>erit*</span> <span class='ocrx_word' id='word_1_69' title='bbox 1162 567 1272 600; x_wconf 89' lang='lat' dir='ltr'>vera;</span> <span class='ocrx_word' id='word_1_70' title='bbox 1302 555 1370 591; x_wconf 92' lang='lat' dir='ltr'>sed</span> 
     </span>
     <span class='ocr_line' id='line_1_15' title="bbox 302 607 1369 656; baseline 0.001 -13"><span class='ocrx_word' id='word_1_71' title='bbox 302 608 384 643; x_wconf 89' lang='lat' dir='ltr'>B-C</span> <span class='ocrx_word' id='word_1_72' title='bbox 405 619 502 656; x_wconf 91' lang='lat' dir='ltr'>quae</span> <span class='ocrx_word' id='word_1_73' title='bbox 523 615 579 645; x_wconf 90' lang='lat' dir='ltr'>est</span> <span class='ocrx_word' id='word_1_74' title='bbox 593 607 731 655; x_wconf 91' lang='lat' dir='ltr'>minor,</span> <span class='ocrx_word' id='word_1_75' title='bbox 753 607 820 644; x_wconf 88' lang='lat' dir='ltr'>erit</span> <span class='ocrx_word' id='word_1_76' title='bbox 839 608 973 645; x_wconf 88' lang='lat' dir='ltr'>falsa.-</span> <span class='ocrx_word' id='word_1_77' title='bbox 986 609 1034 645; x_wconf 88' lang='lat' dir='ltr'>Et</span> <span class='ocrx_word' id='word_1_78' title='bbox 1055 609 1075 629; x_wconf 75' lang='lat'>&#39;¹‘</span> <span class='ocrx_word' id='word_1_79' title='bbox 1095 607 1264 649; x_wconf 84' lang='lat' dir='ltr'>similiter</span> <span class='ocrx_word' id='word_1_80' title='bbox 1282 621 1369 656; x_wconf 89' lang='lat' dir='ltr'>pro-</span> 
     </span>
     <span class='ocr_line' id='line_1_16' title="bbox 303 660 1369 710; baseline 0.002 -14"><span class='ocrx_word' id='word_1_81' title='bbox 303 660 367 697; x_wconf 90' lang='lat' dir='ltr'>bat</span> <span class='ocrx_word' id='word_1_82' title='bbox 387 660 529 710; x_wconf 92' lang='lat' dir='ltr'>quode</span> <span class='ocrx_word' id='word_1_83' title='bbox 550 673 738 698; x_wconf 89' lang='lat' dir='ltr'>converso</span> <span class='ocrx_word' id='word_1_84' title='bbox 768 661 948 709; x_wconf 91' lang='lat' dir='ltr'>contingit</span> <span class='ocrx_word' id='word_1_85' title='bbox 976 661 1163 698; x_wconf 88' lang='lat' dir='ltr'>maiorem</span> <span class='ocrx_word' id='word_1_86' title='bbox 1193 674 1276 698; x_wconf 91' lang='lat' dir='ltr'>esse</span> <span class='ocrx_word' id='word_1_87' title='bbox 1304 662 1369 698; x_wconf 84' lang='lat' dir='ltr'>fal-</span> 
     </span>
     <span class='ocr_line' id='line_1_17' title="bbox 302 714 1369 764; baseline 0.001 -14"><span class='ocrx_word' id='word_1_88' title='bbox 302 725 396 750; x_wconf 89' lang='lat' dir='ltr'>sam.</span> <span class='ocrx_word' id='word_1_89' title='bbox 426 714 519 751; x_wconf 91' lang='lat' dir='ltr'>Non</span> <span class='ocrx_word' id='word_1_90' title='bbox 548 714 651 751; x_wconf 85' lang='lat' dir='ltr'>enim</span> <span class='ocrx_word' id='word_1_91' title='bbox 679 722 804 763; x_wconf 90' lang='lat' dir='ltr'>potest</span> <span class='ocrx_word' id='word_1_92' title='bbox 833 727 915 752; x_wconf 92' lang='lat' dir='ltr'>esse</span> <span class='ocrx_word' id='word_1_93' title='bbox 944 715 1050 764; x_wconf 90' lang='lat' dir='ltr'>quod</span> <span class='ocrx_word' id='word_1_94' title='bbox 1070 716 1090 736; x_wconf 68' lang='lat'><strong>*</strong></span> <span class='ocrx_word' id='word_1_95' title='bbox 1119 714 1260 763; x_wconf 89' lang='lat' dir='ltr'>aliquid</span> <span class='ocrx_word' id='word_1_96' title='bbox 1287 715 1369 751; x_wconf 90' lang='lat' dir='ltr'>uni-</span> 
     </span>
     <span class='ocr_line' id='line_1_18' title="bbox 301 767 1369 817; baseline 0.001 -13"><span class='ocrx_word' id='word_1_97' title='bbox 301 767 496 804; x_wconf 89' lang='lat' dir='ltr'>versaliter</span> <span class='ocrx_word' id='word_1_98' title='bbox 524 776 770 805; x_wconf 88' lang='lat' dir='ltr'>removeatur</span> <span class='ocrx_word' id='word_1_99' title='bbox 789 781 811 805; x_wconf 90' lang='lat' dir='ltr'>a</span> <span class='ocrx_word' id='word_1_100' title='bbox 830 769 878 816; x_wconf 86' lang='lat' dir='ltr'>B,</span> <span class='ocrx_word' id='word_1_101' title='bbox 909 776 946 805; x_wconf 91' lang='lat' dir='ltr'>et</span> <span class='ocrx_word' id='word_1_102' title='bbox 972 768 1234 806; x_wconf 88' lang='lat' dir='ltr'>universaliter</span> <span class='ocrx_word' id='word_1_103' title='bbox 1261 781 1369 817; x_wconf 88' lang='lat' dir='ltr'>prae-</span> 
     </span>
     <span class='ocr_line' id='line_1_19' title="bbox 301 820 1368 869; baseline 0.001 -12"><span class='ocrx_word' id='word_1_104' title='bbox 301 820 447 858; x_wconf 89' lang='lat' dir='ltr'>dicetur</span> <span class='ocrx_word' id='word_1_105' title='bbox 466 821 513 858; x_wconf 89' lang='lat' dir='ltr'>de</span> <span class='ocrx_word' id='word_1_106' title='bbox 533 823 580 869; x_wconf 84' lang='lat' dir='ltr'>A,</span> <span class='ocrx_word' id='word_1_107' title='bbox 596 822 766 864; x_wconf 84' lang='lat' dir='ltr'>terminis</span> <span class='ocrx_word' id='word_1_108' title='bbox 794 822 847 859; x_wconf 92' lang='lat' dir='ltr'>sic</span> <span class='ocrx_word' id='word_1_109' title='bbox 876 835 916 859; x_wconf 92' lang='lat' dir='ltr'>se</span> <span class='ocrx_word' id='word_1_110' title='bbox 944 821 1183 859; x_wconf 87' lang='lat' dir='ltr'>habentibus.</span> <span class='ocrx_word' id='word_1_111' title='bbox 1214 822 1368 859; x_wconf 89' lang='lat' dir='ltr'>Dictum</span> 
     </span>
     <span class='ocr_line' id='line_1_20' title="bbox 302 874 1367 924; baseline 0.002 -14"><span class='ocrx_word' id='word_1_112' title='bbox 302 880 359 910; x_wconf 90' lang='lat' dir='ltr'>est</span> <span class='ocrx_word' id='word_1_113' title='bbox 387 874 490 911; x_wconf 90' lang='lat' dir='ltr'>enim</span> <span class='ocrx_word' id='word_1_114' title='bbox 519 875 625 924; x_wconf 91' lang='lat' dir='ltr'>quod</span> <span class='ocrx_word' id='word_1_115' title='bbox 653 875 683 912; x_wconf 95' lang='lat' dir='ltr'>si</span> <span class='ocrx_word' id='word_1_116' title='bbox 712 875 854 924; x_wconf 90' lang='lat' dir='ltr'>aliquid</span> <span class='ocrx_word' id='word_1_117' title='bbox 882 883 939 912; x_wconf 92' lang='lat' dir='ltr'>est</span> <span class='ocrx_word' id='word_1_118' title='bbox 965 875 1004 912; x_wconf 92' lang='lat' dir='ltr'>in</span> <span class='ocrx_word' id='word_1_119' title='bbox 1032 878 1066 912; x_wconf 93' lang='lat' dir='ltr'><strong>A</strong></span> <span class='ocrx_word' id='word_1_120' title='bbox 1094 875 1367 922; x_wconf 88' lang='lat' dir='ltr'>universaliter,</span> 
     </span>
     <span class='ocr_line' id='line_1_21' title="bbox 302 927 1369 978; baseline 0.001 -14"><span class='ocrx_word' id='word_1_121' title='bbox 302 927 472 977; x_wconf 89' lang='lat' dir='ltr'>sequitur</span> <span class='ocrx_word' id='word_1_122' title='bbox 499 929 605 977; x_wconf 91' lang='lat' dir='ltr'>quod</span> <span class='ocrx_word' id='word_1_123' title='bbox 633 928 679 965; x_wconf 90' lang='lat' dir='ltr'>sit</span> <span class='ocrx_word' id='word_1_124' title='bbox 699 929 737 965; x_wconf 91' lang='lat' dir='ltr'>in</span> <span class='ocrx_word' id='word_1_125' title='bbox 756 930 798 966; x_wconf 91' lang='lat' dir='ltr'>B.</span> <span class='ocrx_word' id='word_1_126' title='bbox 831 929 870 966; x_wconf 90' lang='lat' dir='ltr'>Si</span> <span class='ocrx_word' id='word_1_127' title='bbox 900 941 988 978; x_wconf 86' lang='lat' dir='ltr'>ergo</span> <span class='ocrx_word' id='word_1_128' title='bbox 1009 929 1149 977; x_wconf 90' lang='lat' dir='ltr'>aliquid</span> <span class='ocrx_word' id='word_1_129' title='bbox 1170 941 1369 966; x_wconf 88' lang='lat' dir='ltr'>removea-</span> 
     </span>
     <span class='ocr_line' id='line_1_22' title="bbox 300 982 1368 1031; baseline 0.001 -14"><span class='ocrx_word' id='word_1_130' title='bbox 300 987 362 1018; x_wconf 93' lang='lat' dir='ltr'>tur</span> <span class='ocrx_word' id='word_1_131' title='bbox 377 993 403 1021; x_wconf 73' lang='lat' dir='ltr'>,a</span> <span class='ocrx_word' id='word_1_132' title='bbox 422 982 453 1018; x_wconf 93' lang='lat' dir='ltr'><strong>B</strong></span> <span class='ocrx_word' id='word_1_133' title='bbox 468 982 741 1028; x_wconf 84' lang='lat' dir='ltr'>universaliter,</span> <span class='ocrx_word' id='word_1_134' title='bbox 758 995 837 1019; x_wconf 92' lang='lat' dir='ltr'>non</span> <span class='ocrx_word' id='word_1_135' title='bbox 855 990 981 1031; x_wconf 90' lang='lat' dir='ltr'>potest</span> <span class='ocrx_word' id='word_1_136' title='bbox 996 994 1078 1019; x_wconf 91' lang='lat' dir='ltr'>esse</span> <span class='ocrx_word' id='word_1_137' title='bbox 1099 982 1203 1031; x_wconf 92' lang='lat' dir='ltr'>quod</span> <span class='ocrx_word' id='word_1_138' title='bbox 1218 982 1368 1018; x_wconf 89' lang='lat' dir='ltr'>univer-</span> 
     </span>
     <span class='ocr_line' id='line_1_23' title="bbox 301 1034 1368 1085; baseline 0.001 -15"><span class='ocrx_word' id='word_1_139' title='bbox 301 1034 427 1071; x_wconf 90' lang='lat' dir='ltr'>saliter</span> <span class='ocrx_word' id='word_1_140' title='bbox 451 1035 692 1083; x_wconf 86' lang='lat' dir='ltr'>praedicetur</span> <span class='ocrx_word' id='word_1_141' title='bbox 712 1036 759 1072; x_wconf 90' lang='lat' dir='ltr'>de</span> <span class='ocrx_word' id='word_1_142' title='bbox 779 1037 825 1073; x_wconf 91' lang='lat' dir='ltr'>A.</span> <span class='ocrx_word' id='word_1_143' title='bbox 848 1036 953 1073; x_wconf 89' lang='lat' dir='ltr'>Sicut</span> <span class='ocrx_word' id='word_1_144' title='bbox 980 1035 1086 1085; x_wconf 91' lang='lat' dir='ltr'>quod</span> <span class='ocrx_word' id='word_1_145' title='bbox 1104 1035 1368 1071; x_wconf 88' lang='lat' dir='ltr'>universaliter</span> 
     </span>
     <span class='ocr_line' id='line_1_24' title="bbox 301 1088 1370 1138; baseline 0.001 -15"><span class='ocrx_word' id='word_1_146' title='bbox 301 1095 525 1125; x_wconf 86' lang='lat' dir='ltr'>removetur</span> <span class='ocrx_word' id='word_1_147' title='bbox 553 1089 600 1125; x_wconf 93' lang='lat' dir='ltr'>ab</span> <span class='ocrx_word' id='word_1_148' title='bbox 629 1089 808 1135; x_wconf 89' lang='lat' dir='ltr'>homine,</span> <span class='ocrx_word' id='word_1_149' title='bbox 838 1102 918 1126; x_wconf 90' lang='lat' dir='ltr'>non</span> <span class='ocrx_word' id='word_1_150' title='bbox 950 1096 1077 1138; x_wconf 92' lang='lat' dir='ltr'>potest</span> <span class='ocrx_word' id='word_1_151' title='bbox 1107 1088 1370 1125; x_wconf 90' lang='lat' dir='ltr'>universaliter</span> 
     </span>
     <span class='ocr_line' id='line_1_25' title="bbox 299 1140 1368 1190; baseline 0.001 -14"><span class='ocrx_word' id='word_1_152' title='bbox 299 1140 511 1188; x_wconf 88' lang='lat' dir='ltr'>praedicari</span> <span class='ocrx_word' id='word_1_153' title='bbox 532 1141 580 1178; x_wconf 90' lang='lat' dir='ltr'>de</span> <span class='ocrx_word' id='word_1_154' title='bbox 595 1142 760 1178; x_wconf 89' lang='lat' dir='ltr'>animali.</span> <span class='ocrx_word' id='word_1_155' title='bbox 783 1142 823 1178; x_wconf 89' lang='lat' dir='ltr'>Si</span> <span class='ocrx_word' id='word_1_156' title='bbox 840 1155 928 1190; x_wconf 89' lang='lat' dir='ltr'>ergo</span> <span class='ocrx_word' id='word_1_157' title='bbox 958 1141 1162 1190; x_wconf 85' lang='lat' dir='ltr'>accipiatur</span> <span class='ocrx_word' id='word_1_158' title='bbox 1175 1142 1196 1162; x_wconf 67' lang='lat'>&#39;¹²</span> <span class='ocrx_word' id='word_1_159' title='bbox 1215 1141 1368 1189; x_wconf 89' lang='lat' dir='ltr'>aliquid,</span> 
     </span>
     <span class='ocr_line' id='line_1_26' title="bbox 299 1190 1367 1244; baseline 0.001 -15"><span class='ocrx_word' id='word_1_160' title='bbox 299 1193 407 1242; x_wconf 90' lang='lat' dir='ltr'>quod</span> <span class='ocrx_word' id='word_1_161' title='bbox 433 1194 698 1244; x_wconf 86' lang='lat' dir='ltr'>universaliter</span> <span class='ocrx_word' id='word_1_162' title='bbox 725 1203 970 1232; x_wconf 88' lang='lat' dir='ltr'>removeatur</span> <span class='ocrx_word' id='word_1_163' title='bbox 988 1195 1036 1231; x_wconf 93' lang='lat' dir='ltr'>ab</span> <span class='ocrx_word' id='word_1_164' title='bbox 1065 1190 1235 1241; x_wconf 82' lang='lat' dir='ltr'>homine,</span> <span class='ocrx_word' id='word_1_165' title='bbox 1264 1202 1367 1243; x_wconf 89' lang='lat' dir='ltr'>puta,</span> 
     </span>
     <span class='ocr_line' id='line_1_27' title="bbox 299 1246 1370 1293; baseline 0.002 -11"><span class='ocrx_word' id='word_1_166' title='bbox 299 1246 531 1293; x_wconf 84' lang='lat' dir='ltr'>irrationale,</span> <span class='ocrx_word' id='word_1_167' title='bbox 562 1255 598 1284; x_wconf 88' lang='lat' dir='ltr'>et</span> <span class='ocrx_word' id='word_1_168' title='bbox 627 1248 772 1285; x_wconf 88' lang='lat' dir='ltr'>dicatur</span> <span class='ocrx_word' id='word_1_169' title='bbox 791 1248 864 1285; x_wconf 91' lang='lat' dir='ltr'>sic:</span> <span class='ocrx_word' id='word_1_170' title='bbox 896 1248 1016 1286; x_wconf 89' lang='lat' dir='ltr'>Omne</span> <span class='ocrx_word' id='word_1_171' title='bbox 1039 1248 1184 1284; x_wconf 88' lang='lat' dir='ltr'>animal</span> <span class='ocrx_word' id='word_1_172' title='bbox 1202 1253 1257 1284; x_wconf 85' lang='lat' dir='ltr'>est</span> <span class='ocrx_word' id='word_1_173' title='bbox 1273 1248 1370 1284; x_wconf 87' lang='lat' dir='ltr'>irra-</span> 
     </span>
     <span class='ocr_line' id='line_1_28' title="bbox 299 1299 1371 1350; baseline 0.003 -15"><span class='ocrx_word' id='word_1_174' title='bbox 299 1299 460 1344; x_wconf 80' lang='lat' dir='ltr'>tionale‚-</span> <span class='ocrx_word' id='word_1_175' title='bbox 491 1301 632 1338; x_wconf 85' lang='lat' dir='ltr'>Nullus</span> <span class='ocrx_word' id='word_1_176' title='bbox 668 1302 781 1338; x_wconf 87' lang='lat' dir='ltr'>homo</span> <span class='ocrx_word' id='word_1_177' title='bbox 819 1307 874 1338; x_wconf 83' lang='lat' dir='ltr'>est</span> <span class='ocrx_word' id='word_1_178' title='bbox 911 1300 1141 1342; x_wconf 83' lang='lat' dir='ltr'>irrationalis</span> <span class='ocrx_word' id='word_1_179' title='bbox 1150 1314 1164 1345; x_wconf 91' lang='lat'>‚·</span> <span class='ocrx_word' id='word_1_180' title='bbox 1201 1301 1371 1350; x_wconf 87' lang='lat' dir='ltr'>sequitur</span> 
     </span>
    </p>

    <p class='ocr_par' dir='ltr' id='par_1_9' title="bbox 325 1353 1365 1403">
     <span class='ocr_line' id='line_1_29' title="bbox 325 1353 1365 1403; baseline 0.001 -13"><span class='ocrx_word' id='word_1_181' title='bbox 325 1353 562 1402; x_wconf 21' lang='lat' dir='ltr'>uodstminor</span> <span class='ocrx_word' id='word_1_182' title='bbox 586 1354 798 1403; x_wconf 89' lang='lat' dir='ltr'>propositio</span> <span class='ocrx_word' id='word_1_183' title='bbox 819 1354 865 1391; x_wconf 90' lang='lat' dir='ltr'>sit</span> <span class='ocrx_word' id='word_1_184' title='bbox 885 1355 905 1375; x_wconf 68' lang='lat'>⁵³</span> <span class='ocrx_word' id='word_1_185' title='bbox 923 1367 1028 1401; x_wconf 88' lang='lat' dir='ltr'>vera,</span> <span class='ocrx_word' id='word_1_186' title='bbox 1051 1362 1087 1391; x_wconf 92' lang='lat' dir='ltr'>et</span> <span class='ocrx_word' id='word_1_187' title='bbox 1110 1354 1235 1391; x_wconf 90' lang='lat' dir='ltr'>maior</span> <span class='ocrx_word' id='word_1_188' title='bbox 1262 1355 1365 1391; x_wconf 88' lang='lat' dir='ltr'>falsa.</span> 
     </span>
    </p>

    <p class='ocr_par' dir='ltr' id='par_1_10' title="bbox 330 1405 1370 1456">
     <span class='ocr_line' id='line_1_30' title="bbox 330 1405 1370 1456; baseline 0.002 -14"><span class='ocrx_word' id='word_1_189' title='bbox 330 1406 378 1443; x_wconf 93' lang='lat' dir='ltr'>ed</span> <span class='ocrx_word' id='word_1_190' title='bbox 405 1405 444 1443; x_wconf 91' lang='lat' dir='ltr'>in</span> <span class='ocrx_word' id='word_1_191' title='bbox 471 1407 530 1444; x_wconf 87' lang='lat' dir='ltr'>his</span> <span class='ocrx_word' id='word_1_192' title='bbox 558 1407 740 1454; x_wconf 88' lang='lat' dir='ltr'>terminis,</span> <span class='ocrx_word' id='word_1_193' title='bbox 761 1408 887 1445; x_wconf 87' lang='lat' dir='ltr'>maior</span> <span class='ocrx_word' id='word_1_194' title='bbox 904 1407 1115 1456; x_wconf 86' lang='lat' dir='ltr'>propositio</span> <span class='ocrx_word' id='word_1_195' title='bbox 1135 1420 1214 1444; x_wconf 92' lang='lat' dir='ltr'>non</span> <span class='ocrx_word' id='word_1_196' title='bbox 1241 1416 1296 1445; x_wconf 90' lang='lat' dir='ltr'>est</span> <span class='ocrx_word' id='word_1_197' title='bbox 1314 1416 1370 1445; x_wconf 89' lang='lat' dir='ltr'>to·</span> 
     </span>
    </p>
   </div>
   <div class='ocr_carea' id='block_1_9' title="bbox 261 1459 1369 1510">
    <p class='ocr_par' dir='ltr' id='par_1_11' title="bbox 261 1459 1369 1510">
     <span class='ocr_line' id='line_1_31' title="bbox 261 1459 1369 1510; baseline 0.002 -14"><span class='ocrx_word' id='word_1_198' title='bbox 261 1468 274 1492; x_wconf 75' lang='lat'>:¹</span> <span class='ocrx_word' id='word_1_199' title='bbox 298 1459 420 1496; x_wconf 85' lang='lat' dir='ltr'>taliter</span> <span class='ocrx_word' id='word_1_200' title='bbox 438 1460 542 1497; x_wconf 86' lang='lat' dir='ltr'>falsa.</span> <span class='ocrx_word' id='word_1_201' title='bbox 564 1462 695 1498; x_wconf 86' lang='lat' dir='ltr'>Potest</span> <span class='ocrx_word' id='word_1_202' title='bbox 710 1469 839 1498; x_wconf 89' lang='lat' dir='ltr'>autem</span> <span class='ocrx_word' id='word_1_203' title='bbox 854 1462 875 1482; x_wconf 75' lang='lat'>&#39;¹‘</span> <span class='ocrx_word' id='word_1_204' title='bbox 894 1461 1014 1510; x_wconf 91' lang='lat' dir='ltr'>accipi</span> <span class='ocrx_word' id='word_1_205' title='bbox 1034 1461 1219 1498; x_wconf 88' lang='lat' dir='ltr'>terminus</span> <span class='ocrx_word' id='word_1_206' title='bbox 1234 1462 1272 1498; x_wconf 93' lang='lat' dir='ltr'>in</span> <span class='ocrx_word' id='word_1_207' title='bbox 1291 1474 1369 1510; x_wconf 90' lang='lat' dir='ltr'>quo</span> 
     </span>
    </p>
   </div>
   <div class='ocr_carea' id='block_1_10' title="bbox 297 1512 1370 1670">
    <p class='ocr_par' dir='ltr' id='par_1_12' title="bbox 297 1512 1370 1670">
     <span class='ocr_line' id='line_1_32' title="bbox 297 1512 1370 1564; baseline 0.003 -15"><span class='ocrx_word' id='word_1_208' title='bbox 297 1512 345 1550; x_wconf 90' lang='lat' dir='ltr'>sit</span> <span class='ocrx_word' id='word_1_209' title='bbox 362 1513 523 1550; x_wconf 83' lang='lat' dir='ltr'>totaliter</span> <span class='ocrx_word' id='word_1_210' title='bbox 546 1514 649 1562; x_wconf 86' lang='lat' dir='ltr'>falsa,</span> <span class='ocrx_word' id='word_1_211' title='bbox 678 1522 772 1564; x_wconf 89' lang='lat' dir='ltr'>puta</span> <span class='ocrx_word' id='word_1_212' title='bbox 800 1514 830 1551; x_wconf 90' lang='lat' dir='ltr'>si</span> <span class='ocrx_word' id='word_1_213' title='bbox 859 1515 1092 1564; x_wconf 88' lang='lat' dir='ltr'>accipiamus</span> <span class='ocrx_word' id='word_1_214' title='bbox 1121 1515 1370 1552; x_wconf 86' lang='lat' dir='ltr'>inanimatum</span> 
     </span>
     <span class='ocr_line' id='line_1_33' title="bbox 297 1567 1369 1618; baseline 0.002 -14"><span class='ocrx_word' id='word_1_215' title='bbox 297 1578 370 1616; x_wconf 90' lang='lat' dir='ltr'>pro</span> <span class='ocrx_word' id='word_1_216' title='bbox 398 1567 533 1605; x_wconf 87' lang='lat' dir='ltr'>medio.</span> <span class='ocrx_word' id='word_1_217' title='bbox 1367 1616 1369 1618; x_wconf 21' lang='grc' dir='ltr'>Ι</span> 
     </span>
     <span class='ocr_line' id='line_1_34' title="bbox 352 1620 1369 1670; baseline 0.002 -13"><span class='ocrx_word' id='word_1_218' title='bbox 352 1632 389 1669; x_wconf 93' lang='lat'>7.</span> <span class='ocrx_word' id='word_1_219' title='bbox 419 1620 570 1659; x_wconf 90' lang='lat' dir='ltr'>Deinde</span> <span class='ocrx_word' id='word_1_220' title='bbox 599 1634 688 1659; x_wconf 91' lang='lat' dir='ltr'>cum</span> <span class='ocrx_word' id='word_1_221' title='bbox 723 1622 829 1660; x_wconf 91' lang='lat' dir='ltr'>dicit:</span> <span class='ocrx_word' id='word_1_222' title='bbox 859 1622 1037 1659; x_wconf 87' lang='lat' dir='ltr'>Similiter</span> <span class='ocrx_word' id='word_1_223' title='bbox 1064 1628 1189 1659; x_wconf 88' lang='lat' dir='ltr'>autem</span> <span class='ocrx_word' id='word_1_224' title='bbox 1207 1623 1261 1670; x_wconf 88' lang='lat' dir='ltr'>fit</span> <span class='ocrx_word' id='word_1_225' title='bbox 1287 1630 1369 1669; x_wconf 65' lang='lat' dir='ltr'>etc„</span> 
     </span>
    </p>
   </div>
   <div class='ocr_carea' id='block_1_11' title="bbox 2415 265 2489 301">
    <p class='ocr_par' dir='ltr' id='par_1_13' title="bbox 2415 265 2489 301">
     <span class='ocr_line' id='line_1_35' title="bbox 2415 265 2489 301; baseline 0.014 -1"><span class='ocrx_word' id='word_1_226' title='bbox 2415 265 2489 301; x_wconf 89' lang='lat'>253</span> 
     </span>
    </p>
   </div>
   <div class='ocr_carea' id='block_1_12' title="bbox 1423 342 2491 1657">
    <p class='ocr_par' dir='ltr' id='par_1_14' title="bbox 1423 342 2491 1455">
     <span class='ocr_line' id='line_1_36' title="bbox 1426 342 2489 391; baseline 0 -12"><span class='ocrx_word' id='word_1_227' title='bbox 1426 343 1589 380; x_wconf 90' lang='lat' dir='ltr'>ostendit</span> <span class='ocrx_word' id='word_1_228' title='bbox 1616 343 1719 380; x_wconf 92' lang='lat' dir='ltr'>idem</span> <span class='ocrx_word' id='word_1_229' title='bbox 1747 342 1786 379; x_wconf 91' lang='lat' dir='ltr'>in</span> <span class='ocrx_word' id='word_1_230' title='bbox 1813 342 1939 391; x_wconf 91' lang='lat' dir='ltr'>primo</span> <span class='ocrx_word' id='word_1_231' title='bbox 1969 342 2087 379; x_wconf 92' lang='lat' dir='ltr'>modo</span> <span class='ocrx_word' id='word_1_232' title='bbox 2114 343 2305 380; x_wconf 86' lang='lat' dir='ltr'>secundae</span> <span class='ocrx_word' id='word_1_233' title='bbox 2334 343 2489 390; x_wconf 87' lang='lat' dir='ltr'>figurae,</span> 
     </span>
     <span class='ocr_line' id='line_1_37' title="bbox 1425 395 2490 445; baseline 0 -13"><span class='ocrx_word' id='word_1_234' title='bbox 1425 396 1462 432; x_wconf 92' lang='lat' dir='ltr'>in</span> <span class='ocrx_word' id='word_1_235' title='bbox 1491 397 1568 445; x_wconf 84' lang='lat' dir='ltr'>quo</span> <span class='ocrx_word' id='word_1_236' title='bbox 1597 397 1722 432; x_wconf 89' lang='lat' dir='ltr'>maior</span> <span class='ocrx_word' id='word_1_237' title='bbox 1750 403 1806 432; x_wconf 91' lang='lat' dir='ltr'>est</span> <span class='ocrx_word' id='word_1_238' title='bbox 1824 395 2009 444; x_wconf 86' lang='lat' dir='ltr'>negativa.</span> <span class='ocrx_word' id='word_1_239' title='bbox 2032 396 2278 432; x_wconf 87' lang='lat' dir='ltr'>Manifestum</span> <span class='ocrx_word' id='word_1_240' title='bbox 2308 403 2363 432; x_wconf 85' lang='lat' dir='ltr'>est</span> <span class='ocrx_word' id='word_1_241' title='bbox 2389 396 2490 432; x_wconf 91' lang='lat' dir='ltr'>enim</span> 
     </span>
     <span class='ocr_line' id='line_1_38' title="bbox 1425 448 2490 498; baseline -0.001 -12"><span class='ocrx_word' id='word_1_242' title='bbox 1425 450 1542 497; x_wconf 89' lang='lat' dir='ltr'>quod,</span> <span class='ocrx_word' id='word_1_243' title='bbox 1562 449 1764 498; x_wconf 90' lang='lat' dir='ltr'>praedictis</span> <span class='ocrx_word' id='word_1_244' title='bbox 1787 449 1968 496; x_wconf 89' lang='lat' dir='ltr'>terminis,</span> <span class='ocrx_word' id='word_1_245' title='bbox 1990 448 2129 485; x_wconf 88' lang='lat' dir='ltr'>scilicet</span> <span class='ocrx_word' id='word_1_246' title='bbox 2144 450 2164 470; x_wconf 74' lang='lat'>&#39;²‘</span> <span class='ocrx_word' id='word_1_247' title='bbox 2184 451 2218 485; x_wconf 92' lang='lat' dir='ltr'>A</span> <span class='ocrx_word' id='word_1_248' title='bbox 2248 456 2285 485; x_wconf 90' lang='lat' dir='ltr'>et</span> <span class='ocrx_word' id='word_1_249' title='bbox 2312 450 2355 494; x_wconf 89' lang='lat' dir='ltr'>B,</span> <span class='ocrx_word' id='word_1_250' title='bbox 2377 448 2430 484; x_wconf 93' lang='lat' dir='ltr'>sic</span> <span class='ocrx_word' id='word_1_251' title='bbox 2450 461 2490 485; x_wconf 91' lang='lat' dir='ltr'>se</span> 
     </span>
     <span class='ocr_line' id='line_1_39' title="bbox 1424 502 2491 551; baseline -0.002 -12"><span class='ocrx_word' id='word_1_252' title='bbox 1424 502 1652 539; x_wconf 90' lang='lat' dir='ltr'>habentibus</span> <span class='ocrx_word' id='word_1_253' title='bbox 1680 510 1721 539; x_wconf 89' lang='lat' dir='ltr'>ut</span> <span class='ocrx_word' id='word_1_254' title='bbox 1751 502 1893 539; x_wconf 91' lang='lat' dir='ltr'>dictum</span> <span class='ocrx_word' id='word_1_255' title='bbox 1924 510 1989 549; x_wconf 89' lang='lat' dir='ltr'>est,</span> <span class='ocrx_word' id='word_1_256' title='bbox 2012 503 2117 551; x_wconf 92' lang='lat' dir='ltr'>quod</span> <span class='ocrx_word' id='word_1_257' title='bbox 2149 502 2410 539; x_wconf 88' lang='lat' dir='ltr'>universaliter</span> <span class='ocrx_word' id='word_1_258' title='bbox 2436 514 2491 537; x_wconf 90' lang='lat' dir='ltr'>re-</span> 
     </span>
     <span class='ocr_line' id='line_1_40' title="bbox 1426 554 2490 604; baseline -0.002 -12"><span class='ocrx_word' id='word_1_259' title='bbox 1426 563 1603 592; x_wconf 88' lang='lat' dir='ltr'>movetur</span> <span class='ocrx_word' id='word_1_260' title='bbox 1632 556 1679 592; x_wconf 94' lang='lat' dir='ltr'>ab</span> <span class='ocrx_word' id='word_1_261' title='bbox 1708 558 1764 603; x_wconf 91' lang='lat' dir='ltr'>A,</span> <span class='ocrx_word' id='word_1_262' title='bbox 1798 568 1876 592; x_wconf 90' lang='lat' dir='ltr'>non</span> <span class='ocrx_word' id='word_1_263' title='bbox 1903 555 2042 604; x_wconf 90' lang='lat' dir='ltr'>poterit</span> <span class='ocrx_word' id='word_1_264' title='bbox 2070 568 2153 591; x_wconf 90' lang='lat' dir='ltr'>esse</span> <span class='ocrx_word' id='word_1_265' title='bbox 2182 555 2220 592; x_wconf 90' lang='lat' dir='ltr'>in</span> <span class='ocrx_word' id='word_1_266' title='bbox 2247 555 2350 591; x_wconf 92' lang='lat' dir='ltr'>nullo</span> <span class='ocrx_word' id='word_1_267' title='bbox 2376 555 2419 591; x_wconf 90' lang='lat' dir='ltr'>B.</span> <span class='ocrx_word' id='word_1_268' title='bbox 2451 554 2490 590; x_wconf 91' lang='lat' dir='ltr'>Si</span> 
     </span>
     <span class='ocr_line' id='line_1_41' title="bbox 1426 607 2490 657; baseline -0.002 -12"><span class='ocrx_word' id='word_1_269' title='bbox 1426 621 1515 656; x_wconf 91' lang='lat' dir='ltr'>ergo</span> <span class='ocrx_word' id='word_1_270' title='bbox 1545 609 1749 657; x_wconf 89' lang='lat' dir='ltr'>accipiatur</span> <span class='ocrx_word' id='word_1_271' title='bbox 1769 609 1799 645; x_wconf 94' lang='lat' dir='ltr'>C</span> <span class='ocrx_word' id='word_1_272' title='bbox 1820 609 1995 654; x_wconf 82' lang='lat' dir='ltr'>medium,</span> <span class='ocrx_word' id='word_1_273' title='bbox 2017 609 2122 657; x_wconf 89' lang='lat' dir='ltr'>quod</span> <span class='ocrx_word' id='word_1_274' title='bbox 2149 607 2411 645; x_wconf 85' lang='lat' dir='ltr'>universaliter</span> <span class='ocrx_word' id='word_1_275' title='bbox 2435 620 2490 643; x_wconf 92' lang='lat' dir='ltr'>re-</span> 
     </span>
     <span class='ocr_line' id='line_1_42' title="bbox 1425 661 2488 710; baseline -0.002 -12"><span class='ocrx_word' id='word_1_276' title='bbox 1425 670 1604 698; x_wconf 87' lang='lat' dir='ltr'>movetur</span> <span class='ocrx_word' id='word_1_277' title='bbox 1631 663 1679 698; x_wconf 90' lang='lat' dir='ltr'>ab</span> <span class='ocrx_word' id='word_1_278' title='bbox 1699 664 1744 709; x_wconf 93' lang='lat' dir='ltr'>A,</span> <span class='ocrx_word' id='word_1_279' title='bbox 1767 670 1803 698; x_wconf 94' lang='lat' dir='ltr'>et</span> <span class='ocrx_word' id='word_1_280' title='bbox 1821 662 2083 698; x_wconf 88' lang='lat' dir='ltr'>universaliter</span> <span class='ocrx_word' id='word_1_281' title='bbox 2101 661 2341 710; x_wconf 82' lang='lat' dir='ltr'>praedicetur</span> <span class='ocrx_word' id='word_1_282' title='bbox 2369 661 2416 697; x_wconf 91' lang='lat' dir='ltr'>de</span> <span class='ocrx_word' id='word_1_283' title='bbox 2437 661 2488 706; x_wconf 90' lang='lat' dir='ltr'>B;</span> 
     </span>
     <span class='ocr_line' id='line_1_43' title="bbox 1425 715 2491 764; baseline -0.002 -13"><span class='ocrx_word' id='word_1_284' title='bbox 1425 715 1494 752; x_wconf 91' lang='lat' dir='ltr'>erit</span> <span class='ocrx_word' id='word_1_285' title='bbox 1521 715 1646 751; x_wconf 89' lang='lat' dir='ltr'>maior</span> <span class='ocrx_word' id='word_1_286' title='bbox 1672 715 1882 764; x_wconf 90' lang='lat' dir='ltr'>propositio</span> <span class='ocrx_word' id='word_1_287' title='bbox 1911 728 2003 752; x_wconf 86' lang='lat' dir='ltr'>vera</span> <span class='ocrx_word' id='word_1_288' title='bbox 2020 716 2040 736; x_wconf 68' lang='lat'>‘¹‘</span> <span class='ocrx_word' id='word_1_289' title='bbox 2061 722 2097 751; x_wconf 92' lang='lat' dir='ltr'>et</span> <span class='ocrx_word' id='word_1_290' title='bbox 2116 715 2241 751; x_wconf 85' lang='lat' dir='ltr'>minor</span> <span class='ocrx_word' id='word_1_291' title='bbox 2262 715 2363 751; x_wconf 89' lang='lat' dir='ltr'>falsa.</span> <span class='ocrx_word' id='word_1_292' title='bbox 2394 715 2491 750; x_wconf 86' lang='lat' dir='ltr'>Puta</span> 
     </span>
     <span class='ocr_line' id='line_1_44' title="bbox 1425 767 2491 815; baseline -0.001 -11"><span class='ocrx_word' id='word_1_293' title='bbox 1425 768 1455 805; x_wconf 94' lang='lat' dir='ltr'>si</span> <span class='ocrx_word' id='word_1_294' title='bbox 1471 768 1543 804; x_wconf 91' lang='lat' dir='ltr'>sint</span> <span class='ocrx_word' id='word_1_295' title='bbox 1561 768 1619 804; x_wconf 90' lang='lat' dir='ltr'>isti</span> <span class='ocrx_word' id='word_1_296' title='bbox 1638 768 1800 815; x_wconf 89' lang='lat' dir='ltr'>termini,</span> <span class='ocrx_word' id='word_1_297' title='bbox 1821 769 2082 814; x_wconf 86' lang='lat' dir='ltr'>inanimatum,</span> <span class='ocrx_word' id='word_1_298' title='bbox 2098 768 2252 813; x_wconf 87' lang='lat' dir='ltr'>animal,</span> <span class='ocrx_word' id='word_1_299' title='bbox 2273 769 2429 804; x_wconf 86' lang='lat' dir='ltr'>homo.-</span> <span class='ocrx_word' id='word_1_300' title='bbox 2442 767 2491 803; x_wconf 89' lang='lat' dir='ltr'>Et</span> 
     </span>
     <span class='ocr_line' id='line_1_45' title="bbox 1425 821 2491 870; baseline -0.002 -13"><span class='ocrx_word' id='word_1_301' title='bbox 1425 821 1593 858; x_wconf 88' lang='lat' dir='ltr'>similiter</span> <span class='ocrx_word' id='word_1_302' title='bbox 1621 821 1785 859; x_wconf 91' lang='lat' dir='ltr'>ostendit</span> <span class='ocrx_word' id='word_1_303' title='bbox 1812 822 1918 870; x_wconf 90' lang='lat' dir='ltr'>quod</span> <span class='ocrx_word' id='word_1_304' title='bbox 1937 829 2060 869; x_wconf 91' lang='lat' dir='ltr'>potest</span> <span class='ocrx_word' id='word_1_305' title='bbox 2080 834 2160 858; x_wconf 93' lang='lat' dir='ltr'>esse</span> <span class='ocrx_word' id='word_1_306' title='bbox 2181 821 2307 858; x_wconf 89' lang='lat' dir='ltr'>minor</span> <span class='ocrx_word' id='word_1_307' title='bbox 2333 833 2437 866; x_wconf 87' lang='lat' dir='ltr'>vera,</span> <span class='ocrx_word' id='word_1_308' title='bbox 2454 827 2491 856; x_wconf 91' lang='lat' dir='ltr'>et</span> 
     </span>
     <span class='ocr_line' id='line_1_46' title="bbox 1424 874 2489 922; baseline -0.002 -11"><span class='ocrx_word' id='word_1_309' title='bbox 1424 875 1549 911; x_wconf 88' lang='lat' dir='ltr'>maior</span> <span class='ocrx_word' id='word_1_310' title='bbox 1562 874 1664 911; x_wconf 88' lang='lat' dir='ltr'>falsa.</span> <span class='ocrx_word' id='word_1_311' title='bbox 1682 875 1928 911; x_wconf 87' lang='lat' dir='ltr'>Manifestum</span> <span class='ocrx_word' id='word_1_312' title='bbox 1948 882 2004 910; x_wconf 91' lang='lat' dir='ltr'>est</span> <span class='ocrx_word' id='word_1_313' title='bbox 2023 874 2136 921; x_wconf 86' lang='lat' dir='ltr'>enim,</span> <span class='ocrx_word' id='word_1_314' title='bbox 2154 875 2366 911; x_wconf 89' lang='lat' dir='ltr'>secundum</span> <span class='ocrx_word' id='word_1_315' title='bbox 2382 885 2489 922; x_wconf 89' lang='lat' dir='ltr'>prae—</span> 
     </span>
     <span class='ocr_line' id='line_1_47' title="bbox 1425 927 2488 976; baseline -0.002 -12"><span class='ocrx_word' id='word_1_316' title='bbox 1425 927 1533 974; x_wconf 90' lang='lat' dir='ltr'>dicta,</span> <span class='ocrx_word' id='word_1_317' title='bbox 1551 929 1656 976; x_wconf 92' lang='lat' dir='ltr'>quod</span> <span class='ocrx_word' id='word_1_318' title='bbox 1675 928 1713 965; x_wconf 89' lang='lat' dir='ltr'>id</span> <span class='ocrx_word' id='word_1_319' title='bbox 1733 929 1837 976; x_wconf 93' lang='lat' dir='ltr'>quod</span> <span class='ocrx_word' id='word_1_320' title='bbox 1855 927 2116 964; x_wconf 86' lang='lat' dir='ltr'>universaliter</span> <span class='ocrx_word' id='word_1_321' title='bbox 2130 927 2368 976; x_wconf 88' lang='lat' dir='ltr'>praedicatur</span> <span class='ocrx_word' id='word_1_322' title='bbox 2383 927 2430 963; x_wconf 91' lang='lat' dir='ltr'>de</span> <span class='ocrx_word' id='word_1_323' title='bbox 2445 927 2488 972; x_wconf 93' lang='lat' dir='ltr'>B,</span> 
     </span>
     <span class='ocr_line' id='line_1_48' title="bbox 1424 980 2487 1029; baseline -0.002 -12"><span class='ocrx_word' id='word_1_324' title='bbox 1424 993 1503 1017; x_wconf 91' lang='lat' dir='ltr'>non</span> <span class='ocrx_word' id='word_1_325' title='bbox 1530 988 1655 1029; x_wconf 90' lang='lat' dir='ltr'>potest</span> <span class='ocrx_word' id='word_1_326' title='bbox 1683 980 1874 1017; x_wconf 88' lang='lat' dir='ltr'>removeri</span> <span class='ocrx_word' id='word_1_327' title='bbox 1897 981 1917 1001; x_wconf 73' lang='lat'>&#39;¹‘</span> <span class='ocrx_word' id='word_1_328' title='bbox 1943 981 2204 1017; x_wconf 86' lang='lat' dir='ltr'>universaliter</span> <span class='ocrx_word' id='word_1_329' title='bbox 2232 981 2279 1017; x_wconf 90' lang='lat' dir='ltr'>ab</span> <span class='ocrx_word' id='word_1_330' title='bbox 2310 980 2415 1017; x_wconf 90' lang='lat' dir='ltr'>omni</span> <span class='ocrx_word' id='word_1_331' title='bbox 2431 981 2487 1015; x_wconf 89' lang='lat' dir='ltr'>A:</span> 
     </span>
     <span class='ocr_line' id='line_1_49' title="bbox 1424 1032 2489 1082; baseline -0.002 -12"><span class='ocrx_word' id='word_1_332' title='bbox 1424 1034 1513 1082; x_wconf 90' lang='lat' dir='ltr'>quia</span> <span class='ocrx_word' id='word_1_333' title='bbox 1542 1034 1647 1082; x_wconf 91' lang='lat' dir='ltr'>quod</span> <span class='ocrx_word' id='word_1_334' title='bbox 1674 1033 1935 1070; x_wconf 88' lang='lat' dir='ltr'>universaliter</span> <span class='ocrx_word' id='word_1_335' title='bbox 1962 1034 2200 1081; x_wconf 89' lang='lat' dir='ltr'>praedicatur</span> <span class='ocrx_word' id='word_1_336' title='bbox 2219 1034 2267 1070; x_wconf 92' lang='lat' dir='ltr'>de</span> <span class='ocrx_word' id='word_1_337' title='bbox 2287 1034 2330 1079; x_wconf 90' lang='lat' dir='ltr'>B,</span> <span class='ocrx_word' id='word_1_338' title='bbox 2352 1032 2401 1069; x_wconf 91' lang='lat' dir='ltr'>ad</span> <span class='ocrx_word' id='word_1_339' title='bbox 2419 1032 2489 1068; x_wconf 90' lang='lat' dir='ltr'>mi-</span> 
     </span>
     <span class='ocr_line' id='line_1_50' title="bbox 1424 1085 2489 1135; baseline -0.001 -13"><span class='ocrx_word' id='word_1_340' title='bbox 1424 1099 1496 1123; x_wconf 89' lang='lat' dir='ltr'>nus</span> <span class='ocrx_word' id='word_1_341' title='bbox 1526 1094 1676 1135; x_wconf 90' lang='lat' dir='ltr'>oportet</span> <span class='ocrx_word' id='word_1_342' title='bbox 1703 1087 1741 1123; x_wconf 90' lang='lat' dir='ltr'>in</span> <span class='ocrx_word' id='word_1_343' title='bbox 1770 1087 1932 1135; x_wconf 84' lang='lat' dir='ltr'>quodam</span> <span class='ocrx_word' id='word_1_344' title='bbox 1957 1088 1992 1122; x_wconf 93' lang='lat' dir='ltr'>A</span> <span class='ocrx_word' id='word_1_345' title='bbox 2018 1099 2111 1123; x_wconf 87' lang='lat' dir='ltr'>esse.</span> <span class='ocrx_word' id='word_1_346' title='bbox 2144 1086 2183 1123; x_wconf 88' lang='lat' dir='ltr'>Si</span> <span class='ocrx_word' id='word_1_347' title='bbox 2212 1098 2300 1134; x_wconf 89' lang='lat' dir='ltr'>ergo</span> <span class='ocrx_word' id='word_1_348' title='bbox 2331 1085 2489 1134; x_wconf 89' lang='lat' dir='ltr'>accipia-</span> 
     </span>
     <span class='ocr_line' id='line_1_51' title="bbox 1424 1139 2489 1188; baseline 0 -13"><span class='ocrx_word' id='word_1_349' title='bbox 1424 1147 1485 1176; x_wconf 86' lang='lat' dir='ltr'>tur</span> <span class='ocrx_word' id='word_1_350' title='bbox 1514 1140 1544 1175; x_wconf 94' lang='lat' dir='ltr'>C</span> <span class='ocrx_word' id='word_1_351' title='bbox 1573 1140 1755 1185; x_wconf 86' lang='lat' dir='ltr'>medium,</span> <span class='ocrx_word' id='word_1_352' title='bbox 1786 1140 1891 1188; x_wconf 91' lang='lat' dir='ltr'>quod</span> <span class='ocrx_word' id='word_1_353' title='bbox 1918 1139 2179 1176; x_wconf 88' lang='lat' dir='ltr'>universaliter</span> <span class='ocrx_word' id='word_1_354' title='bbox 2212 1139 2449 1187; x_wconf 89' lang='lat' dir='ltr'>praedicetur</span> <span class='ocrx_word' id='word_1_355' title='bbox 2470 1140 2489 1159; x_wconf 60' lang='lat'>³²</span> 
     </span>
     <span class='ocr_line' id='line_1_52' title="bbox 1425 1192 2491 1240; baseline -0.001 -12"><span class='ocrx_word' id='word_1_356' title='bbox 1425 1192 1474 1228; x_wconf 91' lang='lat' dir='ltr'>de</span> <span class='ocrx_word' id='word_1_357' title='bbox 1494 1193 1537 1238; x_wconf 91' lang='lat' dir='ltr'>B,</span> <span class='ocrx_word' id='word_1_358' title='bbox 1557 1199 1661 1240; x_wconf 91' lang='lat' dir='ltr'>puta,</span> <span class='ocrx_word' id='word_1_359' title='bbox 1683 1193 1878 1238; x_wconf 85' lang='lat' dir='ltr'>rationale,</span> <span class='ocrx_word' id='word_1_360' title='bbox 1907 1193 1969 1229; x_wconf 83' lang='lat' dir='ltr'>vel</span> <span class='ocrx_word' id='word_1_361' title='bbox 1997 1193 2136 1238; x_wconf 78' lang='lat' dir='ltr'>vivum,</span> <span class='ocrx_word' id='word_1_362' title='bbox 2169 1200 2204 1228; x_wconf 89' lang='lat' dir='ltr'>et</span> <span class='ocrx_word' id='word_1_363' title='bbox 2230 1192 2491 1229; x_wconf 87' lang='lat' dir='ltr'>universaliter</span> 
     </span>
     <span class='ocr_line' id='line_1_53' title="bbox 1425 1245 2488 1294; baseline -0.002 -12"><span class='ocrx_word' id='word_1_364' title='bbox 1425 1253 1582 1293; x_wconf 88' lang='lat' dir='ltr'>negetur</span> <span class='ocrx_word' id='word_1_365' title='bbox 1607 1245 1654 1282; x_wconf 92' lang='lat' dir='ltr'>de</span> <span class='ocrx_word' id='word_1_366' title='bbox 1674 1248 1726 1292; x_wconf 91' lang='lat' dir='ltr'>A;</span> <span class='ocrx_word' id='word_1_367' title='bbox 1747 1246 1872 1282; x_wconf 86' lang='lat' dir='ltr'>minor</span> <span class='ocrx_word' id='word_1_368' title='bbox 1890 1246 2100 1294; x_wconf 88' lang='lat' dir='ltr'>propositio</span> <span class='ocrx_word' id='word_1_369' title='bbox 2121 1246 2189 1282; x_wconf 91' lang='lat' dir='ltr'>erit</span> <span class='ocrx_word' id='word_1_370' title='bbox 2206 1257 2309 1291; x_wconf 89' lang='lat' dir='ltr'>vera,</span> <span class='ocrx_word' id='word_1_371' title='bbox 2331 1245 2488 1281; x_wconf 86' lang='lat' dir='ltr'>scilicet:</span> 
     </span>
     <span class='ocr_line' id='line_1_54' title="bbox 1429 1298 2490 1344; baseline -0.002 -8"><span class='ocrx_word' id='word_1_372' title='bbox 1429 1300 1558 1336; x_wconf 84' lang='lat' dir='ltr'>Omnis</span> <span class='ocrx_word' id='word_1_373' title='bbox 1578 1300 1690 1336; x_wconf 88' lang='lat' dir='ltr'>homo</span> <span class='ocrx_word' id='word_1_374' title='bbox 1719 1305 1774 1335; x_wconf 82' lang='lat' dir='ltr'>est</span> <span class='ocrx_word' id='word_1_375' title='bbox 1795 1299 1993 1344; x_wconf 84' lang='lat' dir='ltr'>rationale,</span> <span class='ocrx_word' id='word_1_376' title='bbox 2023 1299 2085 1335; x_wconf 85' lang='lat' dir='ltr'>vel</span> <span class='ocrx_word' id='word_1_377' title='bbox 2105 1299 2244 1335; x_wconf 76' lang='lat' dir='ltr'>vivum.</span> <span class='ocrx_word' id='word_1_378' title='bbox 2269 1298 2402 1335; x_wconf 91' lang='lat' dir='ltr'>Maior</span> <span class='ocrx_word' id='word_1_379' title='bbox 2426 1310 2490 1334; x_wconf 88' lang='lat' dir='ltr'>au-</span> 
     </span>
     <span class='ocr_line' id='line_1_55' title="bbox 1424 1350 2491 1397; baseline -0.002 -8"><span class='ocrx_word' id='word_1_380' title='bbox 1424 1360 1523 1389; x_wconf 88' lang='lat' dir='ltr'>tem:</span> <span class='ocrx_word' id='word_1_381' title='bbox 1548 1353 1709 1389; x_wconf 86' lang='lat' dir='ltr'>Nullum</span> <span class='ocrx_word' id='word_1_382' title='bbox 1731 1353 1751 1374; x_wconf 52' lang='lat'>&#39;⁸</span> <span class='ocrx_word' id='word_1_383' title='bbox 1775 1352 1919 1389; x_wconf 88' lang='lat' dir='ltr'>animal</span> <span class='ocrx_word' id='word_1_384' title='bbox 1946 1358 2000 1388; x_wconf 86' lang='lat' dir='ltr'>est</span> <span class='ocrx_word' id='word_1_385' title='bbox 2025 1351 2228 1397; x_wconf 86' lang='lat' dir='ltr'>rationale,</span> <span class='ocrx_word' id='word_1_386' title='bbox 2259 1359 2314 1387; x_wconf 91' lang='lat' dir='ltr'>est</span> <span class='ocrx_word' id='word_1_387' title='bbox 2342 1351 2433 1387; x_wconf 89' lang='lat' dir='ltr'>falsa</span> <span class='ocrx_word' id='word_1_388' title='bbox 2452 1350 2491 1387; x_wconf 93' lang='lat' dir='ltr'>in</span> 
     </span>
     <span class='ocr_line' id='line_1_56' title="bbox 1423 1404 2489 1455; baseline -0.004 -12"><span class='ocrx_word' id='word_1_389' title='bbox 1423 1414 1546 1455; x_wconf 83' lang='lat' dir='ltr'>parte3</span> <span class='ocrx_word' id='word_1_390' title='bbox 1567 1406 1728 1443; x_wconf 87' lang='lat' dir='ltr'>Nullum</span> <span class='ocrx_word' id='word_1_391' title='bbox 1757 1405 1901 1442; x_wconf 89' lang='lat' dir='ltr'>animal</span> <span class='ocrx_word' id='word_1_392' title='bbox 1919 1411 1973 1442; x_wconf 81' lang='lat' dir='ltr'>est</span> <span class='ocrx_word' id='word_1_393' title='bbox 1993 1405 2133 1451; x_wconf 81' lang='lat' dir='ltr'>vivum,</span> <span class='ocrx_word' id='word_1_394' title='bbox 2156 1412 2211 1441; x_wconf 90' lang='lat' dir='ltr'>est</span> <span class='ocrx_word' id='word_1_395' title='bbox 2230 1405 2322 1441; x_wconf 82' lang='lat' dir='ltr'>falsa</span> <span class='ocrx_word' id='word_1_396' title='bbox 2341 1404 2379 1440; x_wconf 90' lang='lat' dir='ltr'>in</span> <span class='ocrx_word' id='word_1_397' title='bbox 2398 1411 2489 1440; x_wconf 91' lang='lat' dir='ltr'>toto.</span> 
     </span>
    </p>

    <p class='ocr_par' dir='ltr' id='par_1_15' title="bbox 1424 1457 2491 1657">
     <span class='ocr_line' id='line_1_57' title="bbox 1478 1457 2491 1508; baseline 0 -12"><span class='ocrx_word' id='word_1_398' title='bbox 1478 1459 1627 1497; x_wconf 89' lang='lat' dir='ltr'>Deinde</span> <span class='ocrx_word' id='word_1_399' title='bbox 1657 1459 1885 1508; x_wconf 87' lang='lat' dir='ltr'>epilogando</span> <span class='ocrx_word' id='word_1_400' title='bbox 1906 1459 2095 1496; x_wconf 90' lang='lat' dir='ltr'>concludit</span> <span class='ocrx_word' id='word_1_401' title='bbox 2123 1458 2228 1507; x_wconf 89' lang='lat' dir='ltr'>quod</span> <span class='ocrx_word' id='word_1_402' title='bbox 2253 1457 2491 1506; x_wconf 86' lang='lat' dir='ltr'>syllogismus</span> 
     </span>
     <span class='ocr_line' id='line_1_58' title="bbox 1425 1510 2491 1562; baseline -0.004 -12"><span class='ocrx_word' id='word_1_403' title='bbox 1425 1513 1647 1562; x_wconf 82' lang='lat' dir='ltr'>deceptivus</span> <span class='ocrx_word' id='word_1_404' title='bbox 1676 1520 1800 1561; x_wconf 91' lang='lat' dir='ltr'>potest</span> <span class='ocrx_word' id='word_1_405' title='bbox 1827 1512 1910 1549; x_wconf 91' lang='lat' dir='ltr'>fieri</span> <span class='ocrx_word' id='word_1_406' title='bbox 1938 1512 1977 1548; x_wconf 92' lang='lat' dir='ltr'>in</span> <span class='ocrx_word' id='word_1_407' title='bbox 2005 1512 2234 1550; x_wconf 89' lang='lat' dir='ltr'>immediatis</span> <span class='ocrx_word' id='word_1_408' title='bbox 2257 1516 2293 1557; x_wconf 70' lang='lat'>⁷³,</span> <span class='ocrx_word' id='word_1_409' title='bbox 2323 1510 2491 1558; x_wconf 88' lang='lat' dir='ltr'>utrisque</span> 
     </span>
     <span class='ocr_line' id='line_1_59' title="bbox 1424 1565 2491 1616; baseline -0.005 -12"><span class='ocrx_word' id='word_1_410' title='bbox 1424 1566 1749 1616; x_wconf 89' lang='lat' dir='ltr'>propositionibus</span> <span class='ocrx_word' id='word_1_411' title='bbox 1779 1565 2022 1602; x_wconf 86' lang='lat' dir='ltr'>existentibus</span> <span class='ocrx_word' id='word_1_412' title='bbox 2050 1565 2161 1611; x_wconf 88' lang='lat' dir='ltr'>falsis,</span> <span class='ocrx_word' id='word_1_413' title='bbox 2182 1565 2243 1601; x_wconf 86' lang='lat' dir='ltr'>vel</span> <span class='ocrx_word' id='word_1_414' title='bbox 2272 1565 2387 1600; x_wconf 88' lang='lat' dir='ltr'>altera</span> <span class='ocrx_word' id='word_1_415' title='bbox 2412 1570 2491 1599; x_wconf 91' lang='lat' dir='ltr'>tan-</span> 
     </span>
     <span class='ocr_line' id='line_1_60' title="bbox 1425 1628 1519 1657; baseline 0 0"><span class='ocrx_word' id='word_1_416' title='bbox 1425 1628 1519 1657; x_wconf 83' lang='lat' dir='ltr'>tum.</span> 
     </span>
    </p>
   </div>
   <div class='ocr_carea' id='block_1_13' title="bbox 351 1785 2491 1824">
    <p class='ocr_par' dir='ltr' id='par_1_16' title="bbox 351 1785 2491 1824">
     <span class='ocr_line' id='line_1_61' title="bbox 351 1785 2491 1824; baseline -0.003 -9"><span class='ocrx_word' id='word_1_417' title='bbox 351 1788 383 1824; x_wconf 81' lang='grc' dir='ltr'>π)</span> <span class='ocrx_word' id='word_1_418' title='bbox 399 1790 429 1814; x_wconf 84' lang='lat' dir='ltr'>In</span> <span class='ocrx_word' id='word_1_419' title='bbox 445 1790 640 1815; x_wconf 72' lang='lat' dir='ltr'>immediatis.—</span> <span class='ocrx_word' id='word_1_420' title='bbox 651 1790 688 1814; x_wconf 78' lang='lat' dir='ltr'>A:</span> <span class='ocrx_word' id='word_1_421' title='bbox 704 1790 730 1814; x_wconf 81' lang='lat' dir='ltr'>in</span> <span class='ocrx_word' id='word_1_422' title='bbox 747 1789 834 1814; x_wconf 83' lang='lat' dir='ltr'>media</span> <span class='ocrx_word' id='word_1_423' title='bbox 845 1790 958 1823; x_wconf 56' lang='lat' dir='ltr'>figurem</span> <span class='ocrx_word' id='word_1_424' title='bbox 978 1788 1146 1819; x_wconf 87' lang='lat' dir='ltr'>BDEGIQR:</span> <span class='ocrx_word' id='word_1_425' title='bbox 1160 1788 1225 1822; x_wconf 82' lang='lat' dir='ltr'>fieri</span> <span class='ocrx_word' id='word_1_426' title='bbox 1243 1786 1378 1813; x_wconf 75' lang='lat' dir='ltr'>fmediatis</span> <span class='ocrx_word' id='word_1_427' title='bbox 1391 1789 1407 1819; x_wconf 94' lang='lat'><em>(</em></span> <span class='ocrx_word' id='word_1_428' title='bbox 1411 1787 1595 1812; x_wconf 77' lang='lat' dir='ltr'>immediatis?</span> <span class='ocrx_word' id='word_1_429' title='bbox 1614 1788 1639 1812; x_wconf 84' lang='lat' dir='ltr'>in</span> <span class='ocrx_word' id='word_1_430' title='bbox 1661 1787 1840 1819; x_wconf 75' lang='lat' dir='ltr'>mediatis?);</span> <span class='ocrx_word' id='word_1_431' title='bbox 1859 1787 1890 1811; x_wconf 79' lang='lat' dir='ltr'>S:</span> <span class='ocrx_word' id='word_1_432' title='bbox 1911 1787 1936 1811; x_wconf 81' lang='lat' dir='ltr'>in</span> <span class='ocrx_word' id='word_1_433' title='bbox 1954 1787 1979 1811; x_wconf 83' lang='lat' dir='ltr'>in</span> <span class='ocrx_word' id='word_1_434' title='bbox 1995 1786 2129 1815; x_wconf 82' lang='lat' dir='ltr'>mediatis,</span> <span class='ocrx_word' id='word_1_435' title='bbox 2143 1786 2193 1811; x_wconf 90' lang='lat' dir='ltr'>hoc</span> <span class='ocrx_word' id='word_1_436' title='bbox 2206 1791 2259 1815; x_wconf 83' lang='lat' dir='ltr'>est,</span> <span class='ocrx_word' id='word_1_437' title='bbox 2280 1785 2305 1810; x_wconf 84' lang='lat' dir='ltr'>in</span> <span class='ocrx_word' id='word_1_438' title='bbox 2321 1785 2491 1813; x_wconf 78' lang='lat' dir='ltr'>immediatis,</span> 
     </span>
    </p>
   </div>
   <div class='ocr_carea' id='block_1_14' title="bbox 296 1825 715 1851">
    <p class='ocr_par' dir='ltr' id='par_1_17' title="bbox 296 1825 715 1851">
     <span class='ocr_line' id='line_1_62' title="bbox 296 1825 715 1851; baseline 0 -1"><span class='ocrx_word' id='word_1_439' title='bbox 296 1830 327 1851; x_wconf 86' lang='lat' dir='ltr'>ut</span> <span class='ocrx_word' id='word_1_440' title='bbox 345 1825 365 1850; x_wconf 89' lang='lat' dir='ltr'>P</span> <span class='ocrx_word' id='word_1_441' title='bbox 385 1830 410 1850; x_wconf 89' lang='lat' dir='ltr'>et</span> <span class='ocrx_word' id='word_1_442' title='bbox 429 1826 470 1850; x_wconf 85' lang='lat' dir='ltr'>alii</span> <span class='ocrx_word' id='word_1_443' title='bbox 489 1826 590 1851; x_wconf 87' lang='lat' dir='ltr'>codices</span> <span class='ocrx_word' id='word_1_444' title='bbox 609 1825 715 1850; x_wconf 84' lang='lat' dir='ltr'>habent.</span> 
     </span>
    </p>
   </div>
   <div class='ocr_carea' id='block_1_15' title="bbox 990 2541 1800 2882">
    <p class='ocr_par' dir='ltr' id='par_1_18' title="bbox 990 2541 1800 2882">
     <span class='ocr_line' id='line_1_63' title="bbox 990 2541 1800 2882; baseline 0 1322"><span class='ocrx_word' id='word_1_445' title='bbox 990 2541 1800 2882; x_wconf 95' lang='lat' dir='ltr'> </span> 
     </span>
    </p>
   </div>
   <div class='ocr_carea' id='block_1_16' title="bbox 2519 457 2731 531">
    <p class='ocr_par' dir='ltr' id='par_1_19' title="bbox 2519 457 2731 531">
     <span class='ocr_line' id='line_1_64' title="bbox 2520 457 2731 478; baseline 0 0"><span class='ocrx_word' id='word_1_446' title='bbox 2520 458 2526 464; x_wconf 81' lang='lat'>⁸</span> <span class='ocrx_word' id='word_1_447' title='bbox 2542 457 2620 478; x_wconf 77' lang='lat' dir='ltr'>Scilic.</span> <span class='ocrx_word' id='word_1_448' title='bbox 2630 463 2677 478; x_wconf 89' lang='lat' dir='ltr'>om.</span> <span class='ocrx_word' id='word_1_449' title='bbox 2689 464 2731 478; x_wconf 64' lang='lat' dir='ltr'>Ans:</span> 
     </span>
     <span class='ocr_line' id='line_1_65' title="bbox 2519 483 2729 508; baseline 0 -4"><span class='ocrx_word' id='word_1_450' title='bbox 2519 489 2576 504; x_wconf 72' lang='lat' dir='ltr'>mn.-</span> <span class='ocrx_word' id='word_1_451' title='bbox 2585 489 2632 504; x_wconf 76' lang='lat' dir='ltr'>cm:</span> <span class='ocrx_word' id='word_1_452' title='bbox 2643 483 2700 508; x_wconf 61' lang='lat' dir='ltr'>Mi,-</span> <span class='ocrx_word' id='word_1_453' title='bbox 2714 490 2729 504; x_wconf 89' lang='lat' dir='ltr'>o</span> 
     </span>
     <span class='ocr_line' id='line_1_66' title="bbox 2519 516 2568 531; baseline 0.02 -1"><span class='ocrx_word' id='word_1_454' title='bbox 2519 516 2568 531; x_wconf 88' lang='lat' dir='ltr'>om.</span> 
     </span>
    </p>
   </div>
   <div class='ocr_carea' id='block_1_17' title="bbox 2517 721 2733 795">
    <p class='ocr_par' dir='ltr' id='par_1_20' title="bbox 2517 721 2733 795">
     <span class='ocr_line' id='line_1_67' title="bbox 2517 721 2731 748; baseline -0.005 -6"><span class='ocrx_word' id='word_1_455' title='bbox 2517 722 2528 732; x_wconf 74' lang='lat'>⁸</span> <span class='ocrx_word' id='word_1_456' title='bbox 2542 721 2613 748; x_wconf 83' lang='lat' dir='ltr'>Prop.</span> <span class='ocrx_word' id='word_1_457' title='bbox 2624 727 2652 742; x_wconf 82' lang='lat' dir='ltr'>ex</span> <span class='ocrx_word' id='word_1_458' title='bbox 2662 721 2731 742; x_wconf 84' lang='lat' dir='ltr'>codd.</span> 
     </span>
     <span class='ocr_line' id='line_1_68' title="bbox 2517 749 2733 771; baseline -0.009 -3"><span class='ocrx_word' id='word_1_459' title='bbox 2517 752 2574 769; x_wconf 62' lang='lat' dir='ltr'>texe.</span> <span class='ocrx_word' id='word_1_460' title='bbox 2585 750 2635 771; x_wconf 74' lang='lat' dir='ltr'>nol:</span> <span class='ocrx_word' id='word_1_461' title='bbox 2651 754 2681 768; x_wconf 85' lang='lat' dir='ltr'>o:</span> <span class='ocrx_word' id='word_1_462' title='bbox 2696 749 2733 768; x_wconf 78' lang='lat' dir='ltr'>est</span> 
     </span>
     <span class='ocr_line' id='line_1_69' title="bbox 2517 774 2730 795; baseline -0.009 0"><span class='ocrx_word' id='word_1_463' title='bbox 2517 775 2573 795; x_wconf 85' lang='lat' dir='ltr'>mai.</span> <span class='ocrx_word' id='word_1_464' title='bbox 2583 774 2656 795; x_wconf 71' lang='lat' dir='ltr'>solum</span> <span class='ocrx_word' id='word_1_465' title='bbox 2665 779 2730 794; x_wconf 82' lang='lat' dir='ltr'>vera.</span> 
     </span>
    </p>
   </div>
   <div class='ocr_carea' id='block_1_18' title="bbox 2517 985 2730 1033">
    <p class='ocr_par' dir='ltr' id='par_1_21' title="bbox 2517 985 2730 1033">
     <span class='ocr_line' id='line_1_70' title="bbox 2517 985 2730 1007; baseline -0.009 0"><span class='ocrx_word' id='word_1_466' title='bbox 2517 987 2527 996; x_wconf 71' lang='lat'>⁸</span> <span class='ocrx_word' id='word_1_467' title='bbox 2543 985 2673 1007; x_wconf 68' lang='lat' dir='ltr'>Codd.-}‘:</span> <span class='ocrx_word' id='word_1_468' title='bbox 2685 991 2730 1005; x_wconf 76' lang='lat' dir='ltr'>mn</span> 
     </span>
     <span class='ocr_line' id='line_1_71' title="bbox 2517 1014 2658 1033; baseline -0.007 0"><span class='ocrx_word' id='word_1_469' title='bbox 2517 1014 2658 1033; x_wconf 70' lang='lat' dir='ltr'>removetur.</span> 
     </span>
    </p>
   </div>
   <div class='ocr_carea' id='block_1_19' title="bbox 2513 1146 2701 1198">
    <p class='ocr_par' dir='ltr' id='par_1_22' title="bbox 2513 1146 2701 1198">
     <span class='ocr_line' id='line_1_72' title="bbox 2515 1146 2701 1169; baseline 0 -4"><span class='ocrx_word' id='word_1_470' title='bbox 2515 1146 2525 1156; x_wconf 81' lang='lat'>⁴·</span> <span class='ocrx_word' id='word_1_471' title='bbox 2550 1150 2684 1169; x_wconf 69' lang='lat' dir='ltr'>Aenumoqn</span> <span class='ocrx_word' id='word_1_472' title='bbox 2697 1152 2701 1164; x_wconf 78' lang='grc' dir='ltr'>ε</span> 
     </span>
     <span class='ocr_line' id='line_1_73' title="bbox 2513 1171 2681 1198; baseline -0.006 -6"><span class='ocrx_word' id='word_1_473' title='bbox 2513 1171 2681 1198; x_wconf 69' lang='lat' dir='ltr'>praedicatur.</span> 
     </span>
    </p>
   </div>
   <div class='ocr_carea' id='block_1_20' title="bbox 2517 1360 2705 1409">
    <p class='ocr_par' dir='ltr' id='par_1_23' title="bbox 2517 1360 2705 1409">
     <span class='ocr_line' id='line_1_74' title="bbox 2517 1360 2705 1383; baseline -0.016 0"><span class='ocrx_word' id='word_1_474' title='bbox 2517 1362 2527 1371; x_wconf 76' lang='lat'>⁸</span> <span class='ocrx_word' id='word_1_475' title='bbox 2549 1368 2578 1383; x_wconf 66' lang='lat' dir='ltr'>aa</span> <span class='ocrx_word' id='word_1_476' title='bbox 2587 1369 2592 1382; x_wconf 78' lang='lat' dir='ltr'><em>z</em></span> <span class='ocrx_word' id='word_1_477' title='bbox 2617 1360 2705 1382; x_wconf 78' lang='lat' dir='ltr'>scilicet</span> 
     </span>
     <span class='ocr_line' id='line_1_75' title="bbox 2518 1388 2574 1409; baseline 0.018 -1"><span class='ocrx_word' id='word_1_478' title='bbox 2518 1388 2574 1409; x_wconf 81' lang='lat' dir='ltr'>null.</span> 
     </span>
    </p>
   </div>
  </div>
 </body>
</html>
