2788 4204
54 574 64 584 ·
73 580 100 595 n:
116 573 269 600 separatas.-

54 604 247 624 acnmixumqsr
263 605 268 619 :

55 626 176 651 vocabam
208 630 268 646 roa:

55 654 132 674 vocat.

54 679 122 702 ”CC
137 678 203 705 infr„
217 678 270 699 lect.

55 704 181 757 ηαξ.

153 794 172 820 μ.

58 895 68 905 '
81 892 156 917 codd.
171 892 253 914 daur.

56 946 69 958 ⁴¹
74 945 157 968 Autem
165 951 193 968 ex
200 944 270 967 codd.

155 1059 168 1077 V

50 1318 110 1341 “nt
125 1318 273 1347 amtpatet.

1114 272 1225 308 CAP.
1255 271 1362 318 VIII,
1393 272 1543 309 LECT.
1574 272 1662 308 XVI

296 352 589 400 demonstratio,
619 364 743 400 neque
773 351 954 388 definitio.
985 352 1034 387 Et
1057 350 1143 387 ideo
1162 350 1363 387 videbatur

296 406 402 455 quod
430 413 641 455 oporteret‘
651 417 798 454 ponere
835 404 1022 453 quasdam
1056 403 1281 440 substantias
1309 404 1362 440 in-

297 459 574 508 corruptibiles,
605 459 651 495 de
680 458 819 506 quibus
839 465 875 494 et
890 457 1232 494 demonstrationes
1249 464 1285 492 et
1300 456 1363 493 de-

296 512 487 550 finitiones
513 512 702 549 darentur.
737 512 787 547 Et
813 511 881 547 has
915 510 1141 547 substantias
1169 509 1364 558 sempiter-

297 578 366 603 nas
381 567 401 585 ¹·
416 565 581 602 vocabat
606 564 745 612 species
772 565 834 600 vel
864 564 965 600 ideas
984 564 1035 600 **.

352 631 388 667 7.
419 618 497 655 Sed
523 617 612 654 huic
640 617 810 666 opinioni
829 616 991 654 occurrit
1009 616 1226 662 Aristoteles
1251 628 1364 666 supe-

298 672 375 709 rius
409 671 538 708 dicens
560 668 574 691 ³
605 670 711 719 quod
749 669 1021 707 demonstratio
1051 682 1129 706 non
1159 677 1213 706 est
1237 683 1363 708 corru-

297 724 486 774 ptibilium
514 724 584 760 nisi
614 736 684 772 per
711 723 898 760 accidens.
929 723 1009 760 Etsi
1044 723 1147 760 enim
1181 723 1251 760 ista
1279 736 1364 762 sen-

298 777 419 814 sibilia
447 777 703 826 corruptibilia
721 777 794 813 sint
814 776 851 813 in
870 775 1083 825 particulari
1097 782 1127 823 μ,
1148 776 1186 813 in
1214 778 1364 815 univer-

299 830 366 867 sali
380 838 510 867 tamen
525 830 736 879 quamdam
748 830 1084 878 sempiternitatem
1099 830 1251 869 habent.
1265 832 1365 868 Cum

300 895 389 931 ergo
411 883 684 921 demonstratio
714 883 822 920 detur
839 884 859 905 *
878 883 925 920 de
947 883 1030 926 istis
1059 882 1297 921 sensibilibus
1327 884 1365 920 in

298 936 518 984 universali,
553 949 632 974 non
665 944 793 973 autem
811 936 832 958 ³²²
850 937 888 973 in
920 936 1156 985 particulari,
1199 937 1366 986 sequitur

300 989 406 1038 quod
426 989 698 1027 demonstratio
719 1002 798 1026 non
817 990 863 1026 sit
883 989 1194 1038 corruptibilium,
1212 990 1282 1027 nisi
1295 1002 1368 1039 per

275 1076 278 1078 .
300 1042 472 1080 accidens
489 1049 517 1090 ”3
547 1043 867 1091 sempiternorum
896 1051 1024 1079 autem
1053 1049 1108 1078 est
1128 1054 1203 1090 per
1228 1055 1279 1080 se.

355 1097 390 1133 8.
420 1096 569 1133 Deinde
598 1109 686 1132 curn
716 1095 821 1132 dicit:
850 1096 997 1133 Eorum
1016 1101 1141 1131 autem
1166 1106 1263 1143 quae
1283 1102 1365 1141 etc.,

301 1149 464 1186 ostendit
482 1149 681 1197 quomodo
703 1160 850 1196 eorum,
868 1161 967 1198 quae
982 1154 1069 1184 sunt
1085 1154 1128 1184 ut
1142 1147 1367 1197 frequenter,

298 1201 420 1251 possit
438 1213 520 1238 esse
540 1201 828 1248 demonstratio,
843 1202 988 1239 dicens:
1004 1200 1110 1249 quod
1124 1212 1256 1237 eorum
1272 1212 1369 1249 quae

299 1265 411 1302 saepe
417 1255 534 1302 flunt,
549 1260 637 1292 sunt
649 1255 761 1292 etiam
780 1254 1112 1301 demonstrationes
1127 1259 1164 1290 et
1174 1254 1369 1290 scientiae.-

299 1307 425 1344 sicut*
439 1308 486 1344 de
498 1307 642 1356 defectu
657 1308 781 1353 lunae,
798 1308 862 1356 qui
882 1315 1012 1344 tamen
1030 1319 1109 1344 non
1128 1319 1281 1355 semper
1301 1313 1366 1343 est.

300 1360 394 1398 Non
422 1360 524 1400 enim
557 1362 647 1398 luna
683 1373 836 1409 semper
869 1360 1015 1406 deficit,
1050 1359 1118 1396 sed
1150 1359 1367 1408 aliquando,

250 1416 257 1418 “
301 1412 409 1450 Haec
442 1421 570 1451 autem
604 1426 702 1463 quae
736 1421 822 1450 sunt
850 1414 1066 1462 frequenter
1093 1409 1123 1460 ἶ,
1158 1412 1370 1450 secundum

301 1466 408 1516 quod
435 1466 655 1504 huiusmodi
674 1474 772 1514 sunt,
788 1466 884 1504 idest
897 1466 1110 1503 secundum
1130 1466 1234 1515 quod
1255 1466 1302 1503 de
1318 1465 1371 1502 eis

298 1519 646 1566 *demonstrationes
675 1520 823 1567 dantur,
849 1528 935 1557 sunt
954 1519 1121 1568 semper:
1142 1519 1210 1556 sed
1238 1531 1371 1556 secun-

304 1571 399 1611 dum
427 1573 534 1622 quod
552 1586 632 1611 non
651 1581 738 1611 sunt
754 1585 916 1623 semper,
938 1580 1024 1610 sunt
1042 1572 1291 1621 particularia.
1313 1573 1371 1608 De

303 1756 378 1779 nare,
397 1748 446 1774 nisi
465 1753 658 1782 representemr
682 1748 782 1781 absque
800 1749 987 1774 conditionibus
1010 1747 1222 1777 individualibus,
1242 1746 1313 1779 quod
1333 1750 1372 1770 est

303 1783 475 1817 representari
494 1783 679 1815 universaliter,
691 1789 717 1809 et
729 1792 786 1809 rem
800 1784 895 1809 habere
908 1783 1106 1809 universalitatis
1122 1782 1302 1811 conditionem,
1314 1781 1371 1805 ideo

304 1818 454 1844 habentium
472 1820 691 1844 universalitatem
710 1824 739 1844 ut
757 1819 943 1850 conditionem,
969 1819 1025 1844 sine
1044 1827 1096 1851 qua
1114 1826 1179 1848 non,
1200 1816 1304 1842 scientia
1323 1822 1371 1841 est.

305 1855 420 1880 Intentus
439 1859 526 1879 autem
545 1862 560 1879 a
578 1854 749 1888 peripateticis
765 1859 815 1885 est,
835 1855 895 1888 quia
913 1855 1004 1879 volunt
1023 1855 1107 1879 dicere
1125 1861 1173 1886 per
1190 1852 1256 1877 hanc
1275 1859 1371 1885 propo-

303 1889 424 1916 sitionem
443 1890 516 1922 quod
533 1890 638 1915 scientia
656 1894 696 1914 est
715 1890 747 1914 de
764 1890 852 1921 rebus,
871 1898 924 1915 non
942 1890 1106 1922 singulariter
1123 1889 1243 1921 sumptis,
1258 1888 1319 1920 quia
1335 1887 1372 1912 sic

303 1925 462 1950 variabilitati
481 1925 604 1956 subsunt,
624 1925 671 1950 sed
689 1925 868 1950 universaliter
891 1925 1018 1959 sumptis:
1037 1925 1070 1950 ita
1089 1924 1160 1958 quod
1178 1923 1371 1953 universalitas,

304 1967 352 1986 eeu
371 1959 550 1985 universaliter
568 1959 675 1993 concipi,
695 1969 747 1985 non
762 1967 802 1986 est
819 1969 862 1986 res
881 1961 952 1991 scita,
971 1968 1019 1986 nec
1037 1960 1100 1985 ratio
1119 1960 1190 1993 quod
1209 1967 1251 1984 res
1270 1959 1371 1988 sciatur,

304 2003 354 2021 nec
372 2003 432 2029 pars
450 1995 488 2020 rei
507 1995 599 2026 scitae,
618 2003 666 2020 nec
684 1996 804 2021 terminat
821 2002 907 2021 actum
926 1997 1037 2027 sciendi,
1057 1997 1103 2021 sed
1123 2001 1163 2020 est
1186 1994 1297 2019 conditio
1316 1995 1372 2019 sine

304 2038 357 2065 qua
374 2038 418 2056 res
436 2039 489 2056 non
507 2031 586 2056 scitur
604 2031 636 2056 ab
655 2031 787 2056 intellectu
801 2037 891 2056 nostro
905 2032 1008 2056 directe.
1021 2032 1092 2056 Sicut
1105 2030 1292 2064 approximatio
1306 2030 1372 2062 ignis

305 2066 338 2092 ad
357 2066 538 2092 combustibile
557 2075 604 2092 nec
623 2072 663 2092 est
681 2067 756 2099 igniS‚
776 2075 823 2092 nec
843 2075 902 2100 pars
922 2067 985 2098 eius,
1005 2075 1053 2092 nec
1067 2067 1131 2092 ratio
1145 2066 1216 2099 quod
1230 2066 1372 2095 comburat,

305 2109 354 2127 nec
372 2101 528 2135 principium
553 2101 734 2133 comburendi,
761 2103 808 2127 sed
832 2103 944 2128 conditio
969 2103 1026 2128 sine
1050 2111 1101 2135 qua
1120 2110 1172 2127 non
1191 2106 1277 2135 potest
1301 2109 1373 2126 com-

305 2137 407 2163 burere.

361 2183 375 2196 »
388 2173 530 2206 Diligenter
548 2177 634 2198 autem
653 2178 740 2198 notato
758 2173 822 2198 haec
836 2181 904 2206 quae
917 2173 1040 2204 diximus,.
1050 2174 1174 2206 quoniam
1190 2180 1220 2197 ex
1239 2172 1279 2197 his
1292 2171 1372 2197 habes

306 2209 441 2242 quomodo
459 2216 502 2234 res
520 2208 651 2233 obiectum
669 2209 791 2233 scientiae
810 2209 851 2239 sit,
866 2214 891 2233 et
910 2210 1043 2242 quomodo
1061 2209 1216 2234 universalia
1234 2208 1285 2232 sint
1303 2213 1374 2232 extra

306 2244 429 2275 animam,
444 2249 470 2269 et
487 2244 621 2277 quomodo
640 2244 672 2268 de
691 2244 728 2269 eis
748 2244 890 2277 probentur
908 2245 1043 2277 passiones
1059 2250 1084 2269 et
1102 2244 1266 2276 assignentur
1285 2242 1373 2268 defini-

306 2280 405 2311 tiones,
424 2285 450 2304 et
468 2280 601 2312 quomodo
624 2279 803 2312 praedicentur
823 2280 849 2304 in
868 2280 1103 2313 propositionibus,
1123 2285 1148 2304 et
1165 2287 1260 2311 genera
1279 2279 1330 2303 sint
1349 2284 1374 2303 et

306 2315 416 2349 species,
431 2319 456 2339 et
474 2315 500 2339 in
519 2314 732 2348 praedicamentis
751 2321 916 2348 reponantur,
931 2321 956 2340 et
970 2315 1074 2340 similia:
1094 2323 1198 2348 semper
1217 2315 1285 2339 enim
1300 2315 1374 2339 intel-

306 2350 392 2384 ligitur
410 2351 442 2375 de
461 2350 650 2375 universalibus
665 2351 809 2375 secundum
826 2356 947 2383 quartum
961 2359 1077 2382 sensum,
1091 2351 1158 2375 idest
1177 2350 1208 2374 de
1227 2350 1304 2374 rebus
1318 2350 1375 2375 uni-

305 2386 452 2412 versalitate
463 2385 534 2410 fultis
547 2390 670 2418 tanquam
683 2385 828 2411 conditione
841 2386 897 2411 sine
910 2395 960 2419 qua
975 2395 1039 2411 non:
1055 2386 1139 2411 taliter
1152 2386 1281 2418 siquidem
1296 2386 1374 2410 rebus

307 2421 371 2447 haec
388 2421 476 2446 omnia
494 2421 658 2451 conveniunt,
677 2426 778 2453 praeter
796 2429 863 2454 quae
881 2429 941 2447 esse
959 2422 985 2447 in
1003 2430 1091 2447 rerum
1105 2426 1203 2451 natura,
1223 2422 1295 2453 quod
1309 2421 1373 2454 ipsis

306 2456 495 2482 universalibus
515 2456 634 2481 convenit
656 2456 756 2489 absque
778 2457 977 2482 universalitatis
997 2457 1155 2488 conditione,
1181 2456 1239 2481 licet
1257 2464 1310 2481 non
1330 2457 1373 2481 de-

307 2497 468 2518 monstretur
485 2492 518 2516 de
536 2492 573 2517 eis
592 2491 691 2524 absque
705 2491 748 2516 illa
762 2497 809 2517 etc.

363 2538 376 2551 ι
391 2527 424 2552 Et
439 2528 461 2552 si
479 2532 567 2552 contra
585 2527 635 2552 hoc
654 2533 782 2559 arguatur,
802 2528 873 2560 quod
892 2528 1036 2553 secundum
1055 2527 1123 2552 hunc
1142 2535 1249 2553 sensum
1269 2527 1374 2552 scientia

308 2563 345 2597 (et
363 2561 524 2588 definitiones
538 2562 597 2595 etc.)
617 2570 670 2587 non
685 2562 718 2587 sit
732 2563 765 2587 de
778 2563 857 2588 rebus
873 2568 942 2588 extra
956 2564 1076 2594 animam,
1096 2563 1146 2588 sic:
1165 2563 1275 2588 Scientia
1289 2568 1328 2588 est
1343 2563 1375 2587 de

306 2598 504 2628 universalibus,
519 2597 586 2622 idest
601 2597 679 2622 rebus
694 2597 848 2623 habentibus
861 2599 1058 2624 universalitatis
1068 2599 1258 2630 ‘conditionem
1272 2606 1314 2623 res
1329 2597 1373 2623 ha-

305 2633 398 2659 bentes
417 2634 495 2658 talem
514 2633 688 2658 conditionem
708 2638 735 2658 ut
753 2633 790 2658 sic
810 2642 862 2658 non
880 2640 941 2659 sunt
959 2640 1028 2659 extra
1047 2634 1173 2665 animam3
1193 2642 1255 2666 ergo
1269 2633 1375 2659 scientia

306 2677 360 2695 non
379 2673 420 2694 est
438 2669 470 2694 de
488 2669 566 2694 rebus
581 2668 748 2693 existentibus
765 2674 834 2694 extra
848 2669 1189 2702 animam.-Respondetur
1203 2670 1273 2702 quod
1288 2670 1314 2694 in
1331 2669 1374 2693 tali

265 2711 268 2714 ⁴
306 2711 441 2738 processu,
451 2704 664 2737 qualitercunque
678 2703 811 2734 formetur,
822 2705 958 2730 accidentis
968 2705 1076 2736 fallacia,
1086 2705 1127 2730 vel
1138 2704 1234 2738 figurae
1249 2705 1374 2735 dictionis,

307 2740 349 2765 vel
368 2747 383 2764 a
401 2740 545 2765 secundum
564 2740 626 2772 quid
641 2739 672 2764 ad
686 2739 843 2772 simpliciter,
862 2740 991 2765 invenitur
1009 2740 1059 2773 (Cf.
1074 2741 1132 2765 lect.
1144 2741 1219 2773 xxn):
1239 2740 1300 2773 quia
1315 2748 1374 2773 pro-

309 2774 407 2800 ceditur
419 2783 435 2800 a
447 2775 526 2800 modo
540 2775 585 2805 rei,
604 2783 650 2800 seu
664 2783 678 2800 a
692 2783 721 2800 re
733 2783 792 2800 cum
805 2775 849 2800 tali
863 2776 1017 2807 conditione,
1032 2776 1103 2808 quod
1121 2776 1191 2801 idem
1210 2780 1256 2805 est,
1272 2776 1304 2800 ad
1318 2783 1374 2800 rem

307 2810 392 2844 ipsam
410 2815 467 2841 etc.,
485 2815 515 2835 ut
532 2815 609 2843 patet.
629 2810 695 2840 Quia
714 2810 739 2835 in
759 2811 909 2844 praemissis
932 2811 1045 2836 sumitur
1068 2819 1110 2836 res
1130 2811 1192 2837 scita
1210 2812 1252 2836 vel
1272 2810 1375 2836 definita

307 2846 350 2871 vel
369 2846 546 2878 praedicabilis
565 2851 613 2871 etc.
632 2846 694 2871 fulta
708 2846 752 2870 tali
771 2846 917 2871 conditione
931 2847 1144 2878 universalitatis5
1163 2847 1189 2871 in
1207 2847 1375 2871 conclusione

309 2885 396 2906 autem
414 2889 456 2906 res
469 2881 533 2914 ipsa,
547 2889 615 2914 quae
634 2887 719 2906 actum
733 2881 830 2906 sciendi
844 2882 970 2913 terminat,
983 2882 1083 2915 absque
1095 2882 1240 2907 conditione
1254 2882 1311 2907 sine
1323 2890 1375 2915 qua

278 2949 287 2954 -
308 2924 361 2941 non
375 2915 495 2942 definitur
514 2923 561 2941 nec
582 2916 661 2941 scitur
679 2924 726 2941 nec
740 2916 900 2949 praedicatur
914 2922 970 2948 etc.,
986 2918 1147 2942 concluditur
1161 2926 1213 2942 non
1227 2926 1287 2942 esse
1306 2923 1375 2942 extra

307 2951 429 2976 animam.
444 2951 522 2982 Quod
536 2951 705 2984 sophisticum
720 2957 771 2982 est,
787 2952 893 2977 deberet
907 2953 975 2977 enim
991 2953 1027 2977 sic
1043 2953 1175 2978 concludi:
1191 2961 1252 2984 ergo
1268 2953 1373 2978 scientia

301 2994 362 3011 vnon
375 2991 415 3011 est
433 2987 466 3011 de
480 2987 558 3011 rebus
573 2986 742 3012 existentibus
761 2992 831 3012 extra
849 2988 962 3012 animam
981 2988 1082 3021 absque
1099 2989 1296 3013 universalitatis
1313 2996 1374 3013 con-

309 3021 419 3052 ditione,
445 3029 513 3054 quae
531 3027 600 3047 extra
618 3022 730 3047 animam
749 3030 802 3047 non
821 3022 961 3047 invenitur:
980 3028 1005 3048 et
1023 3023 1072 3048 hoc
1091 3029 1131 3048 est
1148 3023 1323 3048 verissimum.
1336 3034 1349 3046 »

361 3055 390 3089 λ)
413 3055 536 3082 Occurrit
547 3057 704 3082 Aristoteles
716 3057 838 3089 superius
857 3058 946 3083 dicens
964 3059 1106 3083 etc.—GL:
1126 3059 1243 3084 occurrit
1255 3059 1376 3091 superius

307 3092 465 3117 Aristoteles
484 3092 573 3117 dicens
591 3097 653 3123 etc.;
672 3093 748 3117 HOR
766 3100 819 3117 om.
838 3094 1092 3125 superius.-Lectio
1111 3094 1189 3119 Piana
1208 3099 1248 3119 est
1266 3095 1375 3119 aliorum

310 3127 399 3157 codd.;
413 3131 439 3151 et
452 3127 530 3152 Pinna
542 3127 612 3152 addit
625 3127 651 3152 in
661 3127 789 3160 margine:
808 3128 918 3153 lectione
931 3130 1077 3161 praesenti.
1096 3130 1129 3154 Et
1147 3134 1224 3154 recte.
1243 3130 1271 3154 In
1291 3130 1375 3163 primo

310 3162 380 3187 enim
394 3163 523 3187 versiculo
534 3162 662 3187 habentur
674 3163 776 3195 quaein
790 3164 903 3188 secundo
917 3172 1025 3189 numero
1037 3165 1218 3190 enunciaverat
1227 3173 1248 3189 s.
1259 3165 1375 3190 Thomas

310 3203 336 3223 et
353 3197 380 3222 in
404 3197 533 3231 praesenti
552 3205 662 3222 numero
685 3198 801 3231 exponit:
825 3193 892 3223 ἀλλ’
911 3198 993 3229 οὕτως
1016 3198 1101 3234 ὥσπερ
1121 3197 1188 3224 κατὰ
1207 3198 1375 3234 συμβεβηκός.

2406 273 2478 309 203

1417 350 1703 400 particularibus
1732 358 1860 387 autem
1889 363 1967 387 non
1994 358 2119 399 potest
2147 350 2228 387 esse
2249 350 2482 388 demonstra-

1418 404 1482 450 tio,
1502 412 1544 443 ut
1564 411 1759 441 ostensum
1780 411 1835 440 est
1848 404 1879 451 *,
1901 404 1969 440 sed
1989 405 2113 440 solum
2133 404 2180 441 de
2195 404 2481 441 universalibus.

1418 457 1531 494 Unde
1548 465 1651 506 patet
1670 457 1776 506 quod
1795 457 2016 494 huiusmodi
2030 457 2060 504 *,
2078 457 2290 494 secundum
2310 457 2415 505 quod
2436 458 2482 494 de

1420 510 1472 546 eis
1493 517 1551 547 est
1573 510 1856 557 demonstratiO,
1879 518 1965 547 sunt
1984 523 2146 559 semper.
2172 511 2221 547 Et
2240 510 2335 547 sicut
2363 518 2418 547 est
2437 510 2484 547 de

1421 563 1568 600 defectu
1596 564 1722 610 lunae,
1758 563 1807 600 ita
1841 571 1896 600 est
1913 564 1933 584 '¹³
1953 563 1999 600 de
2033 564 2212 600 omnibus
2246 563 2325 600 aliis
2358 563 2484 600 simili-

1420 617 1502 653 bus.
1519 637 1543 644 -
1561 616 1847 653 Consideranda
1887 624 2016 654 tamen
2050 624 2105 653 est
2146 616 2355 654 differentia
2391 616 2486 653 inter

1421 681 1466 706 ea
1478 670 1508 706 *.
1530 669 1732 716 Quaedam
1748 669 1850 706 enim
1879 682 1957 706 non
1976 677 2063 707 sunt
2077 682 2228 719 semper
2241 675 2254 690 ⁰
2273 670 2485 707 secundum
2513 683 2522 694 ⁸

1420 730 1583 771 tempus,
1604 730 1690 759 sunt
1709 730 1837 759 autem
1853 724 1872 742 ¹*
1893 734 2045 771 semper
2062 735 2131 772 per
2160 723 2485 772 comparationem

1421 775 1471 812 ad
1499 776 1706 812 causam*:
1736 775 1825 823 quia
1852 788 2049 824 nunquam
2079 776 2222 823 deficit,
2254 776 2345 825 quin
2364 776 2486 825 posita

1421 828 1483 865 tali
1499 841 1627 874 causa,
1649 836 1828 877 sequatur
1848 828 2019 875 effectus;
2040 829 2135 866 sicut
2163 830 2251 866 est*
2270 830 2317 867 de
2339 830 2486 867 defectu

1421 881 1544 918 lunae.
1566 882 1776 930 Nunquam
1801 881 1903 918 enim
1924 882 2066 929 deficit,
2088 883 2178 931 quin
2198 895 2349 932 semper
2368 883 2414 920 sit
2431 884 2487 920 lu-

1422 946 1494 971 nae
1510 935 1686 982 eclypsis,
1708 934 2016 983 quandocunque
2036 942 2134 972 terra
2154 936 2419 973 diametraliter
2432 936 2487 973 in-

1422 986 1755 1035 terponitur'inter
1787 988 1908 1023 solem
1938 995 1973 1024 et
2001 989 2142 1025 lunam.
2178 990 2220 1025 In
2257 989 2487 1038 quibusdam

1422 1052 1515 1076 vero
1536 1040 1556 1061 *
1584 1039 1763 1087 contingit
1800 1040 1904 1088 quod
1942 1053 2020 1077 non
2053 1054 2205 1089 semper
2237 1050 2342 1088 sunt,
2373 1043 2486 1079 etiam

1422 1104 1492 1140 per
1530 1092 1856 1140 comparationem
1890 1093 1938 1129 ad
1976 1106 2151 1130 causam:
2191 1095 2279 1143 quia
2314 1095 2489 1132 videlicet

1425 1157 1562 1181 causae
1590 1145 1766 1193 impediri
1798 1153 1969 1193 possunt.
2008 1147 2100 1183 Non
2135 1147 2235 1184 enim
2264 1161 2415 1197 semper
2443 1161 2488 1185 ex

1424 1197 1569 1234 semine
1588 1197 1757 1234 hominis
1774 1206 1972 1246 generatur
1997 1199 2116 1236 homo
2131 1201 2276 1238 habens
2296 1202 2389 1238 duas
2409 1215 2488 1238 ma-

1424 1263 1512 1296 nus;
1534 1250 1601 1287 sed
1621 1250 1853 1300 quandoque
1871 1251 1915 1288 fit
1934 1252 2102 1289 defectus
2119 1254 2217 1290 vel*
2236 1263 2391 1303 propter
2418 1255 2487 1291 im-

1424 1303 1689 1352 pedimentum
1710 1316 1846 1340 causae
1867 1305 2009 1352 agentis
2022 1307 2084 1343 vel
2113 1307 2303 1344 materiae.
2326 1309 2368 1345 In
2381 1309 2488 1345 utris-

1425 1369 1501 1405 que
1530 1364 1658 1393 autem
1687 1357 1740 1394 sic
1769 1357 2004 1395 ordinandae
2030 1367 2116 1395 sunt
2136 1359 2487 1408 demonstrationes,

1425 1418 1467 1447 ut
1495 1422 1541 1447 ex
1559 1410 1837 1447 universalibus
1864 1411 2187 1460 propositionibus
2212 1413 2391 1451 inferatur
2408 1414 2490 1451 uni-

1426 1463 1583 1501 versalis
1612 1463 1817 1510 conclusio,
1841 1465 2079 1502 removendo
2108 1465 2181 1513 illa,
2202 1466 2240 1503 in
2260 1467 2398 1514 quibus
2421 1480 2490 1516 po-

1426 1524 1498 1553 test
1523 1529 1606 1553 esse
1628 1516 1796 1554 defectus
1815 1518 1877 1554 vel
1912 1530 1957 1554 ex
1988 1526 2096 1567 parte
2129 1520 2311 1568 temporis
2343 1528 2490 1558 tantum

1426 1570 1489 1607 vel
1519 1570 1631 1606 etiam
1661 1582 1706 1607 ex
1733 1578 1839 1619 parte
1869 1583 2006 1608 causae
2025 1577 2055 1609 π.

1425 1745 1458 1769 Et
1471 1745 1529 1770 ideo
1544 1750 1612 1778 recte
1626 1745 1676 1770 hoc
1691 1746 1748 1770 Ioco
1763 1745 1865 1771 dicitur:
1883 1747 2000 1772 occurrit
2012 1747 2168 1773 Aristoteles
2181 1748 2309 1780 superius.
2326 1749 2391 1780 Quia
2405 1754 2491 1775 tamen

1425 1780 1512 1813 opinio
1531 1781 1660 1806 Platonica
1679 1781 1807 1806 enascitur
1825 1789 1855 1806 ex
1874 1790 1905 1806 eo
1925 1783 1994 1815 quod
2018 1783 2202 1808 demonstratio
2221 1789 2261 1808 est
2280 1784 2311 1808 de
2329 1785 2492 1817 sempiternis

1426 1821 1452 1841 et
1470 1824 1523 1840 non
1542 1816 1574 1840 de
1593 1817 1817 1848 corruptibilibus;
1836 1817 1895 1842 hinc
1918 1818 2056 1849 Angelicus
2076 1818 2160 1850 primo
2179 1819 2282 1852 exponit
2299 1820 2411 1844 rationes
2434 1821 2491 1845 An·-

1425 1851 1525 1876 stotelis
1544 1852 1576 1876 ad
1594 1852 1781 1877 ostendendam
1805 1851 1899 1877 thesim
1923 1853 2089 1886 principalem
2096 1862 2104 1885 ;
2127 1854 2219 1879 deinde
2245 1855 2360 1880 ordinate
2384 1856 2492 1881 dubium

1425 1886 1587 1911 Platonicum
1607 1887 1709 1912 refutat.

1480 1922 1508 1956 μ.)
1529 1922 1591 1947 Sint
1609 1922 1635 1947 in
1650 1923 1815 1954 particulari
1833 1924 1988 1954 etc.-Quia
2007 1924 2072 1949 infra
2087 1925 2165 1949 verba
2179 1925 2204 1950 in
2219 1926 2383 1958 particulari
2400 1928 2492 1953 iterum

1425 1963 1570 1987 occurrunt,
1590 1958 1648 1982 ideo
1668 1958 1831 1984 amanuensis
1846 1960 1903 1983 cod.
1919 1959 1942 1984 O
1962 1967 2008 1992 per
2023 1960 2212 1985 distractionem
2226 1962 2313 1986 omnia
2325 1962 2402 1987 verba
2417 1963 2493 1988 inter-

1426 1993 1511 2018 media
1525 1993 1626 2023 omittit,
1642 1998 1674 2023 et,
1690 1999 1812 2026 corrupto
1831 2002 1910 2019 sensu
1929 1995 2080 2026 sententiae,
2100 1996 2248 2021 immediate
2266 1997 2343 2022 habet
2349 2005 2356 2028 ;
2374 1999 2494 2031 sequitur

1426 2029 1499 2061 quod
1513 2029 1705 2054 demonstratio
1719 2034 1796 2054 etc.-
1806 2029 1876 2054 ldem
1891 2030 1945 2055 fere
1959 2031 2048 2056 accidit
2063 2032 2214 2056 amanuensi
2229 2033 2286 2057 cod.
2301 2033 2335 2057 E:
2353 2041 2412 2058 cum
2427 2041 2492 2067 ergo

1427 2064 1620 2089 demonstratio
1639 2072 1690 2089 non
1709 2065 1745 2090 sit
1762 2065 1972 2097 corruptibilium
1993 2071 2040 2091 etc.

1480 2099 1503 2132 ν)
1518 2099 1580 2124 Nisi
1588 2107 1640 2131 per
1654 2100 1887 2125 accidens-Scire
1900 2109 1955 2125 rem
1969 2107 2047 2134 prout
2061 2106 2100 2126 est
2114 2102 2139 2126 in
2154 2102 2212 2132 alio,
2227 2108 2267 2127 est
2281 2103 2346 2128 scire
2355 2112 2410 2129 rem
2421 2105 2492 2129 illam

1427 2143 1474 2168 per
1486 2135 1604 2160 accidens
1620 2135 1670 2166 (Cf.
1686 2136 1743 2170 lect.
1754 2144 1786 2166 iv,
1802 2145 1827 2161 n.
1841 2137 1878 2169 4).
1898 2137 1928 2160 E.
1943 2145 1976 2169 g.‚
1992 2137 2070 2162 scitur
2083 2138 2237 2162 universalis
2251 2138 2314 2163 haec
2332 2140 2490 2172 propositio:

1427 2170 1513 2195 omnis
1538 2171 1655 2196 dualitas
1673 2175 1714 2196 est
1732 2179 1857 2197 numerus
1870 2179 1933 2204 par.
1954 2172 1986 2197 Et
2004 2172 2066 2197 haec
2085 2173 2229 2206 propositio
2248 2174 2327 2198 scitur
2340 2182 2392 2207 per
2409 2183 2445 2204 se,
2465 2181 2492 2200 et

1428 2206 1455 2230 in
1474 2213 1514 2236 se,
1535 2206 1594 2238 quia
1613 2206 1644 2230 ad
1663 2206 1734 2231 illam
1758 2207 1907 2232 terminatur
1926 2213 1998 2232 actus
2023 2208 2125 2233 mentis.
2149 2209 2200 2233 Sed
2218 2217 2250 2233 eo
2269 2210 2327 2242 ipso
2352 2211 2423 2242 quod
2442 2211 2492 2235 scis

1428 2248 1531 2266 omnem
1547 2242 1703 2266 dualitatem
1723 2249 1778 2267 esse
1792 2250 1897 2274 parem,
1917 2243 1968 2267 scis
1988 2243 2063 2268 etiam
2078 2251 2131 2276 per
2149 2244 2232 2276 ipsam
2248 2250 2273 2269 et
2287 2245 2313 2269 in
2327 2245 2385 2277 ipsa
2398 2254 2490 2271 omnes

1428 2281 1454 2301 et
1466 2276 1610 2308 singulares
1625 2277 1757 2302 dualitates
1772 2286 1846 2310 pares
1862 2286 1929 2302 esse.
1945 2278 2009 2303 Istae
2024 2286 2086 2311 ergo
2101 2279 2233 2304 dualitates
2249 2280 2391 2312 singulares
2406 2281 2491 2306 sciun-

1427 2317 1470 2336 tur
1488 2319 1539 2336 non
1558 2312 1584 2336 in
1603 2312 1696 2345 seipsis
1716 2312 1752 2345 (et
1770 2313 1829 2338 hinc
1848 2318 1888 2338 est
1906 2314 1976 2345 quod
1991 2322 2005 2338 a
2020 2314 2096 2338 nobis
2115 2322 2167 2339 non
2180 2321 2290 2347 possunt
2304 2315 2426 2349 definiri),
2446 2317 2492 2342 sed

1428 2347 1454 2372 in
1473 2348 1578 2372 veritate
1597 2352 1623 2372 et
1641 2356 1687 2381 per
1700 2349 1833 2373 veritatem
1848 2349 2030 2381 propositionis
2047 2350 2209 2374 universalis.
2228 2351 2348 2376 Sciuntur
2366 2359 2427 2383 ergo
2446 2360 2493 2385 per

1429 2382 1555 2407 accidens.
1569 2383 1640 2408 Idem
1655 2384 1802 2416 intelligitur
1816 2385 1848 2408 de
1861 2384 2052 2409 ratiocinatione
2069 2385 2215 2410 Aristotelis
2234 2387 2320 2418 quoad
2336 2387 2491 2420 sempiterna

1429 2418 1491 2443 scita
1505 2425 1557 2450 per
1575 2426 1609 2447 se,
1629 2424 1655 2443 et
1674 2420 1760 2451 quoad
1779 2419 1952 2452 corruptibilia
1970 2420 2033 2445 scita
2051 2420 2077 2444 in
2096 2420 2153 2451 illis,
2173 2420 2222 2445 hoc
2241 2427 2280 2446 est
2293 2429 2345 2454 per
2363 2423 2492 2448 accidens.

1483 2451 1505 2486 ξ)
1524 2454 1598 2484 Quae
1611 2458 1674 2479 sunt
1682 2454 1840 2488 frequenter
1854 2459 1901 2479 etc.
1910 2470 1929 2473 —
1939 2455 2002 2480 Cod.
2017 2456 2054 2480 G:
2074 2463 2141 2489 quae
2154 2460 2216 2481 sunt
2231 2460 2260 2481 ut
2266 2457 2437 2490 frequenter;
2453 2459 2493 2483 M:

1429 2496 1496 2521 quae
1513 2489 1588 2522 fiunt
1607 2493 1637 2514 ut
1653 2490 1821 2524 frequenter.
1840 2491 1873 2515 Et
1890 2490 1953 2515 haec
1973 2491 2094 2523 loquendi
2113 2491 2225 2516 formula
2244 2493 2326 2524 magis
2345 2493 2437 2518 usitata
2455 2494 2492 2518 in-

1429 2525 1530 2549 venitur
1553 2533 1632 2557 penes
1658 2533 1679 2550 s.
1692 2525 1836 2556 Thomam,
1856 2534 1909 2550 non
1928 2534 2004 2551 secus
2023 2535 2051 2551 ac
2071 2527 2143 2551 illae:
2163 2531 2193 2552 ut
2211 2527 2237 2551 in
2257 2528 2393 2559 pluribus,
2418 2533 2447 2554 ut
2466 2530 2492 2554 in

1425 2560 1598 2592 paucioribus
1603 2567 1612 2589 ;
1621 2568 1688 2593 quae
1699 2561 1807 2585 eandem
1818 2561 1913 2586 habent
1922 2560 2134 2593 significationem
2145 2561 2195 2594 (Cf.
2207 2570 2294 2595 supra,
2305 2565 2362 2589 lect.
2372 2572 2389 2595 1,
2400 2572 2425 2589 n.
2437 2563 2493 2598 5).—

1429 2595 1496 2620 Infra
1514 2603 1577 2620 vero
1596 2597 1653 2621 cod.
1668 2596 1705 2626 O,
1726 2597 1782 2621 loco
1801 2596 1848 2621 sed
1866 2597 2009 2622 secundum
2032 2598 2104 2630 quod
2122 2605 2173 2623 non
2192 2602 2254 2623 sunt
2272 2606 2382 2631 semper,
2402 2600 2492 2625 habet:

1428 2631 1476 2655 sed
1495 2638 1561 2663 quae
1581 2639 1631 2656 non
1650 2635 1712 2656 sunt
1730 2639 1841 2663 semper.
1865 2632 1932 2657 Cum
1952 2633 2030 2657 Piana
2053 2638 2122 2657 stant
2145 2634 2221 2658 ceteri
2240 2635 2350 2664 codices,
2370 2640 2395 2659 et
2412 2635 2492 2661 bene:

1429 2674 1498 2696 nam,
1517 2667 1660 2691 secundum
1679 2667 1750 2699 quod
1769 2675 1820 2692 non
1839 2671 1901 2692 sunt
1918 2675 2029 2700 semper,
2050 2669 2140 2693 dicitur
2154 2677 2201 2701 per
2212 2670 2403 2701 oppositionem
2417 2671 2449 2695 ad
2464 2678 2494 2696 ea

1429 2709 1497 2734 quae
1515 2707 1577 2726 sunt
1594 2707 1624 2726 ut
1642 2702 1791 2735 frequenter
1809 2708 1834 2727 et
1853 2703 2011 2735 accipiuntur
2028 2705 2171 2729 secundum
2192 2705 2287 2736 quod...
2301 2709 2364 2730 sunt
2381 2713 2493 2738 semper.

1483 2737 1509 2769 o)
1524 2737 1584 2762 Non
1599 2741 1662 2762 sunt
1675 2745 1779 2770 semper
1792 2743 1840 2763 etc.
1853 2751 1872 2757 ·-
1882 2739 1962 2763 Codd.
1974 2739 2023 2769 NQ
2036 2747 2122 2764 errore
2137 2741 2212 2772 plane
2222 2740 2360 2765 manifesto
2372 2741 2494 2766 omittunt

1429 2772 1581 2805 particulam
1600 2773 1752 2805 negativam,
1772 2779 1797 2798 et
1815 2774 1917 2806 legunt:
1936 2778 1998 2799 sunt
2016 2776 2199 2806 semper.-B:
2219 2783 2269 2800 non
2282 2776 2357 2808 fiunt
2374 2784 2494 2808 semper:

1429 2815 1496 2840 quae
1515 2813 1555 2832 est
1574 2808 1648 2833 lectio
1668 2808 1743 2839 bona,
1763 2817 1815 2833 non
1833 2814 1920 2834 tamen
1934 2810 2086 2842 adoptanda,
2101 2810 2169 2842 quia,
2189 2818 2239 2835 non
2254 2814 2323 2839 sunt,
2343 2816 2371 2835 ut
2383 2812 2402 2836 P
2417 2812 2494 2837 habet

1430 2851 1490 2868 cum
1509 2844 1599 2868 ceteris
1619 2844 1708 2874 codd„
1728 2845 1810 2875 magis
1830 2845 1970 2877 respondet
1989 2845 2033 2875 iis,
2059 2853 2126 2878 quae
2144 2851 2301 2878 sequuntur:
2319 2850 2382 2871 sunt
2403 2851 2492 2872 autem

1429 2879 1660 2910 semper.-Codd.
1679 2879 1930 2910 ACDGHLMQST:
1951 2888 2001 2905 non
2021 2884 2083 2905 sunt
2101 2888 2204 2912 semper
2222 2881 2364 2906 secundum
2390 2885 2493 2914 tempus

1430 2914 1658 2946 quidem,·E1KN:
1682 2915 1827 2947 quaedam,·
1850 2915 1888 2940 O:
1908 2916 2050 2940 secundum
2071 2919 2173 2947 tempus
2192 2917 2332 2948 quidquid;
2356 2917 2391 2941 R:
2417 2925 2492 2950 quae.

1430 2950 1506 2974 Forte
1530 2955 1616 2974 tamen
1635 2955 1691 2974 tum
1711 2951 1849 2982 quaedam,
1869 2956 1924 2975 tum
1945 2951 2087 2983 quidquid,
2113 2957 2168 2975 tum
2187 2959 2253 2983 quae
2272 2957 2391 2984 corrupte
2409 2953 2493 2985 posita

1430 2990 1490 3009 sunt
1508 2993 1556 3017 pro
1576 2985 1680 3017 quidem
1700 2987 1815 3018 priorum
1835 2986 1923 3010 codd.;
1943 2994 2009 3019 quae
2028 2987 2149 3019 particula
2162 2992 2230 3011 recte
2245 2992 2417 3020 apponeretur
2434 2992 2494 3020 post

1430 3023 1541 3052 tempus.

1483 3055 1512 3087 π)
1536 3055 1582 3080 Vel
1599 3063 1637 3080 ex
1646 3059 1727 3087 parte
1741 3056 1867 3088 temporis
1886 3060 1990 3081 tantum
2011 3057 2129 3081 etc.-lta
2140 3057 2213 3081 codd.
2232 3057 2326 3089 Excipe
2343 3062 2430 3083 tamen
2448 3059 2492 3082 AB

1430 3090 1559 3120 DNORT,
1575 3091 1628 3123 qui,
1643 3091 1743 3116 omisso
1755 3092 1848 3120 etiam,
1865 3092 1968 3124 legunt:
1986 3093 2027 3117 vel
2040 3099 2077 3117 ex
2091 3096 2172 3124 parte
2186 3093 2312 3124 temporis
2326 3096 2438 3122 tantum,
2453 3094 2493 3118 vel

1430 3133 1467 3150 ex
1476 3130 1558 3157 parte
1571 3133 1676 3151 causae.
1691 3127 1741 3151 Sed
1755 3127 1834 3151 etiam
1849 3127 1950 3151 videtur
1968 3127 2121 3160 requisitum
2136 3136 2150 3152 a
2164 3128 2246 3160 prima
2260 3133 2331 3160 parte
2345 3129 2493 3159 sententiae,

1431 3161 1471 3185 vel
1484 3168 1521 3185 ex
1530 3165 1613 3192 parte
1627 3162 1754 3194 temporis
1768 3165 1882 3187 tantum.
1891 3163 1953 3187 —P:
1970 3163 2009 3187 vel
2023 3170 2060 3187 ex
2069 3166 2150 3195 parte
2164 3163 2297 3195 temporis,
2313 3164 2353 3188 vel
2366 3170 2404 3188 ex
2411 3167 2494 3196 parte

1429 3203 1533 3220 causae.

2511 419 2723 441 ⁸Lect.1x.-Codd.:

2511 445 2635 467 secundum
2660 446 2724 474 quod

2511 473 2599 494 osten-³.

2512 498 2522 509 “
2529 498 2638 520 Huiusm.
2647 505 2724 521 omn..

2512 577 2722 602 *concasnomen

2512 603 2546 624 ita
2568 604 2612 625 de:
2630 610 2670 625 Aa:
2689 604 2723 625 ila

2513 630 2583 651 etiam
2591 630 2641 651 de.-
2649 630 2724 652 Codd.

2513 662 2561 677 om.
2578 657 2642 678 aliis.

2533 690 2559 704 a:
2584 685 2619 704 est
2642 683 2666 704 in
2690 683 2724 704 eis

2513 709 2654 737 differentia.

2612 746 2626 762 ο

2512 772 2523 782 ¹·
2530 777 2569 792 au:
2578 773 2634 792 sunt
2640 773 2724 792 tamen.

2514 802 2586 823 *0³12
2606 801 2641 823 ad
2658 807 2726 823 suam

2514 834 2618 850 causam.

2514 856 2525 867 ⁴
2535 855 2580 877 Est
2592 861 2620 876 ex
2635 854 2703 876 codd.

2514 1050 2526 1061 ⁴
2540 1055 2587 1081 mro
2615 1055 2710 1071 erronee
2719 1056 2725 1070 ε

2515 1082 2584 1098 emm.

2516 1264 2525 1272 '¹
2541 1262 2637 1284 Codd.-
2644 1268 2668 1283 1²:
2684 1264 2716 1284 ut.
