2548 4192
874 275 1613 322 szTHOMffluAQummTEM

171 357 328 399 quasdam
346 357 556 388 absolutionis
583 355 776 386 indicativus
801 357 948 396 reperiri.
975 355 1044 386 Hac
1068 354 1244 385 eruditione

172 402 246 433 satis
269 401 410 443 pollebat
427 407 554 431 sanctus
577 399 733 438 Thomas,
748 406 784 430 ut
800 400 879 431 nihil
899 400 1056 431 haesitans
1080 409 1243 440 anonymo

172 446 377 487 responderet
401 451 542 476 vetustos
565 444 672 475 Patres
696 454 834 485 negasse
856 454 1037 486 numquam
1058 445 1151 475 istam
1166 443 1244 485 for-

173 501 258 521 mam
281 490 494 521 indicativam.
520 488 604 519 Hinc
628 489 776 519 Launoio
800 489 874 519 satis
903 489 1093 529 abundeque
1121 488 1241 519 factum

173 535 266 567 toties
290 533 470 574 exposcenti
501 539 539 563 ut
559 542 689 563 causam
712 543 804 563 suam
827 540 931 573 ageret
949 533 1103 574 Aquinas,
1113 533 1245 573 prolato

172 587 342 610 sacrorum
366 579 489 610 rituum
514 577 632 615 codice,
656 578 712 618 qui
727 577 878 618 sormam
901 577 986 608 hanc
1014 575 1113 618 (Ego
1139 582 1170 607 te
1192 577 1245 608 ab·

173 622 279 665 solvo)
296 622 536 663 praescriberet
558 627 590 652 et
612 622 750 652 exhibito
774 622 1059 653 Sacramentorum
1079 621 1171 659 libro,
1192 622 1247 662 qui

174 667 317 698 eamdem
332 666 482 707 formam
511 667 697 697 contineret.
723 666 842 697 Prolati
858 666 922 696 iam
945 665 1066 697 rituum
1089 673 1120 697 et
1140 666 1246 697 Sacra-

175 718 360 742 mentorum
381 710 453 746 libri
476 717 569 741 sunt:
594 721 678 752 quos
706 710 874 751 Aquinatis
897 710 971 741 satis
998 718 1094 741 notos
1116 710 1247 741 inficiari

174 755 310 786 insanire
329 761 386 786 est.

241 800 277 830 Id
301 799 452 830 evincunt
483 799 544 830 alia
576 799 664 837 eius,
689 809 771 840 quae
803 799 904 830 refero
936 799 1040 830 verba.
1070 799 1248 831 Obiiciebat

174 854 314 885 namque
342 854 535 885 anonymus,
558 844 787 874 Absolutiones
811 844 982 885 quasdam,
998 854 1079 884 quas
1100 844 1247 875 Ecclesia

166 889 256 931 facit
278 890 311 919 in
335 889 446 919 Prima
470 894 501 919 et
523 889 556 919 in
583 888 818 929 Completorio,
847 893 924 919 ante
950 889 1086 919 Missam
1120 893 1152 919 et
1172 894 1248 929 post

167 933 444 974 praedicationem
463 933 640 964 secundum
659 942 780 963 morem
798 933 967 964 Romanae
981 933 1147 963 Ecclesiae
1165 939 1196 963 et
1214 934 1246 964 in

173 977 226 1008 die
247 977 401 1008 Cinerum
421 983 452 1008 et
472 977 601 1008 Coenae
618 978 768 1014 Domini,
789 987 862 1008 non.
875 1000 883 1008 .
896 999 904 1007 .
921 986 986 1017 per
1003 978 1180 1007 orationem
1201 979 1247 1008 in-

174 1022 346 1053 dicativam
357 1045 368 1060 ,
391 1021 449 1053 sed
466 1022 714 1062 deprecativam.
743 1021 939 1061 Reponentis
962 1021 1131 1061 Aquinatis
1153 1022 1248 1052 verba

174 1066 298 1107 accipe:
322 1067 433 1097 Miror
460 1076 532 1097 eum
552 1075 615 1096 non
640 1066 810 1096 advertere
836 1066 922 1106 quod
955 1065 1139 1096 huiusmodi
1156 1066 1246 1096 abso-

175 1111 314 1142 lutiones
331 1120 395 1141 non
418 1115 496 1140 sunt
513 1110 794 1140 Sacramentales:
810 1110 868 1140 sed
893 1114 969 1140 sunt
991 1109 1150 1150 quaedam
1174 1119 1248 1140 ora-

176 1156 294 1192 tiones,
320 1154 436 1195 quibus
453 1154 608 1184 dicuntur
627 1154 767 1185 venialia
784 1159 921 1194 peccata
943 1153 1073 1190 dimitti;
1090 1154 1173 1184 sicut
1184 1163 1249 1194 per

175 1199 354 1230 orationem
369 1199 574 1229 Dominicam
593 1208 657 1238 qua
674 1198 806 1229 dicitur:
813 1199 947 1228 Dimitte
966 1197 1055 1228 nobis
1073 1197 1178 1228 debita
1193 1207 1248 1228 no-

175 1248 255 1274 stra.
276 1243 365 1273 Haec
378 1242 520 1273 indicant
539 1242 716 1273 innotuisse
737 1242 889 1284 Aquinati
903 1251 1010 1273 sacros
1024 1241 1249 1272 ecclesiasticos

175 1287 255 1319 ritus
277 1297 344 1318 non
368 1296 427 1317 sua
448 1287 548 1317 modo
572 1293 687 1325 aetate,
711 1287 767 1318 sed
790 1287 886 1317 etiam
915 1295 994 1316 aevo
1018 1285 1180 1326 superiore
1202 1286 1249 1317 vi-

175 1338 295 1373 gentes.
318 1331 594 1363 Hine‘mi‘rabatur
616 1330 669 1362 ille
692 1337 759 1362 tam
788 1330 897 1361 inscite
921 1340 1122 1371 anonymum
1141 1340 1250 1362 recon-

177 1375 338 1408 ciliator-iis
362 1375 554 1417 quibusdam
578 1375 776 1406 orationibus
798 1375 888 1406 litem
907 1384 1008 1415 agere,
1028 1385 1110 1416 quae
1138 1375 1179 1405 ad
1201 1385 1248 1406 es-

176 1420 311 1452 sentiam
326 1420 520 1452 Sacramenti
536 1419 668 1450 minime
691 1420 883 1461 spectabant.
909 1419 1031 1450 Eadem
1048 1419 1140 1450 nobis
1156 1420 1249 1450 mira-

174 1465 223 1496 tio
236 1465 323 1496 subit
338 1474 398 1505 pro
417 1464 632 1505 deprecatoria
642 1464 781 1495 formula
796 1474 925 1495 causam
940 1473 1030 1504 agere
1043 1464 1251 1495 Launonium

174 1509 326 1548 voluisse,
341 1509 469 1549 triginta
488 1509 660 1539 numeratis
678 1509 816 1550 antiquis
832 1508 1045 1539 Ecclesiamm
1066 1508 1249 1539 ritualibus:

178 1553 254 1591 Qua
259 1559 359 1594 parte
369 1553 488 1585 scilicet
500 1553 646 1584 ordinem
662 1554 796 1584 tradunt
805 1553 849 1584 ad
863 1552 1056 1584 visitandum
1074 1553 1250 1594 infirmum,

175 1597 221 1630 ad
242 1598 542 1629 communicandum
563 1598 739 1639 infirmum,
760 1598 804 1628 ad
825 1597 966 1628 dandam
991 1603 1168 1628 extremam
1192 1608 1253 1628 un-

174 1643 323 1674 ctionem.
344 1642 437 1683 Opus
461 1649 526 1673 erat
544 1643 680 1673 rituales
698 1642 805 1672 afferre
828 1642 925 1672 libros
937 1664 945 1680 ,
965 1651 1030 1682 qua
1046 1647 1145 1682 parte
1172 1642 1252 1673 ordo

177 1687 210 1718 in
231 1688 278 1718 eis
296 1687 439 1718 traditur
453 1687 498 1718 ad
516 1687 772 1717 reconciliandos
783 1687 1005 1727 poenitentes:
1023 1696 1106 1727 quos
1130 1686 1252 1727 utique,

177 1737 300 1772 praeter
323 1731 445 1772 aliquas
468 1740 596 1772 preceS,
621 1731 801 1762 absolutam
824 1730 993 1771 plerosque
1022 1730 1166 1761 exhibere
1190 1730 1253 1761 for-

178 1785 267 1806 mam
306 1782 438 1807 testatur
475 1776 636 1814 Martene,
661 1785 696 1806 ac
729 1775 828 1806 dubio
861 1774 974 1815 procul
1007 1774 1097 1804 omni
1123 1781 1255 1806 noverat

179 1831 204 1851 s.
222 1820 378 1851 Thomas.

244 1864 317 1895 Alia
349 1870 414 1895 erat
437 1863 591 1904 anonymi
624 1863 781 1894 obiectio:
810 1863 874 1893 Pro
907 1862 1011 1893 forma
1040 1863 1254 1903 deprecatoria

175 1910 347 1940 sensisse...
367 1909 562 1949 magistrum
581 1907 789 1938 Guillelmum
804 1907 845 1938 de
858 1907 1082 1938 Antissiodoro
1097 1912 1128 1938 et
1150 1909 1254 1949 magi-

174 1958 279 1985 strum
315 1952 523 1983 Guillelmum
558 1952 719 1993 quondam
753 1952 947 1992 Episcopum
976 1952 1190 1982 Parisiensem
1220 1958 1250 1983 et

174 1997 353 2029 Dominum
379 1997 558 2038 Hugonem
586 1997 747 2037 quondam
782 1997 1002 2027 Cardinalem.
1031 1996 1180 2027 Thomae
1203 2007 1250 2027 re-

175 2041 308 2083 sponsio
332 2047 397 2072 est:
426 2041 521 2079 Quod
539 2043 584 2072 ita
602 2043 763 2072 senserint
789 2051 852 2072 non
879 2046 1013 2072 constat.
1031 2041 1095 2071 Sed
1113 2046 1143 2071 et
1160 2042 1190 2072 si
1209 2043 1253 2072 ita

175 2091 358 2124 senserunt,
379 2086 535 2127 numquid
554 2096 664 2118 eorum
684 2087 791 2126 opinio
800 2085 1032 2126 praeiudicare
1040 2087 1162 2126 poterit
1172 2086 1209 2117 ξ).
1222 2109 1229 2117 .
1242 2109 1250 2117 .

175 2131 317 2171 Magistri
349 2130 474 2161 Parisiis
506 2137 649 2171 regentes
677 2132 839 2161 communi
866 2132 1024 2162 sententia
1049 2132 1250 2161 contrarium

176 2176 330 2212 sentiunt,
350 2175 578 2206 decernentes:
603 2175 722 2216 absque
739 2176 789 2206 his
817 2174 921 2206 verbis
940 2173 960 2216 (
961 2175 1035 2217 Ego
1055 2180 1086 2206 te
1104 2175 1250 2217 absolvo)

175 2219 406 2251 absolutionem
427 2229 491 2250 non
508 2229 577 2251 esse
588 2229 653 2260 per
672 2220 774 2250 solam
794 2219 1031 2260 deprecativam
1061 2220 1250 2250 orationem.

176 2264 372 2305 Aquinatem
395 2263 494 2304 carpit
507 2264 683 2295 LaunoiuS.
709 2264 797 2301 Quid
816 2261 915 2294 vero?
939 2264 974 2294 In
989 2264 1057 2295 eius
1071 2264 1252 2304 responsio-

175 2317 253 2339 nem
275 2318 313 2338 ex
335 2315 424 2348 parte
446 2308 556 2339 recidit
578 2309 660 2349 ipse:
683 2309 875 2340 Guillelmus
888 2309 1187 2346 Anfissiodorensis,
1205 2309 1252 2339 in-

176 2352 301 2394 quiens,
325 2358 357 2383 et
381 2352 485 2394 Hugo
507 2353 695 2384 Cardinalis
715 2363 778 2384 non
798 2358 863 2384 tam
888 2353 1007 2384 diserte
1022 2354 1200 2394 loquuntur
1219 2354 1251 2384 in

175 2398 314 2438 scriptis,
334 2407 418 2438 quae
433 2396 478 2428 ad
495 2407 555 2428 nos
566 2403 798 2438 pervenerunt.
815 2397 939 2428 Scilicet
955 2397 1034 2438 quid
1057 2407 1164 2428 revera
1181 2407 1251 2428 sen-

130 2457 138 2464 ·
175 2442 279 2472 serint
307 2451 371 2472 non
402 2446 546 2479 constat,
571 2449 608 2473 ut
630 2442 793 2483 inquiebat
823 2449 949 2472 sanctus
972 2442 1127 2472 Thomas.
1154 2442 1253 2472 Addit

177 2492 305 2516 censor:
337 2486 386 2516 Eo
415 2491 521 2516 tamen
556 2487 734 2527 loquuntur
765 2486 879 2523 modo,
911 2487 967 2526 qui
997 2487 1103 2527 magis
1129 2486 1253 2517 doctori

132 2550 137 2553 »
176 2539 342 2570 anonymo
370 2539 466 2570 quam
500 2530 639 2560 Thomae
669 2530 898 2571 suffragatur:
921 2540 1002 2570 quae
1031 2539 1147 2570 nempe
1171 2530 1253 2561 dicta

176 2574 316 2614 intellige
334 2583 394 2614 pro
417 2584 465 2612 ea,
483 2584 547 2615 qua
567 2575 731 2605 Launoius
756 2575 915 2614 agebatur,
935 2574 1082 2604 Thomae
1102 2574 1252 2614 Opuscu-

175 2618 246 2649 lum
277 2618 444 2649 vellicandi
477 2619 647 2659 prurigine.
674 2619 743 2650 Hac
776 2618 862 2649 enirn
890 2619 929 2649 de
952 2629 984 2649 re
1009 2618 1072 2658 agit
1095 2619 1193 2659 Hugo
1218 2619 1251 2649 in

177 2662 420 2694 Commentario
444 2673 540 2703 super
562 2664 760 2694 Matthaeum
784 2663 885 2703 capite
914 2672 947 2693 vr
964 2663 1018 2693 ubi
1042 2663 1121 2693 nihil
1140 2673 1251 2694 occur-

176 2707 236 2746 rit,
267 2707 358 2748 quod
380 2717 545 2748 anonymo
570 2708 692 2738 doctori
717 2707 827 2738 faveat.
862 2707 897 2737 In
921 2707 1110 2738 contran'arn
1139 2707 1252 2738 abiisse

176 2751 302 2782 videtur
324 2752 513 2782 sententiam
537 2752 728 2783 Guillelmus
753 2753 791 2782 de
810 2751 959 2782 Alvernia
977 2751 1159 2782 parisiensis
1175 2752 1251 2793 Epi-

177 2805 295 2836 scopus
318 2796 358 2826 de
380 2796 584 2827 Sacramento
605 2797 818 2837 poenitentiae
835 2796 935 2836 capite
953 2803 1015 2826 x1x:
1035 2797 1148 2837 Neque
1164 2807 1254 2828 more

178 2840 318 2871 iudicum
325 2840 569 2881 forinsecorum
576 2843 775 2882 pronunciat
786 2840 972 2881 Consessor,
984 2841 1179 2872 absolvimus
1188 2847 1251 2872 te...

177 2885 234 2915 sed
253 2886 359 2925 magis
381 2886 558 2916 orationem
569 2885 659 2924 facit
671 2895 770 2926 super
785 2895 867 2916 eum.
884 2886 988 2916 Verba
1010 2892 1094 2923 sunt,
1111 2896 1252 2926 quorum

179 2937 310 2958 sensum
338 2929 461 2969 liquido
493 2937 636 2960 constare
663 2929 862 2960 inficiabatur
892 2930 1047 2960 Thomas.
1073 2930 1252 2961 Ritualibus

179 2971 275 3002 etiam
297 2972 455 3014 plerisque
482 2973 569 3004 libris
592 2975 815 3013 adversantur,
838 2974 872 3004 in
895 2974 1012 3014 quibus
1035 2974 1181 3014 precibus
1205 2985 1252 3005 re-

180 3015 401 3047 conciliatoriis
420 3017 563 3048 immixta
586 3018 701 3059 legitur
725 3018 864 3049 formula
889 3018 1044 3049 absoluta.
1071 3019 1253 3056 Quaecum-

179 3070 243 3101 que
266 3060 399 3091 demum
421 3061 489 3091 eius
512 3061 606 3092 fuerit
629 3062 752 3102 opinio,
772 3062 1003 3102 praeiudicium
1018 3063 1156 3103 irrogare
1178 3064 1251 3094 nul-

179 3105 249 3135 lum
263 3111 384 3144 potest:
408 3105 656 3146 Communisque
679 3107 807 3137 adversa
830 3108 1062 3147 magistrorum
1093 3109 1251 3138 sententia

181 3155 255 3185 erat,
271 3149 327 3189 qm·
339 3149 475 3180 Parisiis
494 3150 659 3190 regebant.
677 3150 852 3181 Guillelmo
868 3151 1066 3192 synchronus
1076 3152 1254 3182 Alexander

181 3194 220 3223 de
234 3193 331 3223 Hales
347 3193 389 3223 IV
405 3199 492 3233 parte
503 3193 665 3232 Summae,
680 3201 800 3235 quaest.
811 3206 874 3233 xiv,
891 3196 1036 3225 membro
1052 3206 1085 3234 11,
1096 3203 1152 3227 art.
1170 3207 1193 3226 11
1209 3196 1253 3227 sic

182 3237 243 3268 ait:
265 3237 503 3268 Absolutionem
527 3239 703 3269 sacerdotis
714 3239 798 3280 fieri
817 3241 1023 3280 expressione
1043 3240 1156 3270 talium
1183 3250 1253 3271 ver-

180 3282 310 3319 borum,
335 3282 408 3322 Ego
432 3282 560 3312 absolvo
580 3287 620 3320 te,
646 3283 696 3313 vel
718 3284 878 3314 Dominus
900 3284 1044 3314 absolvat
1063 3289 1102 3314 te.
1126 3285 1252 3315 Utram-

181 3336 244 3367 que
266 3326 391 3357 videtur
413 3326 466 3356 ille
495 3327 686 3366 adprobasse
710 3326 892 3358 formulam.

246 3371 445 3401 Postremam
474 3370 628 3411 anonymi
651 3370 746 3401 affero
770 3371 998 3402 obiectionem:
1030 3372 1090 3401 Vix
1114 3373 1251 3412 triginta

181 3416 262 3445 anni
283 3420 374 3452 sunt,
400 3414 588 3455 inquientis,
618 3415 703 3455 quod
725 3425 835 3445 omnes
858 3413 940 3457 (iam
964 3413 1075 3457 antea)
1099 3416 1160 3445 hac
1181 3416 1252 3445 sola

172 3458 290 3500 somna
314 3457 566 3501 (deprecatoria)
591 3459 773 3489 utebantur.
807 3459 946 3499 Reponit
969 3459 1132 3499 Aquinas:
1168 3459 1252 3496 Quo-

182 3503 276 3533 modo
298 3504 338 3534 de
361 3504 507 3534 omnibus
524 3509 631 3543 potest
649 3504 862 3534 testimonium
873 3503 1054 3543 perhibere,
1071 3504 1128 3543 qui
1142 3513 1252 3533 omnes

183 3556 246 3578 non
271 3548 379 3578 vidit?
402 3548 525 3578 Censor
548 3547 712 3578 Launoius
736 3547 794 3577 ait:
819 3547 994 3587 Responsio
1014 3556 1078 3576 non
1098 3552 1144 3577 est
1162 3547 1250 3584 haec,

182 3591 239 3622 sed
261 3592 441 3622 declinatio.
477 3593 546 3622 Imo
571 3591 800 3622 solidissimum
829 3591 947 3631 peritus
978 3591 1114 3631 quisque
1144 3590 1255 3621 dixerit

183 3636 281 3666 sancti
305 3636 452 3667 Thomae
480 3647 671 3677 responsum
700 3636 848 3667 adversus
877 3645 1097 3677 anonymum,
1129 3634 1248 3666 factum

325 3697 395 3730 Opp.
415 3698 446 3722 D.
465 3698 579 3722 ΤΗοΜΑΕ
598 3697 629 3722 Τ.
645 3698 663 3722 Ι.

2218 292 2371 319 CCXXXIII

1303 355 1526 386 obtrudentem
1549 355 1639 396 quod
1663 362 1709 386 est
1727 355 1943 387 falsissimum.
1970 358 2147 395 Quomodo
2167 359 2263 398 enirn,
2279 360 2306 390 si
2321 371 2372 391 ve-

1302 405 1405 430 tustos
1428 406 1484 431 aut
1507 400 1674 440 scriptores
1695 407 1750 431 aut
1773 401 1899 439 rituales
1923 401 2020 432 libros
2051 402 2270 442 consuluisset,
2296 415 2373 445 epo-

1303 443 1396 474 cham
1418 443 1576 475 formulae
1599 444 1784 475 indicativae
1808 446 1846 476 ab
1871 446 1960 476 annis
1984 446 2109 486 triginta
2133 447 2295 479 dumtaxat
2317 449 2374 479 du-

1303 497 1371 518 cere
1395 487 1569 528 potuisset?
1592 489 1823 520 Peritissimum
1846 491 1987 520 Martene
2009 497 2176 522 testantem
2195 492 2376 523 audivimus

1303 533 1336 562 in
1354 533 1522 574 plerisque
1540 534 1681 574 antiquis
1696 534 1869 565 ritualibus
1884 535 1984 572 libris,
2003 545 2069 565 una
2089 545 2160 566 cum
2177 537 2376 568 orationibus

1303 578 1580 615 reconciliatoriis,
1594 577 1766 619 sor-mulas
1784 579 1941 619 quasdam
1957 580 2166 610 absolutionis
2185 580 2376 612 indicativas

1304 622 1460 661 reperiri;
1489 621 1676 663 codicesque
1704 623 1890 654 huiusmodi
1914 623 2145 664 proferentem,
2170 625 2226 666 qui
2250 625 2376 655 saeculo

1304 672 1417 696 octavo
1432 666 1538 706 scripti
1554 666 1692 698 fuerunt.
1717 667 1881 708 Aquinati,
1898 668 1953 709 qui
1968 669 2061 699 breve
2077 679 2268 709 responsum
2283 669 2378 700 dabat

1303 709 1454 750 Magistro
1478 710 1640 749 Generali,
1665 711 1738 742 satis
1762 711 1822 743 fuit
1850 719 1959 743 contra
1989 723 2190 754 anonymum
2223 723 2378 754 reponere

1303 760 1375 784 tum
1397 754 1436 784 ab
1459 754 1531 795 ipso
1555 755 1687 786 minime
1709 756 1795 786 visos
1813 763 1956 787 vetustos
1979 757 2106 788 rituales
2128 757 2225 788 libros
2245 758 2376 800 scripto-

1303 806 1433 839 resque:
1465 805 1536 829 tum
1566 799 1671 830 eidem
1701 800 1856 830 adversari
1886 811 2083 832 communem
2115 803 2375 833 consuetudinem

1304 843 1363 873 tali
1377 842 1494 883 forma
1517 841 1722 886 (indicativa)
1747 846 1915 875 utentium.
1947 846 2015 876 Iam
2043 856 2117 887 ergo
2141 846 2175 876 in
2198 856 2288 877 auras
2312 847 2378 878 abit

1303 886 1462 917 levissima
1486 887 1623 917 Launoii
1647 898 1787 919 censura.

1673 994 1884 1032 CAPUT
1922 997 2002 1033 HL

1304 1089 1346 1113 Ad
1364 1089 1522 1122 Aquinatem
1539 1090 1680 1114 Auctorem
1699 1090 1810 1123 pertinet
1833 1091 1932 1116 Solutio
1954 1092 2056 1124 triginta
2078 1100 2123 1118 sex
2146 1093 2328 1126 quaestionum
2346 1094 2380 1119 ad

1376 1125 1514 1149 Lectorem
1532 1130 1664 1150 venetum.
1685 1125 1810 1150 Eiusdem
1825 1126 1910 1151 foetus
1929 1132 1969 1152 est
1983 1127 2148 1161 Opusculum
2163 1129 2195 1153 de
2208 1137 2253 1153 sex
2267 1129 2380 1154 articulis

1378 1160 1410 1184 ad
1423 1160 1560 1185 Lectorem
1574 1160 1781 1186 vesontiensem:
1806 1161 1831 1186 in
1857 1170 1911 1195 quo
1930 1163 2130 1195 prudentissima
2153 1164 2249 1189 monita
2268 1165 2300 1189 ad
2319 1172 2380 1189 con-

1379 1194 1532 1220 cionatores.
1552 1195 1612 1226 Quo
1630 1200 1749 1229 tempore
1767 1197 1799 1221 ad
1819 1197 1924 1222 fratrem
1944 1198 2115 1230 Reginaldum
2130 1199 2262 1232 scripserit
2280 1200 2313 1225 de
2325 1200 2379 1225 An-

1377 1231 1498 1263 gelorum
1516 1235 1616 1256 natura.
1635 1231 1762 1264 Opusculi
1782 1233 1896 1258 doctrina
1915 1238 1941 1258 et
1959 1234 2076 1259 eruditio.

1307 1326 1331 1358 1.
1353 1319 1621 1404 Undecimum
1637 1329 1670 1360 in
1681 1330 1819 1361 editione
1829 1331 1975 1361 Romana
1989 1331 2099 1362 locum
2111 1338 2196 1363 tenet
2204 1332 2380 1373 Responsio

1437 1373 1480 1403 ad
1502 1373 1667 1404 Lectorem
1693 1380 1838 1406 venetum
1862 1376 1914 1406 De
1934 1376 2083 1407 articulis
2100 1386 2201 1407 xxxvr.
2226 1377 2317 1408 Hanc
2333 1387 2379 1407 re-

1308 1423 1451 1456 censent,
1474 1418 1573 1448 veluti
1602 1419 1775 1459 genuinam
1798 1419 1946 1450 Thomae
1976 1420 2248 1459 lucubrationem,
2272 1421 2380 1452 Ptolo-

1307 1470 1419 1491 maeus
1443 1462 1605 1501 Lucensis,
1629 1463 1807 1494 Ber-nardus
1831 1463 2006 1503 Guidonis,
2030 1464 2295 1496 Bartholomaeus
2317 1466 2381 1496 Lo-

1308 1505 1447 1545 gotheta,
1472 1507 1623 1538 Nicolaus
1642 1508 1801 1547 Trivetus,
1815 1508 1991 1548 Pignonus,
2011 1509 2259 1548 Valleoletanus,
2279 1520 2304 1540 s.
2315 1511 2382 1540 An·

1308 1549 1449 1581 toninus.
1475 1551 1632 1592 Opusculi
1655 1552 1783 1583 initium
1806 1553 1946 1584 referunt
1968 1553 2185 1591 Ptolomaeus,
2205 1554 2382 1585 Bernardus

1310 1600 1340 1624 et
1363 1604 1388 1624 s.
1403 1596 1602 1626 Antoninus:
1626 1596 1796 1635 nimirum,
1819 1598 1925 1628 Lectis
1948 1599 2063 1629 vestris
2086 1599 2235 1639 epistolis.
2269 1599 2329 1630 Sex
2353 1606 2384 1629 et

1309 1638 1436 1678 triginta
1459 1640 1660 1680 quaestiones
1684 1651 1702 1671 a
1725 1641 1865 1672 Doctore
1881 1642 2035 1682 Angelico
2051 1643 2217 1673 solvendas
2236 1643 2382 1673 transmi-

1310 1689 1391 1713 serat
1405 1684 1522 1715 Lector
1545 1691 1694 1716 venetus:
1710 1695 1750 1715 an
1774 1685 1816 1716 ita
1839 1686 1941 1717 dictus
1961 1697 1998 1717 ex
2013 1687 2176 1727 provincia
2199 1694 2306 1718 nostra
2321 1688 2381 1719 Ve-

1309 1734 1392 1766 neta,
1416 1738 1457 1758 an
1481 1738 1518 1759 ex
1541 1729 1619 1759 urbe
1647 1729 1826 1760 Britanniae
1858 1730 1991 1761 minoris
2018 1731 2265 1771 incompertum.
2290 1731 2382 1763 Votis

1309 1771 1377 1802 eius
1401 1772 1546 1803 Thomas
1569 1773 1612 1804 ait
1640 1773 1714 1804 satis
1744 1783 1776 1804 se
1801 1774 1909 1805 fecisse
1929 1775 2018 1816 infra
2035 1776 2255 1816 quatriduum,
2273 1776 2383 1807 dilatis

1303 1825 1486 1857 parumper
1507 1818 1593 1855 aliis,
1618 1818 1733 1858 quibus
1756 1819 1923 1849 intendere
1939 1829 1975 1850 se
1988 1820 2162 1860 oportebat,
2187 1822 2381 1861 quaestioni-

1309 1860 1378 1892 bus.
1402 1861 1563 1892 Vocatum
1576 1862 1724 1903 fratrem
1748 1863 1928 1893 Passanum
1948 1864 2078 1894 adnotat
2101 1865 2211 1895 Petrus
2233 1865 2381 1903 Pellican,

1309 1903 1371 1935 fide
1395 1906 1526 1946 allegata
1550 1917 1608 1937 ms.
1635 1907 1751 1937 codicis
1775 1907 1939 1938 Victorini.
1964 1908 2100 1946 Mirum,
2130 1908 2156 1938 si
2179 1908 2256 1939 haec
2284 1909 2327 1939 ita
2350 1919 2383 1939 se

1309 1949 1456 1989 habeant,
1481 1951 1520 1980 ab
1544 1950 1690 1981 Echardo
1715 1951 1956 1994 diligentissimo
1981 1952 2198 1992 praetermissa
2222 1952 2328 1983 fuisse.

1377 1995 1596 2026 Transmissae
1606 1995 1820 2036 quaestiones,
1831 1995 1987 2026 maiorem
1997 2003 2129 2036 partem,
2139 1996 2268 2027 eaedem
2280 1997 2386 2027 omni-

1309 2048 1353 2068 no
1378 2046 1453 2070 sunt
1476 2050 1512 2070 ac
1539 2039 1628 2079 illae,
1652 2050 1732 2081 quas
1764 2041 1898 2070 Ioannes
1924 2041 1962 2071 de
1986 2041 2135 2071 Vercellis
2165 2048 2385 2082 proposuerat.

1309 2082 1394 2114 Hinc
1418 2083 1537 2114 indicio
1562 2091 1592 2115 et
1615 2091 1804 2125 argumento
1829 2091 1885 2123 est,
1910 2085 2075 2125 proposita
2091 2085 2187 2116 dubia
2206 2085 2287 2116 inter
2302 2086 2386 2116 viros

1310 2137 1346 2157 ea
1370 2134 1469 2159 aetate
1494 2128 1606 2159 doctos
1629 2129 1828 2169 diligentiore
1847 2129 1990 2160 examine
2009 2136 2194 2170 pertractata
2218 2129 2325 2161 fuisse.
2352 2131 2387 2160 In

1309 2171 1395 2203 artic.
1411 2183 1484 2203 xxrv
1508 2173 1546 2204 de
1570 2173 1696 2204 inferno
1711 2173 1823 2214 agitur,
1841 2184 1883 2204 an
1898 2175 1941 2204 sit
1954 2175 1987 2204 in
2004 2179 2124 2211 centro,
2143 2175 2194 2205 vel
2209 2175 2297 2205 circa
2313 2184 2386 2205 cen-

1309 2221 1396 2247 trum
1425 2222 1547 2255 terrae,
1574 2219 1623 2248 vel
1646 2219 1733 2249 circa
1752 2218 1980 2259 superficiem?
2003 2218 2114 2248 loanni
2133 2218 2323 2249 Vercellensi
2339 2229 2386 2249 re-

1308 2269 1459 2301 posuerat
1477 2262 1637 2303 Aquinas:
1654 2263 1706 2293 Ad
1720 2262 1899 2293 doctrinam
1905 2262 1992 2303 fidei
2007 2272 2070 2292 non
2085 2263 2260 2302 pertinere,
2285 2273 2328 2293 an
2343 2264 2386 2293 sit

1309 2305 1460 2346 infernus
1483 2308 1570 2337 circa
1591 2312 1736 2337 centrum
1761 2312 1870 2337 terrae
1893 2307 1944 2337 vel
1966 2308 2053 2337 circa
2072 2306 2284 2347 superficiem.
2309 2308 2382 2338 Hoc

1307 2350 1381 2380 loco
1399 2350 1544 2390 opinioni
1561 2351 1714 2390 indulget,
1731 2351 1903 2391 ipsumque
1926 2350 2102 2381 inferorum
2120 2351 2230 2381 locum
2249 2361 2267 2381 a
2286 2357 2383 2382 terrae

1308 2401 1417 2425 centro
1434 2402 1591 2425 removet:
1612 2408 1626 2422 α
1640 2395 1726 2425 Nihil
1742 2395 1821 2425 mihi
1836 2395 1971 2433 videtur,
1989 2396 2146 2436 inquiens,
2165 2402 2282 2426 temere
2298 2406 2381 2426 asse-

1310 2450 1325 2465 »
1348 2439 1500 2477 rendum;
1519 2439 1687 2480 praecipue
1707 2449 1780 2470 cum
1802 2439 2002 2480 Augustinus
2032 2439 2195 2470 neminem
2218 2440 2383 2470 arbitretur

1310 2495 1325 2510 »
1347 2483 1424 2514 scire
1439 2483 1494 2514 ubi
1509 2483 1557 2514 sit.
1575 2485 1650 2514 Non
1665 2491 1771 2515 tamen
1786 2484 1920 2515 aestimo
1930 2484 2015 2525 quod
2027 2485 2070 2514 sit
2083 2485 2116 2514 in
2131 2489 2241 2515 centro
2256 2490 2381 2522 terrae,

1309 2539 1325 2554 x>
1347 2527 1423 2568 quia
1438 2527 1490 2558 ille
1510 2535 1556 2558 est
1571 2529 1673 2566 locus,
1689 2539 1756 2570 quo
1777 2529 1960 2560 naturaliter
1974 2528 2119 2559 feruntur
2132 2529 2247 2568 gravia,
2263 2539 2321 2559 nec
2336 2529 2381 2559 vi-

1310 2583 1325 2598 »
1348 2571 1440 2602 detur
1453 2572 1663 2603 intentionem
1679 2580 1809 2604 naturae
1829 2573 1979 2611 frustrari,
1989 2579 2026 2603 ut
2041 2573 2254 2603 communiter
2268 2573 2382 2603 dicitur

1310 2627 1324 2642 »
1348 2614 1463 2656 (iuxta
1480 2617 1647 2658 vulgatam
1670 2628 1749 2649 aevo
1764 2619 1819 2648 illo
1829 2617 2089 2659 philosophiam)
2098 2625 2111 2655 ;
2133 2617 2222 2658 quod
2238 2627 2381 2658 sequere-

1310 2672 1324 2687 2>
1347 2667 1416 2699 tur,
1440 2661 1466 2691 si
1490 2662 1530 2691 ad
1553 2669 1698 2692 centrum
1729 2672 1863 2703 corpora
1891 2662 1995 2702 gravia
2019 2671 2085 2692 non
2109 2661 2316 2701 pervenirent.
2349 2662 2381 2692 Si

1310 2716 1325 2731 >
1348 2705 1444 2736 etiam
1468 2706 1650 2737 naturaliter
1673 2713 1753 2737 terra
1777 2707 1857 2737 circa
1880 2713 2025 2737 centrum
2044 2713 2124 2736 esset
2148 2716 2296 2744 concava,
2314 2716 2380 2736 non

1310 2761 1325 2776 »
1348 2757 1456 2790 posset
1479 2750 1629 2790 assignari
1653 2751 1802 2782 naturalis
1825 2761 1928 2789 causa,
1945 2761 2026 2791 quae
2045 2756 2170 2781 tantum
2187 2750 2313 2790 pondus
2328 2761 2380 2780 su-

1311 2806 1325 2820 »
1349 2794 1484 2825 stineret.
1519 2795 1552 2826 Si
1585 2802 1693 2826 autem
1725 2795 1839 2826 dicitur
1866 2796 1928 2826 hoc
1963 2805 2028 2825 esse
2057 2794 2263 2832 miraculose3
2293 2794 2380 2824 nulla

1311 2850 1325 2865 »
1348 2839 1476 2869 subesse
1499 2839 1623 2870 videtur
1646 2840 1790 2870 miraculi
1814 2840 1903 2870 ratio.
1933 2839 2132 2879 Praeparatio
2157 2838 2242 2868 enim
2265 2838 2380 2868 inferni

1310 2894 1325 2909 »
1348 2884 1386 2914 ab
1411 2884 1503 2914 initio
1526 2884 1639 2914 mundi
1656 2884 1726 2922 fuit,
1751 2884 1927 2915 secundum
1942 2883 2021 2913 illud
2042 2883 2152 2913 Esaiae
2174 2893 2233 2912 xxx
2250 2880 2292 2924 (v.
2308 2881 2378 2925 33):

1310 2941 1324 2955 ⁷>
1347 2929 1550 2968 Praeparata
1574 2934 1621 2959 est
1644 2929 1684 2959 ab
1707 2929 1778 2959 heri
1804 2929 1932 2968 Topket‚
1953 2928 2129 2958 secundum
2149 2927 2379 2967 expositionem

1310 2986 1324 3000 »
1348 2973 1480 3004 Glossae
1505 2971 1638 3014 (vallem
1670 2974 1788 3013 Tophet
1809 2973 2017 3013 intelligentis
2040 2971 2220 3011 inferorum
2237 2971 2377 3013 locum).

1310 3030 1324 3045 »
1348 3018 1383 3047 In
1407 3017 1510 3058 prima
1534 3025 1641 3048 autem
1665 3027 1771 3047 rerum
1798 3016 1995 3047 institutione
2019 3026 2085 3045 non
2110 3022 2156 3045 est
2179 3015 2379 3045 consideran-

1311 3075 1325 3089 »
1348 3062 1427 3092 dum
1443 3062 1521 3102 quid
1544 3062 1631 3093 Deus
1655 3062 1757 3102 possit
1772 3062 1887 3099 facere3
1912 3060 1967 3090 sed
1982 3060 2060 3101 quid
2077 3066 2187 3090 natura
2203 3069 2309 3089 rerum
2324 3060 2379 3089 ha—

1310 3119 1324 3134 »
1348 3107 1419 3136 beat
1436 3113 1472 3137 ut
1488 3106 1531 3136 sic
1547 3106 1611 3144 fiat,
1623 3106 1704 3137 sicut
1718 3106 1792 3136 dicit
1810 3104 2008 3145 Augustinus
2024 3104 2050 3134 ΙΙ
2066 3113 2161 3144 super
2175 3103 2324 3134 Genesim
2339 3104 2379 3134 ad

1311 3163 1325 3178 »
1347 3151 1483 3181 litteram
1508 3148 1623 3192 (capite
1647 3162 1675 3188 1,
1698 3160 1787 3180 num.
1805 3148 1849 3192 2).
1873 3150 1947 3179 Non
1967 3155 2074 3178 autem
2098 3148 2211 3178 dicitur
2234 3147 2379 3178 Christus

1311 3208 1325 3223 ³>
1349 3195 1546 3225 descendisse
1569 3195 1613 3225 ad
1636 3195 1764 3235 infimas
1787 3201 1889 3234 partes
1912 3200 2026 3230 terrae;
2050 3193 2106 3222 sed
2124 3192 2167 3222 ad
2191 3192 2379 3233 inferiores:

1311 3253 1326 3267 >>
1349 3239 1388 3269 ad
1405 3239 1495 3270 cuius
1505 3239 1668 3270 veritatem
1683 3238 1798 3269 sufficit
1815 3238 2088 3279 qualitercumque
2109 3236 2271 3267 inferiores
2286 3236 2379 3266 nobis

1310 3297 1325 3311 »
1348 3283 1502 3314 dicantur.
1514 3295 1529 3310 »

1376 3328 1413 3357 ΙΙ.
1439 3326 1589 3367 Sequitur
1612 3327 1819 3367 Opusculum
1842 3326 1874 3356 in
1899 3325 2036 3356 editione
2060 3325 2206 3355 Romana
2229 3323 2378 3354 duodeci-

1308 3381 1410 3408 mum,
1431 3371 1520 3411 quod
1536 3378 1583 3401 est
1599 3371 1775 3411 Responsio
1801 3371 1846 3401 ad
1866 3371 2030 3400 Lectorem
2053 3369 2247 3399 bisuntinum
2267 3368 2307 3397 de
2319 3377 2379 3398 sex

1307 3415 1465 3445 articulis.
1490 3414 1676 3444 Genuinum
1691 3414 1786 3454 Opus
1809 3420 1963 3444 testantur
1980 3419 2098 3443 veteres
2121 3421 2243 3441 omnes.
2266 3411 2378 3451 Incipit

1307 3459 1403 3489 illud:
1431 3458 1607 3488 Carissimo
1630 3458 1691 3488 sibi
1713 3460 1745 3488 in
1768 3458 1895 3488 Christo
1910 3457 2020 3498 fratri
2040 3456 2187 3486 Ger-ardo
2205 3456 2378 3486 Bisuntino

1311 3502 1445 3533 Ordinis
1458 3502 1609 3542 fratrum
1633 3502 1908 3532 Praedicatorum.
1932 3500 2128 3531 Vesontione
2152 3500 2185 3530 in
2204 3499 2313 3530 Galliis
2328 3510 2377 3530 sa-

1308 3557 1374 3577 cras
1397 3546 1513 3576 litteras
1533 3546 1673 3576 tradebat
1698 3545 1825 3576 sodalis.
1851 3545 2008 3576 Iudicium
2024 3544 2171 3575 Thomae
2187 3543 2320 3584 exquirit
2339 3544 2378 3574 de

1308 3590 1511 3631 quibusdam,
1536 3600 1618 3630 quae
1641 3590 1851 3630 vulgabantur
1874 3600 1891 3620 e
1915 3595 2076 3629 suggestu,
2095 3588 2278 3627 historiolis,
2302 3598 2378 3628 pru-

1308 3636 1448 3676 densque
1472 3634 1641 3665 consilium
1665 3634 1752 3674 petit.

2201 3695 2233 3719 30
