2788 4204
90 704 101 714 ⁸
115 710 143 725 o:
159 705 260 730 oportet.

91 764 98 771 “
111 768 138 783 o:
151 762 174 782 in
186 767 228 782 suo
244 763 300 781 toto.

90 815 101 825 ⁸
116 821 156 835 AB:
173 816 263 836 tamen.
280 816 301 833 et

91 847 139 862 om.
157 840 284 870 aliquidgi
296 847 300 860 :

89 868 158 888 etiam
168 875 176 892 ,-
190 874 217 888 x:
232 872 302 890 emm,-

88 900 120 915 (m
135 899 183 915 om.

182 1618 200 1643 [J-

86 1711 94 1721 ³
104 1710 174 1731 Num.
189 1716 237 1737 seq.

184 2152 197 2167 ν

88 2258 96 2265 ·
106 2257 215 2278 Termino
221 2263 269 2278 om.
278 2263 299 2277 Λ.

332 239 405 275 252

329 321 365 356 A
379 326 404 366 ι;
426 331 523 368 quae
542 326 671 354 tamen
692 313 917 363 supponitur
936 324 1016 348 esse
1033 311 1135 355 falsa,
1152 315 1283 357 utpote
1305 319 1394 343 con-

330 373 440 410 traria
456 372 543 409 huic
558 369 801 407 immediatae
817 364 1085 415 propositioni:
1103 363 1222 399 Omne
1235 363 1271 397 Β
1285 360 1393 397 estA.

382 438 419 473 4.
441 424 588 462 Deinde
616 435 703 459 cum
733 420 840 458 dicit:
862 419 936 454 Sed
962 424 997 454 et
1023 428 1107 453 eam
1129 423 1210 461 etc.,
1233 413 1397 450 ostendit

331 479 529 528 quomodo
559 477 683 514 minor
711 474 756 511 sit
782 485 885 518 vera,
917 470 1055 507 maiori
1082 469 1261 505 existente
1291 467 1393 502 falsa.

331 534 380 569 Et
399 532 486 569 dicit
505 538 518 551 κ
546 530 650 578 quod
670 526 877 576 propositio
901 525 993 569 C-B,
1016 522 1155 559 scilicet
1174 522 1310 566 minor,
1327 531 1394 568 po-

330 593 400 623 test
429 597 509 621 esse
537 595 649 626 vera,
681 592 767 616 cum
797 579 920 615 maior
949 577 994 612 sit
1022 577 1124 612 falsa.
1157 575 1258 620 Quia
1291 573 1394 610 enim

330 640 424 676 haec
456 635 686 686 propositio:
727 633 846 669 Omne
873 633 908 667 Β
935 636 989 666 est
1014 631 1071 674 A,
1107 628 1212 665 cuius
1246 634 1394 663 contra-

331 693 384 729 ria
413 692 525 728 debet
541 691 559 710 ‘⁴²²
590 686 776 731 concludi,
808 692 862 721 est
890 683 1122 729 immediata,
1154 693 1310 718 necesse
1340 687 1396 716 est

330 746 433 793 quod
453 745 482 779 B
512 742 557 778 sit
585 741 621 777 in
642 742 676 776 A
705 739 799 775 sicut
818 750 905 787 pars
925 737 964 774 in
983 744 1062 773 toto
1081 737 1111 781 *,
1133 734 1228 772 sicut
1255 734 1394 770 albedo

329 799 366 834 in
397 798 533 834 colore.
564 796 693 830 Potest
712 799 840 829 autem
862 792 882 812 ’⁵‘
911 790 1031 839 accipi
1060 788 1202 838 aliquid
1223 787 1336 834 aliud,
1354 787 1393 823 in

328 864 404 900 quo
426 850 539 886 etiam
569 847 614 883 sit
633 848 663 883 B
693 846 787 882 sicut
812 845 850 881 in
879 852 970 890 toto,
993 856 1071 880 non
1099 851 1229 879 tamen
1259 841 1394 877 imme-

329 905 442 950 diate,
471 912 505 938 et
527 901 572 937 sit
591 899 681 936 illud
707 899 874 947 qualitas,
900 910 998 946 quae
1018 897 1064 934 sit
1084 897 1126 933 C.
1150 897 1317 932 Necesse
1339 901 1395 930 est

329 970 428 1004 ergo,
459 955 671 992 secundum
694 951 899 1002 praedicta,
920 952 1026 1000 quod
1045 951 1185 987 horum
1214 950 1392 993 duorum,

327 1011 463 1047 scilicet
482 1011 517 1045 A
546 1015 582 1044 et
602 1008 644 1053 C,
666 1007 826 1043 alterum
851 1006 896 1042 sit
924 1006 995 1042 sub
1015 1005 1144 1050 altero,
1167 1003 1262 1040 idest
1290 1002 1395 1038 color

327 1065 396 1101 sub
412 1062 600 1112 qualitate.
624 1060 663 1097 Si
684 1072 772 1107 ergo
794 1059 927 1108 aliquis
947 1058 1106 1107 accipiat
1124 1059 1158 1094 A
1179 1057 1216 1093 in
1238 1056 1340 1092 nullo
1362 1055 1392 1091 C

328 1129 420 1163 esse,
450 1123 491 1152 ut
517 1122 626 1164 puta,
658 1114 687 1150 si
717 1113 830 1150 dicat:
861 1112 981 1149 Nulla
1010 1112 1170 1160 qualitas
1198 1115 1253 1146 est
1278 1109 1393 1153 color,

326 1171 417 1207 falsa
438 1169 506 1206 erit
532 1167 754 1217 propositio.
785 1167 920 1202 M'nor
939 1173 1068 1202 autem
1090 1165 1158 1201 erit
1175 1176 1278 1210 vera,
1301 1162 1394 1199 scili-

327 1232 401 1260 cet:
436 1223 566 1260 Omnis
593 1221 724 1258 albedo
753 1225 808 1256 est
833 1220 1002 1268 qualitas.
1035 1218 1240 1255 Conclusio
1266 1224 1394 1253 autem

327 1277 394 1314 erit
409 1277 512 1322 falsa,
535 1283 571 1312 et
590 1273 834 1312 immediatae
855 1272 1042 1310 contraria
1056 1270 1079 1318 λ,
1097 1271 1252 1309 scilicet:
1273 1269 1394 1307 Nulla

325 1330 457 1368 albedo
473 1335 527 1366 est
543 1329 658 1365 color.
677 1327 739 1364 Sic
757 1339 845 1374 ergo
866 1327 1110 1363 manifestum
1132 1333 1187 1362 est
1201 1324 1307 1374 quod
1326 1335 1395 1372 po-

325 1391 396 1421 test
424 1383 506 1420 fieri
525 1382 765 1431 syllogismus
790 1380 1023 1428 ignorantiae
1045 1379 1243 1426 negativus
1264 1377 1301 1413 in
1320 1376 1394 1425 pri-

325 1450 390 1475 ma
410 1438 542 1484 figura,
564 1444 599 1472 et
618 1437 731 1472 altera
750 1433 1010 1483 propositione
1031 1432 1122 1469 falsa
1151 1439 1187 1469 et
1214 1431 1394 1478 utrisque.

384 1492 415 1528 5.
446 1490 595 1526 Deinde
617 1501 704 1525 cum
731 1487 834 1524 dicit:
866 1487 940 1523 Sed
957 1487 993 1523 in
1014 1486 1138 1522 media
1150 1487 1290 1534 figura
1311 1490 1394 1530 ete.,

327 1543 491 1581 ostendit
519 1542 718 1592 quomodo
739 1541 981 1589 syllogismus
1000 1539 1234 1588 ignorantiae
1254 1537 1395 1584 negati-

325 1610 398 1635 vus
418 1598 484 1634 fiat
499 1597 536 1634 in
552 1596 720 1634 secunda
735 1596 867 1643 figura.
886 1595 935 1631 Et
949 1594 1074 1643 primo
1085 1600 1115 1640 μ,
1129 1592 1284 1642 quando
1295 1598 1394 1628 utra—

327 1664 402 1700 que
422 1659 478 1688 est
501 1652 610 1696 falsa;
628 1649 810 1695 secundo,
827 1648 983 1698 quando
1004 1648 1120 1684 altera
1139 1654 1303 1690 tantum;
1326 1644 1393 1682 ibi:

328 1705 504 1746 Similiter
532 1710 656 1742 autem
677 1709 713 1740 et
729 1703 888 1741 alteram
909 1714 987 1739 esse
1000 1701 1149 1750 falsam
1165 1701 1186 1722 *
1206 1707 1274 1736 etc.
1296 1698 1396 1736 Dicit

327 1771 416 1806 ergo
445 1759 571 1808 primo
601 1758 706 1807 quod
735 1757 773 1794 in
806 1757 933 1794 media
958 1756 1080 1804 figura
1108 1767 1186 1791 non
1217 1752 1396 1800 contingit

326 1819 506 1862 utrasque
534 1811 815 1862 propositiones
845 1823 928 1847 esse
957 1817 1054 1846 totas
1083 1809 1204 1845 falsas.
1235 1808 1284 1844 Et
1309 1806 1397 1844 dicit

326 1874 423 1903 totas
451 1867 561 1904 falsas
590 1866 680 1911 illas,
702 1877 801 1914 quae
830 1871 917 1902 sunt
937 1863 1147 1900 contrariae
1167 1860 1396 1911 propositio-

327 1920 438 1956 nibus
457 1920 569 1958 veris.
598 1920 647 1956 Et
666 1920 740 1956 hoc
754 1919 902 1968 probat.
938 1917 1040 1965 Quia
1060 1929 1149 1954 cum
1185 1916 1395 1953 debeamus

327 1974 556 2011 concludere
585 1973 801 2021 negativam
826 1973 959 2009 falsam
981 1971 1208 2008 contrariam
1230 1970 1396 2006 affirma-

326 2028 426 2064 tivae
446 2027 702 2074 immediatae,
720 2039 876 2064 necesse
897 2034 953 2063 est
973 2025 1146 2074 accipere
1169 2024 1275 2073 quod
1301 2024 1397 2060 haec

327 2081 373 2118 sit
399 2094 492 2119 vera
512 2089 548 2118 et
563 2081 795 2127 immediata,
817 2081 936 2118 Omne
954 2082 989 2117 Β
1008 2085 1063 2116 est
1078 2080 1126 2125 A,
1142 2085 1245 2127 puta,
1268 2077 1397 2115 Omnis

327 2135 458 2173 albedo
478 2141 532 2172 est
549 2135 663 2172 color.
686 2135 749 2171 Sic
768 2142 897 2171 autem
916 2139 928 2154 ⁹
953 2147 994 2170 se
1017 2132 1246 2171 habentibus
1269 2130 1395 2168 termi-

326 2189 395 2235 nis,
426 2202 504 2226 non
532 2196 657 2237 potest
676 2188 837 2225 inveniri
858 2188 991 2237 aliquis
1020 2187 1171 2224 medius
1196 2185 1395 2231 terminus,

327 2243 390 2291 qui
419 2242 684 2280 universaliter
712 2242 951 2291 praedicetur
987 2241 1142 2283 deuno
1171 2240 1336 2277 termino
1355 2239 1394 2284 *,

327 2304 363 2332 et
381 2296 645 2334 universaliter
665 2301 911 2334 removeatur
931 2296 978 2333 ab
1000 2296 1129 2332 altero.
1151 2295 1278 2331 Detur¹
1294 2292 1394 2330 enim

327 2351 433 2399 quod
470 2350 530 2387 ille
567 2349 751 2387 terminus
786 2351 817 2387 C
855 2349 1120 2387 universaliter
1152 2354 1399 2385 removeatur

328 2404 375 2441 ab
396 2406 441 2451 A,
464 2412 500 2441 et
526 2403 788 2441 universaliter
814 2403 1054 2452 praedicetur
1074 2403 1122 2440 de
1141 2402 1189 2448 B;
1220 2401 1288 2439 erit
1307 2413 1397 2449 ergo

327 2458 423 2494 haec
452 2470 565 2494 vera:
594 2457 755 2494 Nullum
779 2458 813 2494 A
839 2463 893 2494 est
915 2458 948 2494 C
954 2471 966 2502 ;
995 2469 1113 2506 quare
1147 2464 1184 2493 et
1212 2467 1398 2493 conversa

331 2511 400 2548 erit
427 2523 536 2548 vera:
563 2510 725 2547 Nullum
754 2511 788 2547 C
807 2517 862 2548 est
886 2511 941 2555 A,·
965 2510 1032 2547 sed
1057 2510 1176 2547 Omne
1203 2511 1238 2546 Β
1266 2515 1320 2546 est
1347 2509 1395 2559 C,

330 2639 361 2663 Si
379 2645 444 2670 ergo
462 2637 542 2662 etiam
562 2636 627 2661 haec
644 2635 679 2660 sit
698 2642 762 2660 vera
776 2640 838 2660 etc.:
859 2635 930 2666 quod
946 2634 993 2659 dici
1008 2635 1104 2666 nequit,
1120 2634 1168 2659 nisi
1181 2635 1207 2659 in
1223 2635 1307 2668 prima
1325 2640 1398 2668 parte

330 2674 441 2699 dicatur:
462 2673 552 2697 Datur
570 2675 660 2696 autem
679 2671 743 2696 haec
762 2678 816 2696 esse
836 2678 907 2698 vera,
928 2676 953 2695 et
972 2678 1023 2694 non
1036 2670 1119 2704 salsa.

384 2705 402 2743 ι)
423 2709 531 2733 Nullum
552 2708 576 2732 Β
590 2710 629 2732 est
646 2708 686 2735 A,·
704 2713 772 2739 quae
785 2709 872 2731 tamen
894 2711 942 2730 etc.
952 2720 972 2724 -
982 2706 1028 2730 Est
1043 2705 1118 2730 lectio
1132 2706 1250 2730 omnium
1270 2706 1396 2735 codicum,

330 2754 382 2770 uno
401 2744 425 2769 G
444 2749 564 2776 excepto;
584 2743 618 2767 P:
637 2743 747 2767 Nullum
767 2742 791 2766 B
809 2745 849 2767 est
866 2743 899 2766 A.
921 2741 999 2771 Quod
1015 2744 1103 2766 tamen
1118 2745 1158 2766 est
1172 2741 1356 2766 inconveniens
1371 2741 1397 2766 in

329 2780 486 2815 syllogismo
501 2778 679 2812 ignorantiae,
695 2778 740 2811 qui
755 2778 830 2802 debet
843 2777 1000 2802 concludere
1007 2777 1124 2810 salsam,·
1139 2784 1206 2809 quae
1220 2780 1307 2802 tamen
1324 2782 1400 2802 etc.—

329 2816 415 2841 Verba
434 2815 496 2840 haec
516 2815 642 2839 habentur
660 2813 737 2838 etiam
757 2813 782 2837 in
797 2813 855 2838 edd.
870 2813 976 2838 Venetis
991 2812 1086 2837 saeculi
1105 2813 1166 2843 XV,
1191 2820 1293 2837 necnon
1312 2812 1337 2837 in
1356 2820 1398 2837 co-

330 2853 386 2877 dice
405 2851 594 2876 G.-Attamen
613 2849 739 2874 sententia
764 2849 847 2880 magis
871 2848 1006 2881 perspicua
1032 2853 1071 2872 est
1090 2848 1111 2872 si
1132 2848 1313 2880 propositioni,
1333 2848 1399 2872 Nul-

330 2889 384 2913 lum
405 2887 428 2911 Β
446 2889 486 2912 est
504 2887 535 2914 A,
558 2886 705 2910 immediate
725 2889 899 2915 connectatur,
913 2891 980 2917 quae
993 2887 1082 2908 tamen
1101 2883 1262 2915 supponitur
1277 2889 1324 2908 etc.
1344 2884 1399 2908 Hac

330 2923 406 2955 igitur
425 2923 457 2947 de
476 2929 561 2951 causa,
581 2927 606 2946 ct
626 2926 708 2945 stante
730 2921 847 2945 codicum
866 2920 1048 2950 unanimitate,
1067 2920 1180 2952 praefata
1198 2919 1277 2944 verba
1296 2927 1310 2944 a
1329 2924 1399 2944 textu

331 2959 511 2991 expungimus.

384 2990 409 3028 κ)
432 2994 467 3018 Et
485 2993 550 3018 dicit
569 2993 691 3017 ete—A:
712 2992 748 3017 Et
766 2991 882 3016 ostendit
899 2996 959 3021 etc.;
979 2991 1017 3015 G:
1037 2990 1108 3023 quod
1117 2990 1282 3022 propositio,
1301 2990 1400 3016 scilicet

334 3030 397 3054 C—-B
416 3029 518 3058 minor;
537 3029 573 3053 H:
593 3028 665 3060 quod
680 3027 831 3060 propositio
849 3027 917 3051 &C
927 3027 1015 3051 minor
1029 3032 1091 3056 etc.;
1114 3026 1138 3051 l:
1157 3026 1228 3058 quod
1239 3026 1398 3058 propositio,

331 3065 428 3090 scilicet
447 3065 519 3094 B-C,
539 3063 563 3088 si
578 3066 667 3095 potest
682 3063 904 3088 esse.—-Formula
923 3062 983 3086 B-C
1003 3062 1085 3094 magis
1105 3061 1221 3086 ordinate
1240 3069 1318 3094 quam
1339 3061 1399 3086 0-ss

332 3101 449 3125 enunciat
463 3099 667 3132 propositionem
683 3099 811 3123 minorem
831 3098 992 3130 suppositam
1013 3098 1038 3122 in
1054 3097 1266 3130 praecedentibus
1280 3098 1400 3130 syllogis-

331 3136 395 3166 mis,
415 3141 439 3160 et
453 3143 520 3167 quae
532 3134 572 3159 hic
590 3135 682 3160 iterum
697 3135 814 3166 ponitur:
834 3141 911 3158 omne
925 3134 948 3158 Β
961 3136 1000 3158 est
1018 3134 1045 3158 C.
1060 3134 1182 3158 Attamen
1201 3133 1398 3165 dispositionem

332 3172 392 3196 0-ss
411 3171 516 3201 retineo,
531 3170 591 3203 quia
610 3178 667 3195 eam
687 3170 782 3194 habent
798 3170 913 3200 codices,
926 3169 1014 3194 versio
1034 3174 1121 3193 nostra
1140 3169 1231 3200 latina,
1247 3174 1273 3193 et
1290 3169 1400 3201 ipsemet

332 3212 417 3231 textus
437 3214 552 3238 graecus.

386 3243 413 3266 ln
431 3242 480 3266 hoc
499 3249 608 3266 numero
627 3241 751 3273 probatur
770 3240 859 3265 ultima
879 3248 938 3273 pars
958 3240 1033 3272 primi
1053 3239 1162 3265 membri
1182 3239 1259 3264 huius
1274 3239 1399 3270 lectionis,

333 3278 403 3310 quod
423 3282 462 3302 est
481 3277 513 3301 de
532 3277 686 3309 syllogismo
705 3277 862 3308 ignorantiae
877 3276 996 3307 negativo
1015 3277 1041 3300 in
1059 3276 1142 3308 prima
1161 3275 1250 3307 figura,
1270 3283 1324 3308 quo
1339 3283 1399 3300 con-

333 3313 442 3338 cluditur
461 3313 565 3337 falsum.
575 3326 594 3331 —-
604 3312 776 3344 Syllogismus
797 3312 865 3336 enim
880 3312 928 3336 iste
943 3317 1028 3343 potest
1047 3311 1192 3343 negativam
1207 3311 1400 3336 conclusionem

333 3348 424 3373 falsam
443 3348 535 3372 inferre
559 3356 579 3372 1.
600 3356 630 3372 ex
649 3347 749 3372 duabus
768 3347 917 3379 praemissis
942 3347 1013 3372 falsis
1033 3348 1070 3379 (n.
1086 3348 1135 3379 2.);
1152 3354 1175 3372 2.
1190 3355 1221 3371 ex
1235 3347 1325 3371 maiori
1339 3354 1401 3371 vera

334 3389 359 3408 et
378 3384 469 3407 minori
489 3384 551 3408 saisa
571 3381 606 3419 (n.
624 3379 665 3417 3);
688 3383 710 3408 3.
731 3391 760 3407 ex
775 3383 864 3407 maiori
884 3382 948 3407 falsa
967 3387 992 3407 et
1011 3383 1103 3407 minori
1122 3390 1183 3407 vera
1199 3381 1236 3418 (n.
1250 3378 1289 3417 4).
1309 3383 1400 3407 Exclu-

335 3419 401 3443 ditur
411 3424 497 3444 autem
512 3419 668 3450 possibilitas
683 3419 828 3451 syllogismi
844 3418 1001 3450 ignorantiae
1016 3426 1045 3443 ex
1061 3418 1161 3443 duabus
1172 3419 1322 3450 praemissis
1332 3418 1400 3443 veris

336 3452 372 3489 (n.
389 3454 411 3483 3,
432 3451 574 3488 Secundo),
594 3454 655 3486 quia
674 3462 704 3478 ex
722 3455 790 3478 veris
810 3462 862 3478 non
880 3459 966 3486 potest
985 3453 1080 3478 falsum
1100 3454 1227 3478 concludi.

388 3488 417 3520 λ)
432 3490 466 3514 Et
481 3489 650 3514 immediatae
663 3489 810 3514 contraria.
821 3503 839 3508 -
849 3489 932 3513 Cod.1
947 3490 1008 3521 legit
1022 3493 1048 3514 et
1063 3489 1219 3514 immediata
1233 3489 1386 3514 contrariae
1393 3495 1402 3518 ‚·

336 3525 382 3548 sed
401 3524 463 3548 haec
486 3525 560 3548 lectio
580 3533 630 3549 non
649 3525 750 3549 videtur
773 3525 936 3556 acceptanda.
962 3525 1055 3549 Sermo
1075 3525 1143 3549 enim
1163 3530 1203 3549 est
1222 3524 1247 3549 in
1273 3525 1401 3556 praesenti

336 3560 444 3584 lectione
463 3560 495 3583 de
509 3560 662 3591 syllogismo
677 3560 853 3592 ignorantiae,
870 3567 915 3591 per
930 3567 1009 3591 quem
1030 3560 1191 3584 concluditur
1206 3561 1323 3591 negativa
1337 3559 1401 3584 falsa

335 3595 472 3620 contraria
492 3594 655 3619 affirmativae
681 3595 858 3619 immediatae.
878 3595 902 3619 Ο
921 3602 974 3619 om.
993 3595 1148 3624 contraria,·
1167 3595 1226 3619 BH:
1247 3595 1402 3620 immediata

918 229 1305 268 POSTERIORUM
1330 225 1761 262 ANALYTICORUM
1789 225 1883 261 LlB.
1916 226 1929 261 I

1452 321 1541 356 ergo
1557 308 1718 345 Nullum
1733 310 1769 344 B
1783 315 1837 345 est
1848 310 1904 353 A,·
1923 309 2030 346 cuius
2046 310 2279 348 contrarium
2294 312 2362 349 fuit
2380 325 2521 363 suppo-

1452 362 1577 398 situm.
1605 361 1783 398 Similiter
1797 363 1817 383 '¹‘
1838 362 1952 399 etiam
1967 375 2046 399 non
2060 371 2186 412 potest
2202 377 2285 401 esse
2309 366 2415 415 quod
2438 367 2520 404 uni·
2549 376 2592 423 >¹²
2616 375 2647 397 Et
2664 377 2726 402 sint..-
2740 382 2765 397 e-

1450 414 1647 452 versaliter
1675 423 1920 452 removeatur
1939 428 1961 452 a
1979 417 2010 452 B
2031 414 2055 464 ἔ,
2079 425 2115 454 et
2133 417 2396 456 universaliter
2413 432 2522 468 prae·
2560 408 2607 423 mm
2622 409 2670 461 οἳ
2684 409 2723 425 π’

1452 468 1597 505 dicetur
1613 468 1660 504 de
1675 470 1722 515 A;
1743 469 1832 518 quia
1851 469 1881 506 si
1896 470 1992 506 haec
2012 477 2068 506 est
2081 483 2192 507 vera:
2214 472 2333 509 Omne
2350 473 2388 509 A
2406 478 2461 510 est
2477 475 2518 520 C,

1451 529 1488 558 et
1507 533 1695 559 conversa
1714 523 1783 559 erit
1801 535 1912 560 vera:
1934 523 2130 565 Quoddam
2152 526 2185 561 C
2200 530 2255 561 est
2265 526 2312 562 A.
2331 525 2371 562 Si
2392 534 2520 563 autem

1449 576 1546 611 haec
1574 582 1630 611 est
1656 587 1769 612 vera:
1799 576 1960 613 Nullum
1980 578 2016 613 Β
2043 583 2098 614 est
2119 579 2160 624 C,
2183 585 2219 614 et
2248 591 2434 616 conversa
2455 580 2523 617 erit

1449 641 1558 665 vera:
1574 628 1736 665 Nullum
1762 630 1796 666 C
1806 635 1862 666 est
1877 631 1922 666 B.
1941 630 2004 666 Sic
2023 643 2114 679 ergo
2135 644 2180 667 ex
2195 631 2252 668 his
2269 632 2418 669 duabus
2432 645 2520 682 pro-

1448 682 1718 730 positionibus:
1747 683 1945 724 Quoddam
1970 685 2003 720 C
2028 690 2081 720 est
2098 685 2153 729 A;
2171 685 2333 722 Nullum
2354 687 2387 723 C
2403 692 2457 723 est
2469 688 2523 731 B,-

1450 735 1629 784 sequitur,
1656 736 1854 777 Quoddam
1873 738 1909 772 B
1936 748 2011 773 non
2031 743 2086 773 est
2101 739 2148 784 A,
2179 751 2278 787 quae
2299 747 2355 776 est
2374 747 2520 777 contra-

1450 788 1607 825 dictoria
1636 789 1728 836 eius,
1759 801 1859 838 quae
1888 791 2189 839 supponebatur,
2215 792 2335 829 Omne
2353 795 2388 829 B
2407 799 2462 829 est
2472 795 2519 830 A.

1449 841 1690 891 Relinquitur
1728 854 1816 890 ergo
1858 844 1964 891 quod
1996 843 2233 892 impossibile
2272 853 2328 882 est
2360 846 2521 883 inveniri

1450 895 1605 944 aliquod
1625 895 1811 943 medium,
1829 897 1946 945 quod,
1967 897 2163 945 praedicto
2180 898 2300 935 modo
2317 910 2358 935 se
2377 900 2521 937 haben-

1450 949 1549 985 tibus
1568 951 1603 985 A
1624 956 1661 985 et
1679 950 1728 996 B,
1751 949 1799 985 de
1827 962 1906 986 uno
1935 951 2195 999 praedicetur,
2222 960 2259 988 et
2286 952 2334 988 ab
2359 953 2433 989 alio
2463 966 2519 990 re-

1449 1010 1663 1039 moveatur.
1695 1003 1744 1039 Et
1771 1010 1902 1039 tamen
1932 1011 2092 1052 oportet,
2124 1004 2155 1041 si
2179 1005 2317 1042 debeat
2338 1006 2422 1042 fieri
2448 1008 2520 1056 syl-

1449 1056 1630 1105 logismus
1659 1056 1698 1092 in
1724 1057 1888 1093 secunda
1901 1058 2059 1107 figura,
2079 1065 2121 1094 ut
2141 1059 2161 1079 ⁵⁴²
2189 1059 2354 1095 medium
2376 1059 2423 1096 de
2441 1073 2521 1097 uno
2549 1076 2763 1104 «eodm-mma.

1450 1118 1709 1146 extremorum
1737 1110 1978 1158 praedicetur
1995 1111 2025 1158 *,
2047 1118 2083 1148 et
2102 1112 2150 1149 de
2179 1112 2252 1148 alio
2281 1120 2450 1161 negetur.
2472 1114 2521 1150 Et
2549 1125 2588 1146 ἰτ
2603 1123 2741 1153 affirmetur-

1449 1163 1535 1200 ideo
1557 1164 1587 1200 si
1607 1164 1745 1200 ambae
1765 1171 1852 1200 sunt
1868 1166 1886 1183 '⁴⁹
1906 1164 2020 1201 falsae
2040 1165 2212 1213 totaliter,
2240 1174 2390 1215 oportet
2415 1168 2522 1217 quod
2549 1183 2611 1203 *mn
2627 1182 2683 1204 mr.

1450 1229 1583 1254 earum
1605 1217 1813 1254 contrariae
1829 1217 1902 1254 sint
1915 1230 2048 1265 verae3
2070 1220 2176 1268 quod
2196 1227 2252 1256 est
2269 1220 2518 1269 impossibile,

1448 1278 1491 1307 ut
1516 1272 1723 1320 probatum
1744 1278 1810 1308 est.
1842 1271 1945 1308 Nihil
1965 1279 2095 1309 tamen
2114 1274 2134 1294 '⁸
2160 1273 2340 1322 prohibet
2375 1281 2518 1311 utram·
2548 1287 2722 1320 &coda-m:
2741 1294 2764 1310 ε.

1450 1337 1525 1373 que
1539 1324 1843 1373 propositionem
1860 1337 1944 1362 esse
1958 1326 2091 1363 falsam
2110 1326 2393 1376 particulariter.
2410 1328 2519 1376 Puta,
2549 1321 2604 1336 ''m''
2730 1371 2736 1373 ξ

1450 1378 1480 1414 si
1495 1378 1728 1427 accipiamus
1743 1378 1941 1427 quoddam
1953 1380 1972 1399 '¹‘
1989 1380 2174 1429 medium,
2196 1381 2302 1430 quod
2320 1382 2519 1430 particula-
2547 1395 2558 1405 ⁴
2570 1396 2607 1415 10:
2621 1393 2726 1422 ataeqwa.

1450 1430 1537 1468 riter
1563 1432 1803 1480 praedicetur
1831 1433 1879 1469 de
1898 1435 1933 1469 A
1953 1440 1990 1469 et
2018 1434 2112 1470 deB
2128 1436 2159 1482 *,
2189 1442 2282 1483 puta
2310 1436 2519 1482 masculus,
2548 1451 2765 1474 *metaneae

1450 1485 1556 1533 quod
1574 1486 1594 1506 *
1612 1486 1883 1534 particulariter
1903 1487 2144 1534 praedicatur
2171 1488 2219 1525 de
2239 1488 2394 1526 animali
2414 1497 2451 1526 et
2470 1490 2519 1527 de
2548 1477 2762 1536 ffe‘ffiiss'e'd‘d

1449 1538 1619 1576 homine.
1638 1539 1678 1576 Si
1694 1551 1784 1587 ergo
1799 1539 2038 1588 *accipiatur
2057 1542 2088 1578 C
2105 1554 2187 1579 esse
2203 1542 2241 1579 in
2257 1543 2364 1579 omni
2382 1544 2434 1590 A,
2449 1555 2520 1592 pu·
2548 1533 2763 1580 letigum..

1450 1600 1502 1641 ta,
1529 1593 1559 1629 si
1581 1593 1831 1642 accipiamus:
1853 1593 1973 1630 Omne
1991 1595 2137 1632 animal
2155 1608 2234 1632 esse
2247 1597 2268 1617 *
2287 1596 2522 1641 masculum,·
2547 1610 2558 1620 ·
2573 1616 2610 1631 n:
2626 1611 2669 1632 est.

1450 1654 1487 1682 et
1506 1646 1739 1695 accipiamus
1760 1647 1791 1683 C
1811 1646 1849 1683 in
1869 1648 1973 1684 nullo
1989 1649 2020 1684 B
2041 1661 2142 1697 esse,
2162 1657 2256 1698 puta
2279 1649 2309 1686 si
2329 1649 2520 1687 dicamus:

1449 1701 1590 1737 Nullus
1608 1702 1721 1738 homo
1746 1707 1801 1737 est
1817 1701 2007 1738 masculus
2014 1715 2029 1747 ,·
2055 1710 2216 1752 utraque
2235 1703 2446 1752 propositio
2467 1711 2524 1741 est

1450 1754 1557 1801 falsa,
1588 1767 1667 1791 non
1695 1762 1825 1791 tamen
1853 1755 2034 1802 totaliter,
2064 1757 2133 1794 sed
2160 1757 2443 1806 particulariter.
2474 1758 2523 1795 Et

1451 1808 1588 1845 eadem
1605 1808 1698 1845 ratio
1715 1816 1782 1856 est,
1804 1808 1834 1844 si
1850 1821 1871 1845 e
1892 1822 2080 1847 converso
2096 1811 2116 1832 *
2130 1812 2256 1848 maior
2269 1811 2316 1848 sit
2333 1811 2521 1860 negativa,
2550 1830 2719 1852 mmmm.
2730 1837 2764 1852 1..-

1451 1869 1488 1899 et
1502 1862 1628 1899 minor
1642 1862 1883 1900 affirmativa.
1906 1863 1956 1900 Ut
1969 1863 1999 1900 si
2016 1864 2188 1901 dicamus
2206 1865 2244 1901 *ε
2263 1865 2426 1902 Nullum
2442 1866 2522 1903 ani·
2550 1859 2766 1912 visitati...

1450 1915 1530 1952 mal
1556 1922 1612 1952 est
1636 1916 1866 1961 masculum,·
1898 1917 2029 1954 Omnis
2055 1919 2168 1955 homo
2197 1924 2251 1955 est
2276 1919 2476 1956 masculus.
2551 1909 2607 1932 '¹¹¹¹'

1505 1970 1540 2006 6.
1553 1969 1704 2007 Deinde
1719 1982 1808 2007 curn
1825 1970 1928 2007 dicit:
1941 1971 2118 2008 Similiter
2131 1977 2256 2009 autem
2267 1973 2426 2010 alteram
2438 1980 2522 2020 etc.,

1451 2023 1616 2060 ostendit
1644 2025 1844 2073 quomodo
1875 2025 2056 2072 contingit
2083 2025 2239 2062 alteram
2261 2038 2346 2063 esse
2374 2027 2520 2064 falsam.

1452 2078 1501 2113 Et
1518 2077 1644 2126 primo
1665 2077 1703 2114 in
1724 2077 1894 2114 secundo
1924 2078 2044 2116 modo
2069 2079 2261 2116 secundae
2281 2080 2446 2128 figurae;
2466 2092 2523 2118 se—

1452 2131 1579 2168 cundo
1600 2130 1638 2168 in
1666 2131 1814 2180 primo;
1844 2131 1914 2168 ibi:
1944 2132 2122 2170 Similiter
2140 2138 2266 2170 autem
2282 2135 2338 2182 fit
2353 2139 2523 2184 transpo-

1450 2185 1520 2221 sito
1536 2186 1555 2204 ⁵
1576 2192 1645 2222 etc.
1677 2185 1777 2222 Dicit
1797 2197 1886 2233 ergo
1913 2186 2040 2234 primo
2061 2186 2167 2235 quod
2188 2187 2369 2236 contingit
2393 2187 2433 2225 in
2452 2188 2524 2225 hac
2553 2199 2705 2227 wamm-

1451 2238 1574 2286 figura
1602 2239 1758 2276 alteram
1786 2239 2090 2288 propositionem
2118 2253 2201 2277 esse
2222 2241 2355 2278 falsam
2375 2241 2523 2279 indiffe-

1453 2300 1605 2342 renter„
1619 2305 1874 2342 quaecunque
1894 2293 1940 2330 sit
1965 2293 2026 2331 illa
2043 2295 2074 2331 ²³².
2097 2294 2215 2341 Quod
2238 2302 2342 2343 patet
2361 2307 2407 2332 ex
2435 2295 2522 2343 hoc,
2551 2314 2615 2336 qu.¹
2626 2321 2674 2336 02...
2694 2314 2764 2336 codd.

1453 2346 1542 2396 quia
1580 2359 1668 2383 cum
1703 2354 1942 2396 supponatur
1965 2353 1978 2369 ⁰
2005 2349 2040 2384 A
2063 2358 2202 2396 perse
2229 2356 2267 2386 et
2302 2348 2524 2386 immediate
2650 2365 2664 2382 ο

1452 2400 1661 2449 praedicari
1695 2400 1743 2438 de
1772 2401 1820 2449 B,
1850 2401 2031 2450 quidquid
2056 2407 2111 2438 est
2137 2402 2174 2439 in
2210 2402 2316 2440 omni
2340 2402 2377 2439 A
2404 2408 2460 2440 est
2484 2402 2522 2440 in
2572 2423 2575 2424 ν

1453 2454 1559 2491 omni
1570 2455 1624 2499 B;
1639 2454 1735 2491 sicut
1751 2467 1867 2491 omne
1883 2455 1989 2504 quod
2007 2450 2272 2493 universaliter
2284 2456 2525 2506 praedicatur

1454 2507 1500 2545 de
1530 2507 1696 2553 animali,
1718 2508 1959 2556 praedicatur
1986 2509 2250 2547 universaliter
2278 2509 2326 2547 de
2351 2509 2521 2547 homine.

1451 2635 1606 2664 contraria,·
1625 2636 1659 2660 P:
1679 2635 1832 2661 immediate
1850 2636 1998 2661 contraria.
2014 2649 2034 2654 -
2050 2636 2077 2660 In
2096 2634 2147 2660 fine
2166 2635 2242 2660 huius
2266 2636 2367 2660 numeri
2386 2636 2410 2660 H
2429 2636 2523 2667 omittit

1451 2673 1478 2696 et
1490 2671 1578 2695 altera
1592 2679 1677 2703 usque
1692 2671 1724 2696 ad
1739 2671 1858 2703 utrisque
1871 2671 2009 2701 inclusive;
2024 2671 2073 2696 Gi:
2091 2673 2119 2696 et
2132 2674 2246 2703 utraque
2254 2671 2441 2703 propositione
2448 2671 2524 2706 salsa

1452 2709 1478 2731 et
1496 2706 1591 2731 altera.
1612 2707 1716 2732 Deinde
1735 2711 1798 2738 etc.;
1818 2706 1857 2731 O:
1877 2709 1903 2731 et
1920 2707 2008 2731 altera
2027 2706 2214 2739 propositione
2237 2706 2369 2731 existente
2386 2707 2478 2740 salsa,
2497 2710 2524 2732 et

1453 2741 1580 2773 utrisque.

1507 2774 1534 2811 μ)
1557 2777 1593 2802 Et
1606 2777 1698 2809 primo
1717 2782 1794 2802 etc.·-
1806 2778 1843 2802 A:
1863 2780 1889 2802 et
1908 2777 2000 2809 primo
2018 2778 2126 2810 quando
2149 2777 2282 2810 contingit
2305 2780 2446 2810 utramque
2468 2784 2524 2804 esse

1446 2813 1566 2846 salsam,·
1584 2813 1700 2838 secundo
1719 2813 1826 2845 quando
1845 2813 1959 2838 alteram
1979 2816 2098 2843 tanturm·
2117 2812 2152 2838 ibi
2158 2821 2167 2837 .-
2185 2814 2273 2838 altera
2290 2816 2378 2838 tamen
2398 2820 2454 2838 esse
2465 2813 2523 2847 sa!-

1453 2855 1510 2872 sam
1530 2851 1578 2873 etc.
1592 2861 1612 2868 --
1624 2848 1775 2873 Immediate
1795 2848 1859 2873 infra
1882 2849 2056 2873 inversionem
2082 2849 2197 2873 lectionis
2217 2849 2292 2873 codd.
2312 2849 2446 2881 adoptavi;
2466 2849 2522 2874 PB:

1453 2883 1525 2916 quod
1544 2891 1595 2908 non
1615 2884 1748 2917 contingit
1767 2884 1792 2908 in
1814 2879 1902 2909 r'nedia
1909 2885 2012 2918 figura.
2025 2899 2043 2903 —-
2056 2884 2192 2909 Praeterea
2206 2885 2242 2909 A:
2257 2887 2383 2917 utrasque
2398 2884 2523 2917 proposi-

1454 2919 1539 2944 tiones
1558 2926 1613 2944 esse
1632 2922 1703 2944 totas
1727 2926 1782 2944 esse
1797 2920 1904 2953 salsas,·
1923 2919 1960 2944 G:
1981 2920 2006 2944 in
2028 2922 2084 2945 toto
2103 2926 2158 2945 esse
2174 2920 2280 2953 salsas5
2299 2920 2321 2944 1:
2340 2926 2397 2945 esse
2415 2920 2442 2945 in
2467 2922 2524 2945 toto

1446 2955 1554 2988 salsas,·
1573 2955 1662 2980 KMO:
1682 2957 1753 2980 totas
1771 2962 1827 2980 esse
1837 2956 1944 2988 salsas,-
1964 2955 1986 2980 R
2000 2963 2052 2980 om.
2067 2955 2225 2981 essa-PB:
2246 2955 2282 2980 Et
2294 2955 2361 2980 dicit
2374 2958 2445 2980 totas
2463 2955 2524 2981 illas

1447 2991 1552 3023 salsas‚·
1571 2991 1611 3015 cui
1631 2991 1732 3015 lectioni
1751 2990 1870 3023 praefero
1889 2991 2026 3016 lectionem
2041 2992 2188 3024 adoptatam
2204 2998 2235 3016 ex
2249 2991 2337 3021 codd.;
2357 2990 2394 3016 G:
2409 2991 2444 3016 a
2458 2990 2525 3024 dicit

1455 3026 1481 3050 in
1502 3029 1558 3050 toto
1577 3033 1633 3051 esse
1643 3026 1734 3059 salsas
1754 3026 1813 3051 illas
1820 3034 1829 3055 ;
1848 3026 1870 3051 1:
1892 3027 1927 3051 Et
1945 3027 2011 3052 dicit
2030 3027 2056 3052 in
2077 3029 2133 3051 toto
2145 3027 2248 3060 salsas,
2269 3026 2338 3051 inae.

1508 3060 1532 3095 ν)
1553 3061 1599 3086 Sic
1616 3065 1706 3086 autem
1725 3068 1753 3086 se
1771 3062 1935 3087 habentibus.
1946 3075 1966 3082 -
1978 3063 2015 3087 A:
2038 3061 2179 3087 Contrarie
2202 3065 2291 3087 autem
2310 3069 2338 3087 se
2355 3061 2524 3091 habentibus,-

1454 3101 1480 3122 et
1497 3097 1633 3122 contrarie
1652 3097 1728 3122 etiam
1749 3097 1842 3129 legitur
1860 3098 1885 3122 in
1904 3098 1933 3128 Β,
1947 3098 1994 3122 sed
2007 3098 2098 3122 eadem
2113 3105 2192 3122 manu
2207 3097 2347 3130 apponitur
2359 3097 2386 3122 in
2399 3102 2460 3122 nota
2477 3097 2523 3126 sie,

1455 3132 1594 3157 submissis
1619 3133 1721 3165 punctis
1744 3133 1873 3158 vocabulo
1896 3133 2039 3158 contrarie.
2065 3134 2098 3158 Et
2115 3133 2213 3165 optima
2236 3138 2276 3158 est
2299 3133 2425 3158 correctio
2448 3137 2474 3158 et
2491 3133 2524 3157 ad

1454 3168 1592 3228 lectiqpem
1607 3169 1717 3193 aliorum
1732 3169 1815 3193 codd.:
1831 3165 1860 3193 τὸ
1875 3169 1944 3194 enim
1954 3169 2090 3195 contrarie
2103 3168 2165 3194 nihil
2179 3168 2211 3193 ad
2225 3169 2389 3202 propositum
2401 3167 2451 3193 hoc
2467 3167 2524 3193 loeo

1455 3204 1520 3236 signi
1541 3209 1590 3228 cat.

1508 3237 1532 3270 Ε)
1552 3239 1733 3265 Removeatur
1751 3247 1768 3264 a
1788 3239 1849 3264 B.—-
1861 3239 1881 3264 C
1900 3248 1926 3272 p.
1940 3248 1976 3265 m.
1996 3245 2022 3265 et
2040 3240 2061 3265 Β
2080 3247 2102 3265 s.
2118 3247 2170 3265 rn.:
2189 3242 2359 3265 removeatur
2376 3246 2394 3264 a
2409 3239 2444 3264 C:
2461 3242 2488 3263 at
2503 3238 2527 3263 C

1455 3275 1480 3299 in
1495 3275 1584 3300 codice
1597 3275 1618 3300 C
1632 3275 1768 3307 corrigitur
1787 3276 1866 3300 altera
1884 3283 1963 3300 manu
1978 3276 2004 3301 in
2017 3276 2054 3300 B:
2073 3275 2127 3300 imo
2146 3275 2172 3300 in
2191 3275 2279 3300 codice
2298 3274 2375 3300 etiam
2389 3275 2410 3299 B
2423 3273 2524 3299 abrasio

1455 3311 1584 3343 quaedam
1599 3315 1646 3341 est,
1660 3319 1740 3343 supra
1753 3319 1832 3343 quam
1847 3311 1938 3336 eadem
1951 3319 2030 3336 manu
2046 3311 2162 3343 signatur
2177 3311 2236 3336 C.—
2246 3312 2278 3335 Et
2291 3310 2325 3335 ita
2338 3309 2410 3340 infra,
2420 3309 2477 3334 cod.
2487 3309 2523 3333 C:

1455 3353 1482 3371 se
1500 3346 1656 3371 habentibus
1669 3348 1693 3371 A
1706 3349 1732 3372 et
1748 3347 1771 3371 C
1774 3355 1783 3370 .·
1802 3354 1881 3379 quam
1895 3352 1982 3372 tamen
1995 3347 2114 3371 ultimam
2129 3347 2266 3372 lectionem
2279 3345 2375 3371 habent
2387 3345 2464 3370 etiam
2477 3344 2522 3369 ΑΒ

1455 3381 1637 3413 DEHOQST;
1651 3382 1673 3407 1:
1686 3383 1710 3407 A
1723 3385 1749 3407 et
1762 3382 1817 3411 BC,
1833 3383 1878 3407 sed
1892 3382 1916 3407 Β
1929 3382 2091 3415 expungitur.
2100 3397 2121 3402 -
2134 3382 2277 3418 Retinenda
2295 3386 2381 3406 tamen
2394 3384 2435 3405 eat
2448 3379 2523 3404 lectio

1455 3417 1542 3446 Pinna.
1561 3418 1585 3442 A
1604 3420 1630 3442 et
1648 3418 1684 3447 B,
1704 3425 1765 3443 cum
1784 3425 1836 3451 qua
1849 3418 1954 3443 tandem
1967 3418 2044 3443 etiam
2057 3418 2160 3443 codices
2180 3417 2338 3443 concordant
2355 3415 2432 3440 infn:
2441 3421 2523 3447 prae-

1456 3453 1560 3478 dicetur
1578 3453 1611 3478 de
1623 3454 1647 3478 A
1660 3457 1686 3478 et
1705 3453 1738 3478 de
1757 3453 1789 3478 Β.
1801 3468 1822 3473 -
1834 3453 1874 3478 Cf.
1887 3461 1966 3486 supra
1985 3459 2010 3478 et
2029 3461 2073 3478 nn.
2087 3461 2163 3486 seqq.

1510 3484 1536 3522 ο)
1559 3488 1629 3519 Quia
1648 3496 1707 3514 cum
1725 3492 1932 3521 supponatun-
1945 3489 1993 3514 Est
2011 3489 2086 3514 lectio
2105 3486 2349 3517 ABDGHKLMST,
2368 3485 2463 3519 quibus
2483 3493 2524 3510 ac-

1456 3524 1550 3548 cedunt
1564 3525 1615 3549 alii.
1629 3525 1663 3549 C:
1677 3524 1740 3557 quia
1754 3532 1813 3550 cum
1829 3527 1966 3557 ponatur-5
1983 3525 2018 3549 E:
2041 3531 2079 3549 ex
2097 3524 2146 3549 hoc
2163 3530 2224 3549 cum
2246 3524 2429 3554 supponatur-5
2449 3520 2522 3550 INQ:

1456 3559 1528 3591 quod
1537 3566 1595 3584 cum
1609 3563 1793 3591 supponatur,·
1806 3560 1845 3585 O:
1860 3559 1932 3592 quod
1943 3562 2113 3592 supponatur
2126 3566 2201 3588 σιω»,-
2215 3558 2253 3582 R:
2267 3557 2330 3590 quia
2347 3559 2523 3589 supponatur.

1455 3608 1473 3614 —‹
1483 3595 1517 3619 P:
1530 3595 1602 3627 quod
1619 3598 1796 3627 supponatur.
