2788 4204
37 470 50 481 ¹·
63 469 120 490 Scit.
131 475 180 490 om.
189 474 229 490 110.
241 479 251 484 -

37 502 61 517 u:
73 497 95 517 et
105 496 251 523 ignoremus.

38 529 48 538 ⁶
67 528 103 550 cf.
121 529 173 550 lect.
185 534 251 555 prae-

37 555 89 576 ced.
105 561 127 576 ι1.
138 561 161 581 4.

38 638 48 646 ·
61 643 101 659 no
114 643 191 659 erton.
203 642 251 658 om.

38 670 99 685 esse.

37 787 49 798 ⁴
62 786 142 808 Accid.
157 792 205 808 om.
216 792 239 807 1..

39 1265 252 1314 ῐὲἓῗὲὲῑιξὲῑ

40 1318 92 1340 het.
101 1324 149 1346 vm,
159 1323 213 1346 etp.
222 1324 251 1345 x,

38 1350 63 1367 n.
71 1349 93 1373 3,
107 1350 159 1372 seq,

37 1378 49 1390 ³
63 1376 192 1400 Codd.·r:
210 1382 252 1399 oo-

37 1403 137 1432 ‘mett
160 1402 254 1432 aliq-ada

39 1435 108 1458 eece,
123 1429 188 1458 quod
197 1435 253 1458 per.

39 1794 52 1806 ·
64 1793 127 1817 Eue
140 1798 221 1816 oux-A.

40 2068 51 2078 '
65 2072 254 2090 omn:

36 2100 91 2122 per.

40 2227 50 2236 '
61 2225 137 2249 Codd.
152 2227 215 2253 (uc.
228 2227 254 2252 o)

40 2252 167 2301 ffffffit.
185 2258 256 2281 qaae.

1115 281 1226 317 CAP.
1255 281 1355 329 vm,
1386 282 1536 318 LECT.
1564 282 1634 319 vn

280 366 411 396 tamen
437 358 603 406 perfecte
632 358 773 395 scimus
800 358 892 407 quid
912 358 973 404 sit;
994 358 1197 406 aliquando
1217 367 1345 396 autem

280 411 393 448 simul
422 411 563 448 scimus
590 419 816 459 utrumque;
846 411 914 448 sed
941 411 1092 448 tertium
1122 420 1177 448 est
1203 412 1345 461 impos-

280 464 402 511 sibile,
432 471 475 501 ut
501 464 640 500 scilicet
664 465 684 485 *
713 463 878 500 sciamus
906 464 998 513 quid
1027 472 1101 511 est,
1131 465 1346 512 ignorantes

280 517 310 554 si
340 524 395 553 est
424 518 455 553 *.

334 571 370 607 6.
403 568 624 607 Secundum
652 569 760 618 ponit
787 569 853 606 ibi:
882 570 974 606 Hoc
996 576 1120 607 autem
1139 571 1173 606 si
1190 577 1244 607 est
1261 578 1345 617 etc.;

280 630 317 660 et
340 622 428 660 dicit
447 622 552 671 quod
581 634 662 658 rem
686 622 854 671 aliquam
878 634 955 659 esse
975 624 995 644 ²⁸
1014 636 1219 672 possumus
1239 625 1345 670 scire,

280 676 426 724 absque
455 687 500 711 eo
530 675 635 724 quod
659 675 824 712 sciamus
843 675 1007 723 perfecte
1027 677 1117 724 quid
1143 683 1206 723 est,
1228 677 1346 726 dupli-

281 728 381 765 citer.
415 728 503 765 Uno
531 727 668 774 modo,
699 728 910 765 secundum
943 729 1048 778 quod
1083 731 1348 777 cognoscimus

279 781 434 829 aliquod
462 781 638 818 accidens
660 782 679 802 *
709 781 805 829 eius,
833 789 925 831 puta
953 782 984 818 si
1010 795 1080 831 per
1105 783 1346 820 velocitatem

279 842 408 871 motus
437 834 695 871 existimemus
714 835 885 883 leporem
912 847 1010 881 esse;
1031 835 1103 872 alio
1123 836 1254 883 modo,
1279 849 1349 885 per

278 888 354 924 hoc
382 888 486 936 quod
515 887 781 935 cognoscimus
809 888 951 937 aliquid
980 888 1028 925 de
1058 889 1217 926 essentia
1255 890 1346 926 eius.

281 941 398 987 Quod
417 941 573 990 quidem
603 948 658 978 est
679 941 859 990 possibile
882 941 921 978 in
945 942 1160 978 substantiis
1189 955 1347 991 compo—

281 993 378 1041 sitis,
407 1002 449 1030 ut
474 1001 566 1043 puta
590 994 621 1030 si
640 994 1013 1043 comprehendamus
1044 995 1245 1032 hominem
1266 1008 1348 1032 esse

278 1059 348 1095 per
361 1047 437 1084 11οο
451 1047 556 1095 quod
571 1054 628 1083 est
642 1047 831 1084 rationalis
848 1048 879 1093 ²¹²,
895 1047 1070 1084 nondum
1086 1048 1241 1095 cognitis
1256 1048 1346 1095 aliis,

281 1112 381 1148 quae
411 1101 603 1148 complent
631 1100 833 1137 essentiam
860 1100 1038 1136 hominis.
1069 1101 1112 1136 In
1135 1101 1349 1137 substantiis

278 1164 374 1190 vero
389 1153 622 1202 simplicibus
637 1153 711 1189 hoc
726 1165 806 1189 non
821 1152 1014 1200 contingit3
1031 1153 1119 1200 quia
1134 1165 1212 1190 non
1225 1160 1350 1202 potest

281 1205 460 1252 cognosci
488 1205 629 1254 aliquid
663 1205 710 1242 de
739 1206 946 1242 substantia
974 1205 1153 1254 simplicis
1181 1206 1249 1252 rei,
1279 1206 1350 1242 nisi

279 1265 359 1295 tota
375 1266 640 1306 cognoscatur,
656 1265 698 1294 ut
715 1266 818 1307 patet
836 1259 873 1295 in
890 1260 942 1295 IX
960 1258 1207 1306 Metaphys.*
1224 1259 1349 1307 Opor-

279 1317 332 1347 tet
355 1319 483 1348 autem
507 1311 612 1361 quod
640 1311 706 1360 qui
732 1311 925 1359 cognoscit
949 1310 1114 1359 aliquam
1143 1323 1225 1347 rem
1250 1323 1348 1358 esse,

278 1375 349 1413 per
364 1365 384 1386 ¹⁸
400 1364 541 1413 aliquid
561 1364 614 1401 rei
632 1364 723 1401 illud
744 1371 962 1412 cognoscat:
985 1371 1020 1400 et
1038 1364 1112 1401 hoc
1130 1365 1192 1401 vel
1213 1372 1268 1401 est
1286 1365 1350 1401 ali-

279 1415 373 1465 quid
389 1425 539 1466 praeter
563 1417 765 1454 essentiam
791 1417 855 1463 rei,
875 1417 937 1454 vel
957 1416 1098 1466 aliquid
1123 1417 1170 1454 de
1191 1418 1351 1454 essentia

278 1469 407 1518 ipsius.
443 1471 494 1506 Et
520 1469 568 1507 de
595 1470 670 1506 hoc
706 1470 814 1518 ponit
846 1471 1080 1518 exemplum,
1109 1477 1201 1518 puta
1229 1471 1259 1507 si
1288 1483 1350 1508 co-

279 1533 510 1569 gnoscamus
528 1522 737 1560 tonitruum
757 1535 850 1569 esse,
861 1531 1018 1572 propter
1031 1524 1105 1560 hoc
1124 1524 1213 1571 quia
1231 1524 1350 1572 perci-

277 1574 406 1624 pimus
421 1576 631 1625 quemdam
655 1589 794 1613 sonum
809 1576 848 1613 in
863 1577 1048 1613 nubibus:
1073 1577 1179 1625 quod
1193 1577 1350 1625 quidem

278 1629 440 1678 pertinet
467 1629 517 1666 ad
537 1629 739 1666 essentiam
758 1629 930 1676 tonitrui;
951 1642 1030 1667 non
1048 1637 1178 1667 tamen
1197 1638 1253 1666 est
1271 1638 1350 1667 tota

279 1682 434 1719 tonitrui
463 1678 638 1730 essentia,
668 1682 757 1731 quia
785 1695 863 1719 non
892 1683 1018 1720 omnis
1045 1695 1162 1720 sonus
1189 1682 1350 1721 nubium

282 1743 338 1772 est
363 1734 586 1773 tonitruum.
616 1736 665 1772 Et
692 1734 861 1772 similiter
888 1736 920 1772 si
947 1748 1225 1784 cognoscamus
1249 1737 1351 1774 defe-

282 1796 403 1835 ctum,
433 1788 529 1826 idest
558 1788 728 1837 eclipsim
756 1788 845 1825 solis
872 1790 935 1826 vel
963 1790 1075 1826 lunae
1104 1802 1185 1826 esse
1207 1791 1242 1836 ³²,
1263 1802 1350 1838 pro-

280 1849 365 1891 pter
383 1843 458 1879 1100
476 1842 583 1891 quod
603 1849 659 1878 est
676 1842 868 1891 quaedam
886 1842 1048 1891 privatio
1067 1842 1239 1888 luminis;
1262 1855 1350 1880 cum

281 1902 412 1932 tamen
454 1907 533 1932 non
570 1895 696 1932 omnis
731 1895 893 1944 privatio
926 1894 1078 1932 luminis
1112 1895 1158 1932 sit
1192 1896 1349 1944 eclipsis.

281 1949 332 1986 Et
359 1948 495 1986 eadem
525 1948 618 1985 ratio
649 1956 704 1985 est
731 1948 762 1984 si
790 1948 923 1997 aliquis
947 1948 1129 1997 percipiat
1151 1949 1350 1986 hominem

282 2014 377 2048 esse,
397 2009 554 2051 propter
571 2002 646 2038 hoc
674 2001 780 2051 quod
809 2009 864 2038 est
887 2002 1083 2050 quoddam
1103 2002 1263 2048 animal;
1288 2003 1350 2039 vel

282 2055 313 2093 si
340 2055 523 2104 percipiat
541 2055 710 2091 animam
731 2066 824 2102 esse,
844 2063 1001 2104 propter
1021 2057 1041 2077 ²¹⁵
1061 2056 1135 2092 hoc
1163 2056 1267 2104 quod
1297 2063 1352 2092 est

283 2108 424 2157 aliquid
451 2108 619 2157 seipsum
648 2120 822 2145 movens.

327 2173 363 2210 7.
380 2162 554 2199 Tertium
564 2161 672 2210 ponit
688 2161 750 2198 ibi:
763 2162 837 2198 Sed
849 2173 1092 2209 quaecunque
1108 2161 1255 2209 quidem
1267 2169 1350 2207 etc.;

283 2220 319 2252 et
339 2214 427 2252 dicit
445 2215 551 2263 quod
570 2215 630 2251 illa
650 2214 697 2252 de
716 2214 854 2263 quibus
873 2214 1013 2251 scimus
1028 2214 1118 2262 quia
1138 2215 1157 2236 *
1177 2222 1264 2251 sunt
1281 2227 1350 2263 per

282 2267 438 2316 aliquod
457 2268 633 2306 accidens
660 2268 832 2316 ipsorum
851 2265 875 2314 ⁰,
897 2268 1001 2305 nullo
1030 2267 1149 2304 modo
1177 2280 1246 2316 per
1274 2268 1348 2304 1100

283 2333 323 2358 50
343 2321 486 2358 habent
500 2321 549 2358 ad
567 2322 642 2358 hoc
661 2321 766 2369 quod
787 2333 1063 2368 cognoscamus
1083 2321 1130 2358 de
1150 2320 1239 2369 ipsis
1262 2321 1352 2369 quid

282 2379 354 2419 est;
382 2374 471 2422 quia
500 2387 570 2411 nec
599 2374 712 2411 etiam
731 2387 800 2423 per
818 2374 1039 2411 huiusmodi
1064 2374 1238 2411 accidens
1257 2386 1348 2410 vere

282 2427 424 2464 scimus
453 2440 498 2464 ea
516 2439 604 2464 esse.
627 2427 777 2464 Scimus
805 2427 989 2475 quidem‘
1019 2439 1100 2463 esse
1129 2439 1263 2463 eorum
1289 2438 1349 2462 ac-

283 2480 461 2526 cidentia;
487 2480 554 2517 sed
573 2481 663 2529 quia
690 2480 898 2518 accidentia
926 2492 1005 2516 non
1034 2487 1120 2516 sunt
1147 2480 1251 2529 ipsae
1271 2491 1346 2525 res,

281 2539 361 2570 non
388 2541 545 2582 propter
563 2534 638 2570 hoc
656 2545 747 2571 vere
776 2533 918 2570 scimus
945 2533 1045 2582 ipsas
1069 2545 1128 2570 res
1154 2545 1250 2569 esse.
1273 2532 1348 2568 Va-

334 2674 359 2709 0)
379 2675 432 2700 Per
449 2674 560 2707 aliquod
577 2674 700 2700 accidens
724 2674 851 2706 ipsorum.
866 2688 884 2692 —
900 2674 949 2698 Per
967 2681 997 2698 ea
1016 2681 1083 2706 quae
1109 2678 1218 2706 aguntur
1237 2681 1251 2697 a
1269 2673 1347 2697 rebus

281 2716 307 2737 et
325 2719 340 2736 a
363 2710 438 2736 nobis
452 2710 642 2743 percipiuntur,
662 2710 759 2734 licitum
779 2714 819 2734 est
842 2716 980 2741 assurgere
1005 2709 1037 2733 ad
1051 2709 1224 2741 cognitionem
1243 2713 1348 2733 naturae

281 2755 296 2772 a
314 2754 367 2779 qua
384 2746 469 2770 fluunt
487 2745 537 2775 illa,
553 2746 620 2770 sicut
633 2753 680 2778 per
699 2744 806 2769 effectus
822 2745 984 2776 assurgimus
1003 2745 1034 2769 ad
1054 2744 1227 2776 cognitionem
1247 2751 1348 2768 causae.

280 2782 347 2807 Hinc
362 2781 593 2806 demonstrationes
608 2788 623 2805 a
637 2780 773 2813 posteriori
788 2778 836 2813 (cf.
851 2780 895 2804 lib.
909 2780 928 2810 1,
942 2781 1000 2804 lect.
1010 2787 1065 2810 xxv,
1080 2785 1133 2804 not.
1148 2778 1183 2813 τ).
1199 2779 1297 2803 Verum
1317 2779 1349 2803 de

279 2817 321 2842 his
334 2824 388 2842 non
406 2821 446 2841 eet
464 2823 588 2849 praesens
607 2816 737 2848 quaestio:
757 2816 816 2848 quia
835 2815 876 2840 hic
894 2815 980 2839 solum
996 2815 1170 2839 consideratur
1184 2814 1295 2846 cognitio
1308 2822 1349 2838 ac-

281 2852 395 2882 cidentis,
406 2856 482 2884 prout
496 2851 618 2884 importat
632 2851 803 2883 cognitionem
813 2858 866 2883 per
877 2851 1000 2875 accidens
1016 2848 1098 2882 (κατὰ
1118 2846 1275 2883 συμβεβηκὸς
1289 2846 1347 2884 ἕχο-

281 2896 333 2922 μ-εν,
343 2892 373 2912 111
387 2887 446 2911 dicit
455 2886 632 2919 Aristoteles),
648 2894 695 2911 seu
711 2886 854 2911 secundum
869 2886 940 2918 quid,
955 2886 1063 2910 subiecti
1078 2886 1110 2910 de
1127 2893 1180 2918 quo
1199 2885 1348 2909 huiusmodi

281 2923 398 2947 accidens
411 2930 463 2946 non
479 2922 640 2954 praedicatur
653 2929 700 2954 per
714 2929 752 2946 se.
766 2921 909 2946 Dicendum
925 2928 986 2953 ergo
1005 2921 1076 2953 quod
1095 2920 1205 2953 cognitio
1220 2928 1267 2952 per
1285 2920 1349 2945 acci-

282 2958 346 2982 dens
365 2962 406 2982 est
423 2957 535 2989 cognitio
553 2957 660 2981 alicuius
683 2957 782 2981 ratione
805 2956 910 2980 alterius
933 2956 1004 2988 quod
1026 2956 1052 2980 111
1071 2963 1103 2980 00
1129 2961 1169 2980 est
1188 2954 1236 2988 (cf.
1255 2955 1299 2980 lib.
1319 2955 1346 2985 1,

281 2993 340 3018 lect,
354 3000 388 3023 w,
402 3001 427 3017 11.
441 2992 484 3024 4),
504 2997 529 3016 et
547 2991 606 3016 ideo
630 2991 817 3024 argumentatio
836 2999 850 3015 a
868 2998 921 3023 per
938 2991 1061 3016 accidens
1079 2991 1111 3015 ad
1125 2998 1178 3023 per
1195 2998 1223 3016 se
1242 2995 1281 3015 est
1306 2998 1349 3015 so-

281 3027 399 3061 phistica.
414 3027 546 3051 Ponamus
561 3034 623 3058 ergo
638 3027 709 3059 quod
723 3034 912 3058 cognoscamus
929 3027 1041 3058 aliquem
1056 3033 1115 3050 esse
1129 3026 1272 3056 musicum;
1288 3034 1347 3050 cum

282 3071 342 3088 esse
356 3062 485 3087 musicum
499 3070 552 3086 non
570 3062 603 3086 sit
622 3061 669 3085 nisi
685 3061 803 3086 accidens
817 3061 933 3091 subiecti,
949 3069 1001 3085 non
1015 3066 1152 3094 propterea
1167 3061 1348 3093 cognoscendo

282 3106 341 3123 esse
359 3098 410 3122 hoc
428 3098 555 3127 accidens,
571 3097 752 3129 cognoscimus
771 3104 817 3128 per
836 3104 865 3121 se
881 3096 1027 3120 subiectum
1049 3096 1118 3120 illius
1137 3096 1274 3121 accidentis
1293 3103 1348 3121 esse

281 3133 414 3159 hominem
422 3140 431 3162 ;
445 3137 471 3157 et
490 3133 572 3156 multo
587 3133 674 3156 minus
689 3132 870 3164 cognoscendo
889 3131 951 3164 quid
965 3132 998 3156 sit
1011 3139 1070 3156 esse
1088 3131 1232 3162 musicum,
1252 3139 1347 3163 cogno-

282 3169 379 3194 scimus
394 3168 458 3201 quid
471 3168 504 3192 sit
518 3167 606 3192 homo.
622 3167 680 3191 Non
699 3174 761 3198 ergo
776 3174 822 3199 per
836 3166 1009 3198 cognitionem
1022 3166 1191 3191 accidentium
1204 3171 1290 3198 potest
1303 3174 1345 3190 co-

281 3203 370 3237 gnosci
389 3210 444 3228 esse
463 3208 507 3227 aut
524 3202 590 3235 quid
608 3202 812 3227 subiecti.—-Sed
830 3202 855 3226 in
874 3201 1010 3234 hypothesi
1036 3201 1136 3226 numeri
1155 3201 1345 3233 praecedentis,

281 3239 386 3272 quando
405 3239 501 3263 scimus
520 3238 616 3270 aliquid
635 3238 667 3261 de
685 3237 797 3262 essentia
815 3236 930 3267 subiecti,
945 3242 973 3261 ut
991 3241 1052 3268 puta
1071 3236 1163 3261 animal
1183 3237 1214 3260 de
1233 3236 1345 3266 homine,

281 3275 379 3300 scimus
404 3279 430 3298 et
454 3281 513 3298 esse
537 3273 631 3297 animal
652 3270 724 3305 (nam
743 3272 853 3304 cognitio
878 3273 927 3296 τοῦ
945 3279 1000 3297 esse
1022 3271 1151 3304 praecedit
1173 3271 1345 3303 cognitionem

281 3311 330 3335 τοῦ·
344 3309 416 3341 quid,
431 3313 460 3333 ut
478 3316 557 3341 saepe
576 3308 671 3332 dictum
685 3306 746 3341 est),
762 3312 788 3332 et
805 3307 903 3332 scimus
918 3307 993 3331 etiam
1008 3307 1073 3339 quid
1086 3306 1207 3336 hominis,
1221 3313 1273 3330 non
1286 3305 1344 3338 qui-

282 3346 342 3370 dem
361 3345 530 3377 completum,
544 3343 594 3367 hoc
613 3348 653 3368 est
671 3341 829 3375 specificum‚
844 3342 891 3367 sed
909 3342 1066 3374 genericum.

336 3379 354 3414 ι)
375 3380 480 3405 Scimus
496 3378 602 3411 quidem
621 3382 668 3403 etc.
678 3391 697 3396 -·
707 3378 731 3402 G
743 3385 798 3402 om.
811 3385 881 3406 esse;
900 3377 970 3408 FIQ:
985 3377 1102 3409 ipsorum
1117 3375 1200 3401 accid.
1213 3390 1234 3394 —
1246 3375 1284 3400 G:
1298 3375 1345 3400 sed

281 3416 344 3449 quia
363 3423 453 3440 eorum
467 3413 617 3439 accidentia
622 3420 631 3442 ;
645 3413 677 3437 FI
696 3413 808 3437 absurde
826 3412 933 3437 habent:
954 3412 1002 3437 sed
1019 3412 1082 3444 quia
1101 3411 1263 3436 necessariae
1282 3418 1343 3435 non.

282 3452 389 3484 Insuper
403 3451 434 3475 FI
453 3450 542 3482 legunt
561 3456 621 3474 vere
640 3453 698 3473 ante
716 3455 784 3478 esse;
799 3447 824 3478 Q
841 3455 893 3472 om.
909 3454 977 3472 vere.

335 3485 361 3520 κ)
383 3486 412 3511 In
431 3493 483 3518 quo
501 3485 532 3514 A,
552 3491 619 3516 quae
637 3487 678 3508 est
695 3483 825 3508 etc.-Ac
844 3491 870 3515 p.
890 3490 941 3507 m.:
961 3482 987 3507 in
1007 3489 1058 3514 quo
1080 3485 1170 3506 autem
1189 3484 1243 3509 est;
1261 3481 1296 3505 B:
1317 3480 1342 3504 in

281 3529 332 3555 quo
350 3523 383 3551 A,
399 3521 424 3546 in
439 3528 490 3553 quo
502 3519 646 3545 est.—-AN:
666 3519 693 3543 in
709 3526 760 3550 quo
777 3519 804 3548 C,
823 3518 902 3550 quod,
921 3525 974 3542 om.
987 3520 1040 3546 est;
1058 3516 1255 3541 BCEKMOST:
1273 3515 1345 3548 quod

281 3561 321 3583 est
326 3565 335 3587 ‚·
348 3557 371 3581 D
391 3563 510 3581 erronee:
530 3555 601 3588 quod
619 3557 658 3579 est
676 3553 931 3583 maior.-FGHle
947 3553 1017 3577 inter
1034 3553 1115 3578 solem
1134 3555 1160 3576 et
1173 3552 1272 3576 lunam.

334 3591 363 3627 λ)
388 3592 481 3617 Utrum
501 3591 525 3615 B
542 3591 578 3615 sit
597 3590 637 3615 vel
655 3597 721 3614 non:
739 3589 981 3622 quaerere—Haec
994 3588 1081 3618 verba,
1094 3586 1216 3619 requisita
1236 3594 1265 3611 ex
1284 3593 1344 3610 con-

281 3633 366 3659 textu,
386 3627 562 3652 desiderantur
576 3626 602 3650 in
617 3625 650 3656 P;
667 3633 696 3650 ea
709 3625 827 3649 addimus
847 3631 877 3648 ex
889 3624 964 3649 codd.
975 3621 1239 3648 ABCDHKLNOST.
1253 3621 1275 3646 E
1289 3629 1342 3646 om.

424 3678 493 3711 Opp.
512 3678 543 3702 D.
558 3677 672 3702 Tuom
691 3675 722 3701 T.
738 3676 755 3701 1.

2388 285 2461 322 353

1401 373 1494 397 num
1524 369 1651 398 autem
1681 369 1736 398 est
1763 374 1945 411 quaerere
1974 362 2065 411 quid
2094 370 2163 409 est,
2190 363 2221 400 si
2240 364 2372 413 aliquis
2399 377 2464 402 ne-

1401 414 1492 451 sciat
1520 415 1608 462 quia
1638 422 1708 460 est;
1738 415 1804 451 sed
1832 415 1893 451 illa
1918 415 1964 453 de
1997 416 2134 464 quibus
2158 416 2298 454 scimus
2319 430 2362 454 ea
2382 431 2464 455 esse

1400 479 1470 516 per
1498 467 1639 516 aliquid
1658 468 1828 516 ipsorum
1851 469 1883 515 ²¹⁸,
1905 469 2048 505 facilius
2067 477 2226 518 possunt
2245 472 2422 518 cognosci
2441 484 2463 508 a

1401 585 1472 609 nos
1500 573 1688 610 habemus
1716 573 1765 610 ad
1794 575 2103 622 cognoscendum
2128 575 2216 623 quia
2236 584 2292 612 est
2310 577 2462 626 aliquid,

1401 626 1451 662 ita
1479 638 1550 662 nos
1577 626 1765 663 habemus
1793 626 1842 663 ad
1871 628 2180 675 cognoscendum
2209 629 2299 677 quid
2325 638 2390 666 est.

1457 679 1491 714 8.
1521 678 1670 715 Deinde
1699 691 1787 715 cum
1817 679 1919 716 dicit:
1952 681 2122 722 Quorum
2147 682 2263 731 igitur
2284 683 2463 719 habemus

1402 731 1544 779 aliquid
1553 739 1634 779 etc.,
1651 732 1863 769 manifestat
1876 734 2114 782 propositum
2130 735 2340 772 secundum
2354 748 2462 784 prae-

1402 784 1533 829 missa;
1565 791 1601 820 et
1629 784 1716 821 dicit
1743 785 1848 832 quod
1872 786 1911 822 in
1929 786 1987 822 his
2006 799 2103 835 quae
2137 787 2276 824 scimus
2296 800 2377 824 esse
2395 800 2464 837 per

1402 837 1476 873 hoc
1504 837 1610 886 quod
1639 837 1903 884 cognoscimus
1923 839 2062 886 aliquid
2083 840 2265 877 essentiae
2285 841 2380 887 eius,
2402 853 2462 878 ac-

1403 889 1587 938 cipiamus
1605 890 1729 938 primo
1749 891 1820 926 tale
1842 892 2069 939 exemplum.
2092 892 2146 929 Sit
2166 893 2343 940 defectus,
2368 894 2463 931 idest

1404 942 1561 990 eclipsis,
1588 942 1625 978 in
1653 955 1730 990 quo
1759 944 1805 988 A,
1835 955 1932 991 quae
1963 952 2017 980 est
2040 950 2054 965 ¹
2081 946 2204 982 maior
2233 947 2460 993 extremitas;

1403 996 1492 1031 luna
1519 995 1557 1031 in
1585 1007 1662 1043 quo
1692 995 1742 1040 C,
1772 1007 1870 1042 quae
1900 1003 1954 1032 est
1982 998 2106 1034 minor
2134 999 2363 1046 extremitas;
2393 1012 2460 1048 op-

1402 1047 1539 1096 positio
1567 1054 1687 1084 terrae
1713 1047 1852 1084 directa
1871 1048 1966 1085 inter
1984 1050 2113 1086 lunam
2134 1058 2170 1087 et
2188 1052 2308 1088 solem
2327 1052 2364 1089 in
2384 1065 2461 1101 quo

1404 1101 1452 1147 B‘,
1482 1100 1587 1147 quod
1621 1107 1676 1136 est
1703 1101 1877 1137 medium.
1913 1101 2019 1139 Idem
2053 1103 2161 1150 igitur
2194 1112 2248 1141 est
2280 1117 2460 1153 quaerere

1403 1159 1531 1188 utrum
1552 1152 1703 1188 deficiat
1730 1153 1820 1189 luna
1837 1154 1899 1189 vel
1919 1166 2007 1201 non,
2030 1163 2066 1191 et
2084 1168 2265 1204 quaerere
2289 1165 2414 1194 utrum
2429 1159 2460 1194 B

1405 1204 1450 1241 sit
1476 1205 1538 1241 vel
1566 1216 1663 1241 non:
1699 1217 1881 1252 quaerere
1906 1205 1919 1227 λ
1946 1215 2073 1244 31110111
2108 1217 2236 1246 utrum
2264 1211 2294 1246 B
2327 1210 2373 1247 sit
2398 1211 2461 1247 vel

1405 1269 1495 1304 non,
1516 1257 1606 1293 nihil
1635 1257 1758 1294 differt
1786 1270 1901 1306 quam
1930 1272 2109 1307 quaerere
2130 1262 2160 1298 si
2180 1270 2234 1299 est
2252 1263 2376 1311 aliqua
2403 1275 2460 1300 ra-

1404 1310 1456 1347 tio
1476 1310 1594 1359 ipsius
1620 1310 1798 1347 defectus.
1821 1312 1924 1348 Nam
1943 1313 1986 1358 B,
2008 1313 2103 1350 idest
2122 1315 2308 1363 oppositio
2328 1323 2459 1363 terrae,

1406 1370 1462 1400 est
1488 1363 1581 1399 ratio
1612 1363 1779 1400 defectus
1806 1365 1932 1411 lunae3
1955 1373 1991 1402 et
2009 1366 2039 1402 si
2059 1366 2104 1403 sit
2122 1367 2309 1416 oppositio
2329 1375 2460 1416 terrae,

1406 1423 1442 1453 et
1468 1416 1559 1453 illud
1592 1416 1752 1454 dicimus
1774 1424 1795 1444 μ
1823 1430 1921 1465 0550,
1952 1419 2089 1456 50111001
2117 1419 2304 1457 defectum
2338 1422 2460 1458 lunae.

1405 1471 1482 1506 Aut
1509 1469 1676 1506 similiter
1695 1470 1725 1506 si
1748 1482 1978 1518 quaeramus
2006 1473 2126 1520 qualis
2152 1474 2233 1509 sit*
2252 1474 2348 1510 ratio
2376 1486 2463 1511 con-
2490 1484 2498 1492 ·

1404 1523 1643 1568 tradictionis,
1663 1530 1791 1559 utrum
1811 1523 1950 1561 scilicet
1967 1524 2005 1561 in
2023 1526 2201 1563 habendo
2227 1526 2323 1563 duos
2342 1534 2463 1563 rectos

1403 1576 1466 1612 vel
1493 1588 1572 1612 non
1599 1576 1778 1612 habendo
1800 1578 1820 1598 *
1846 1576 1891 1613 sit
1919 1578 2174 1615 contradictio.
2206 1579 2307 1616 Cum
2335 1587 2463 1616 autem

1404 1628 1643 1665 inveniamus
1677 1641 1757 1665 esse
1785 1629 1824 1666 id
1861 1630 1965 1677 quod
1993 1631 2228 1678 quaerimus,
2262 1640 2354 1681 puta
2382 1645 2462 1669 esse

1405 1681 1606 1728 defectum,
1629 1681 1739 1718 simul
1759 1682 1950 1719 sciemus*
1969 1684 2056 1731 quia
2077 1691 2113 1720 et
2125 1691 2281 1733 propter
2299 1686 2389 1733 quid
2407 1687 2461 1732 **,

1404 1734 1435 1771 si
1462 1734 1674 1771 inveniatur
1705 1735 1944 1783 propositum
1976 1749 2044 1784 per
2071 1738 2241 1774 medium
2279 1738 2459 1786 debitum,

1404 1787 1509 1835 quod
1538 1794 1592 1823 est
1621 1800 1745 1824 causa.
1777 1788 1816 1824 Si
1843 1801 1937 1825 vero
1966 1801 2044 1826 non
2067 1795 2089 1836 ⁹,
2120 1790 2187 1827 sed
2213 1803 2282 1839 per
2309 1791 2462 1839 aliquod

1405 1840 1667 1888 extrinsecum,
1687 1840 1851 1878 sciemus
1870 1842 1970 1889 quia,
1996 1842 2063 1879 sed
2082 1855 2159 1880 non
2180 1850 2337 1892 propter
2361 1845 2459 1893 quid.

1403 1894 1500 1930 Puta
1519 1893 1550 1930 si
1577 1893 1622 1930 sit
1649 1895 1739 1930 luna
1759 1895 1789 1930 C
1820 1901 1856 1930 et
1883 1894 2049 1931 defectus
2068 1898 2114 1943 A,
2135 1896 2364 1945 accipiamus
2391 1910 2460 1946 pro

1404 1946 1550 1994 medio,
1580 1946 1685 1995 quod
1718 1954 1773 1983 est
1800 1947 1848 1994 B,
1876 1948 1951 1984 1100
1979 1948 2084 1998 quod
2112 1949 2201 1986 luna
2228 1962 2307 1986 non
2338 1958 2462 1998 potest

1404 2000 1526 2036 facere
1553 2000 1732 2036 umbram
1756 2000 1881 2048 aliquo
1901 2008 2073 2038 nostrum
2094 2002 2222 2039 medio
2243 2002 2419 2040 existente
2435 2001 2460 2050 ξ,

1404 2065 1492 2089 011111
1521 2052 1566 2089 511
1593 2052 1852 2101 plenilunium.
1882 2054 1992 2090 Luna
2021 2054 2134 2102 enim,
2155 2056 2461 2105 quandocunque

1403 2118 1482 2142 non
1511 2105 1648 2152 deficit,
1669 2105 1755 2142 facit
1780 2107 1959 2143 umbram
1987 2107 2205 2156 interposito
2235 2109 2361 2157 aliquo
2382 2122 2465 2146 001-Γ

1402 2171 1517 2207 pore:
1548 2159 1614 2195 sed
1642 2159 1716 2195 hoc
1744 2159 1847 2207 quod
1882 2167 1936 2196 est
1963 2173 2041 2197 non
2077 2173 2190 2209 posse
2223 2162 2344 2198 facere
2376 2175 2461 2199 um-

1404 2213 1526 2259 bram,
1547 2224 1626 2248 non
1655 2219 1710 2248 est
1729 2224 1842 2249 causa
1867 2213 2045 2260 defectus,
2062 2214 2129 2250 sed
2147 2214 2272 2262 potius
2293 2214 2458 2252 effectus.

1405 2265 1444 2302 Si
1465 2277 1554 2312 ergo
1573 2265 1604 2301 Β
1623 2265 1860 2313 praedicetur
1873 2266 1919 2303 de
1941 2266 2100 2315 C·(quia
2119 2267 2257 2304 scilicet
2275 2269 2363 2305 luna
2382 2281 2461 2305 non

1401 2325 1527 2367 potest
1558 2317 1596 2354 in
1627 2318 1833 2366 plenilunio
1867 2319 1989 2355 facere
2022 2320 2200 2356 umbram
2235 2321 2360 2370 aliquo
2393 2334 2460 2358 no-

1402 2378 1521 2408 strum
1541 2371 1669 2407 medio
1694 2370 1904 2418 existente),
1925 2379 1961 2408 et
1980 2371 2115 2409 iterum
2135 2372 2165 2409 si
2183 2372 2221 2409 in
2240 2374 2314 2410 hoc
2332 2374 2460 2411 medio

1403 2424 1448 2461 sit
1474 2426 1509 2460 A
1538 2424 1658 2470 (idest
1686 2424 1715 2460 si
1744 2424 1948 2473 accipiatur
1975 2425 2079 2473 quod
2114 2426 2419 2476 quandocunque
2441 2428 2460 2448 '¹‘

1401 2479 1475 2514 hoc
1504 2477 1647 2523 accidit,
1677 2478 1766 2514 luna
1799 2477 1954 2524 deficit),
1984 2478 2226 2516 manifestum
2247 2479 2314 2516 erit
2331 2481 2460 2516 lunam

1403 2531 1578 2568 deficere.
1610 2529 1687 2567 Sed
1706 2535 1862 2578 propter
1889 2531 1979 2579 quid
1995 2532 2085 2568 luna
2105 2531 2266 2580 deficiat,
2287 2533 2460 2570 nondum

1403 2675 1492 2697 utrum
1512 2672 1617 2706 deficiat
1631 2676 1679 2696 etc.
1694 2679 1780 2703 usque
1794 2671 1826 2695 ad
1840 2674 1866 2696 et
1878 2678 2004 2704 quaerere
2017 2672 2140 2697 inclusive
2145 2680 2152 2704 ;
2171 2673 2254 2697 FGIM
2268 2681 2320 2698 om.
2335 2681 2461 2706 quaerere

1402 2711 1491 2733 autem
1511 2713 1559 2732 etc.
1577 2715 1663 2739 usque
1682 2707 1713 2731 ad
1732 2706 1773 2731 vel
1791 2714 1842 2731 non
1862 2707 1958 2731 incius.

1457 2742 1485 2776 μ.)
1508 2743 1544 2767 Et
1562 2742 1629 2767 illud
1648 2742 1759 2767 dicimus
1773 2749 1828 2766 esse
1842 2746 1890 2766 etc.
1900 2742 1965 2766 -Αε
1980 2745 2006 2767 et
2020 2746 2097 2771 tunc,·
2111 2743 2145 2767 B:
2159 2746 2186 2767 et
2197 2751 2270 2771 cum,·
2284 2744 2322 2767 H:
2337 2747 2363 2768 et
2375 2745 2460 2775 circas

1403 2778 1614 2808 DEKLMNQST
1638 2782 1663 2802 et
1686 2785 1712 2809 p.
1724 2785 1760 2803 m.
1779 2777 1814 2801 C:
1834 2780 1860 2801 et
1877 2780 1972 2806 ceter.;
1991 2777 2014 2802 O
2030 2783 2055 2802 et
2068 2786 2090 2803 s.
2100 2786 2135 2803 m.
2150 2778 2184 2802 C:
2207 2782 2233 2803 et
2251 2778 2325 2803 illud.
2345 2779 2377 2803 Et
2395 2779 2460 2804 hanc

1403 2814 1539 2838 lectionem
1549 2813 1722 2853 ‘adoptamqs3
1742 2817 1820 2844 atque
1833 2813 2005 2844 adoptandam
2019 2820 2078 2837 esse
2092 2814 2201 2837 suadent
2219 2819 2274 2838 tum
2289 2818 2372 2839 textus
2386 2823 2459 2846 grae-

1403 2857 1456 2880 cus,
1471 2843 1571 2873 κᾶκέἴνὸ
1584 2856 1664 2881 φαμεν
1674 2856 1746 2877 sivan,
1760 2852 1815 2871 tum
1830 2855 1859 2871 ea
1870 2855 1935 2879 quae
1946 2847 2015 2871 addit
2024 2856 2045 2872 s.
2053 2848 2176 2878 Thomas,
2186 2849 2284 2873 scilicet
2293 2854 2349 2879 etc„
2364 2850 2458 2881 quibus

1403 2883 1528 2917 significat
1541 2884 1648 2908 adducta
1662 2890 1721 2907 esse
1733 2882 1811 2907 verba
1821 2883 2053 2907 Aristotelis.—DE
2065 2891 2118 2907 om.
2127 2883 2256 2913 essa-Q:
2269 2884 2379 2908 dicimus
2389 2885 2458 2909 enim

1404 2919 1533 2953 desectum
1544 2919 1631 2943 lunae.
1645 2917 1775 2942 Similiter
1778 2925 1787 2947 ,·
1798 2917 1852 2941 ST:
1863 2918 1974 2942 dicimus
1983 2918 2051 2942 enim
2061 2918 2096 2949 (T
2107 2926 2160 2942 om.
2170 2919 2249 2950 enim)
2259 2926 2314 2943 esse
2328 2919 2458 2952 desectum

1402 2956 1488 2979 lunae.
1502 2955 1558 2978 Aur
1571 2954 1700 2978 similiter.
1719 2953 1865 2984 Recipimus
1879 2953 1934 2977 Aut
1945 2958 2003 2977 ante
2015 2953 2143 2982 similiter,
2155 2961 2222 2985 quae
2231 2958 2270 2977 est
2286 2954 2359 2978 lectio
2373 2955 2456 2984 codd„

1402 2995 1485 3014 textus
1496 2986 1517 3021 (³¹
1518 2987 1563 3023 H),
1577 2994 1602 3013 et
1611 2988 1690 3020 ipsius
1700 2988 1719 3012 P
1731 2988 1859 3020 (quamvis
1874 2988 2045 3012 diversimode
2059 2988 2188 3020 disposita,
2203 2993 2232 3012 ut
2246 2989 2330 3013 statim
2345 2989 2456 3023 dicam):

1402 3025 1472 3050 illam
1491 3030 1578 3049 tamen
1596 3023 1746 3055 particulam
1760 3031 1811 3047 non
1825 3023 1995 3047 necessariam
2009 3028 2138 3055 putamus.
2151 3037 2170 3041 —
2185 3024 2204 3047 P
2224 3028 2249 3047 et
2262 3024 2327 3048 Ven.
2342 3025 2412 3049 edd.:
2432 3028 2458 3049 et

1401 3060 1425 3085 si
1437 3060 1472 3084 sit
1486 3059 1616 3092 oppositio
1630 3062 1726 3086 terrae,
1741 3058 1820 3082 etiam
1835 3061 1898 3082 tunc
1911 3058 2022 3082 dicimus
2037 3065 2098 3087 esse,
2113 3059 2213 3083 scilicet
2229 3059 2357 3092 desectum
2378 3060 2458 3084 lunae

1401 3098 1449 3119 aut
1463 3102 1523 3119 non.
1534 3094 1664 3118 Similiter
1673 3094 1697 3118 si
1710 3098 1757 3117 etc.
1767 3094 1801 3117 At
1815 3100 1866 3117 non
1882 3093 1998 3125 primitus
2011 3093 2131 3125 obrepsit,
2143 3093 2207 3118 forte
2217 3094 2250 3117 ob
2261 3095 2456 3126 praecedentem

1401 3130 1552 3162 particulam
1570 3132 1618 3153 aut
1624 3136 1633 3157 ,·
1653 3136 1719 3160 quae
1738 3132 1872 3159 propterea
1889 3129 1977 3153 avulsa
1996 3133 2035 3152 est
2053 3136 2067 3153 a
2086 3129 2203 3160 sequenti
2222 3129 2341 3160 periodo,
2357 3129 2456 3154 Simili-

1401 3168 1443 3189 ter
1455 3170 1504 3189 etc.
1519 3165 1601 3188 Etiam
1615 3164 1689 3188 codd.
1700 3163 1755 3187 FGl
1766 3163 1854 3195 legunt
1863 3171 1922 3187 curn
1933 3164 1965 3187 P:
1979 3164 2024 3187 sed
2040 3168 2108 3195 patet
2122 3171 2193 3188 error
2203 3164 2316 3188 lectionis
2328 3168 2376 3189 aut
2389 3172 2456 3195 non,-

1401 3207 1460 3224 nam
1472 3200 1496 3224 si
1509 3199 1545 3223 sit
1556 3198 1687 3230 oppositio
1701 3201 1797 3228 terrae,
1818 3198 1925 3222 dicimus
1941 3198 2057 3222 absolute
2075 3206 2130 3223 esse
2149 3199 2278 3232 desectum
2298 3199 2387 3229 lunae,
2403 3208 2455 3224 non

1400 3240 1486 3259 autem
1505 3234 1656 3258 disiunctive
1675 3239 1729 3257 esse
1744 3233 1873 3265 defectum
1888 3234 1966 3257 lunae
1979 3236 2027 3258 aut
2045 3241 2106 3258 non.

1453 3268 1476 3302 ν)
1493 3269 1524 3293 Si
1537 3275 1600 3293 vero
1614 3275 1665 3292 non
1681 3272 1728 3291 etc.
1738 3267 1804 3291 —O:
1823 3268 1847 3292 si
1865 3275 1926 3292 vero
1946 3275 2010 3297 non,
2032 3271 2061 3292 ut
2078 3272 2189 3300 oportet,
2199 3268 2247 3293 sed
2251 3277 2260 3298 ,·
2274 3269 2332 3293 AN:
2351 3273 2391 3294 est
2408 3277 2456 3301 pro

1398 3304 1453 3329 sed.
1466 3317 1485 3322 ·-
1498 3304 1593 3333 codd„
1613 3310 1667 3327 exc.
1685 3302 1769 3326 BHT:
1788 3302 1890 3334 aliquid
1907 3310 1955 3335 pro
1977 3303 2086 3335 aliquod
2090 3310 2099 3331 ;
2118 3304 2154 3327 H:
2172 3304 2256 3328 aliud.
2269 3315 2287 3323 —-
2303 3304 2370 3328 Infra
2389 3303 2456 3337 (hoc

1398 3339 1470 3371 quod
1488 3339 1546 3371 etc.)
1562 3338 1607 3362 CG
1625 3345 1678 3362 om.
1692 3337 1753 3367 hoc;
1772 3337 1831 3361 PH:
1851 3338 1899 3362 hoc
1917 3341 1956 3362 est
1973 3338 2044 3370 quod
2055 3339 2132 3368 luna;
2151 3343 2176 3362 at
2188 3339 2287 3363 codices
2302 3339 2344 3363 alii
2358 3340 2454 3371 optime

1398 3382 1451 3399 om.
1469 3377 1531 3402 est.;
1549 3373 1594 3397 FI:
1614 3373 1685 3405 quod
1703 3375 1742 3396 est
1764 3372 1828 3397 luna
1834 3380 1843 3401 ,·
1861 3373 1895 3397 C:
1915 3373 1987 3405 quod
2003 3373 2108 3405 quidem
2127 3373 2198 3398 luna.
2209 3387 2228 3391 —
2242 3375 2279 3398 A:
2298 3382 2349 3399 non
2363 3378 2456 3407 potest

1399 3409 1518 3434 umbram
1530 3409 1634 3441 facere.

1452 3442 1476 3477 ξ)
1495 3444 1591 3475 Aliquo
1610 3446 1729 3468 nostrum
1749 3442 1835 3467 medio
1853 3443 1984 3467 existente
2002 3448 2077 3468 etc.—
2087 3443 2194 3468 Codices
2209 3444 2290 3468 nostri
2304 3452 2395 3469 omnes
2409 3444 2455 3469 ha-

1398 3479 1460 3503 bent
1478 3479 1543 3503 hanc
1558 3479 1701 3503 lectionem.
1716 3478 1735 3502 P
1751 3483 1776 3502 et
1789 3478 1854 3502 Ven.
1869 3478 1926 3502 edd.
1940 3478 2041 3510 legunt:
2059 3478 2149 3510 aliquo
2168 3482 2286 3504 nostrum
2302 3480 2387 3504 medio
2400 3487 2452 3505 non

1398 3514 1569 3539 existente...
1588 3513 1636 3538 sed
1654 3513 1702 3538 hoc
1722 3513 1793 3545 quod
1810 3516 1849 3537 est
1868 3520 1918 3537 non
1938 3520 2017 3544 posse
2033 3514 2128 3546 facere
2151 3515 2270 3539 umbram
2290 3515 2341 3539 m'si
2358 3515 2455 3547 aliquis

1398 3553 1517 3574 nostrum
1536 3549 1638 3574 existat
1657 3549 1682 3573 in
1703 3548 1801 3578 medio,
1817 3555 1868 3572 non
1883 3551 1922 3573 est
1939 3555 2020 3573 causa
2032 3549 2191 3582 defectus...
2205 3550 2268 3582 quia
2279 3550 2379 3575 scilicet
2390 3551 2454 3574 luna

1394 3588 1482 3616 potest
1496 3584 1522 3608 in
1537 3584 1694 3616 plenilunio.
1714 3583 1786 3613 Quae
1805 3583 1880 3607 lectio
1899 3584 2018 3608 sustineri
2037 3591 2089 3608 non
2107 3589 2228 3616 potest.-
2242 3585 2285 3609 Fl:
2300 3586 2389 3618 aliquo
2407 3592 2454 3610 no—

1396 3623 1482 3645 strum
1497 3619 1523 3644 in
1539 3619 1638 3650 medio5
1657 3619 1692 3643 G:
1711 3619 1800 3651 aliquo
1819 3619 1914 3643 iterum
1929 3619 2023 3644 medio.

2252 3671 2312 3703 45*

2492 476 2704 504 'Codd.:ipearum

2489 504 2494 528 (
2503 503 2576 524 multi:
2587 503 2706 530 ipsorum)

1401 520 1511 556 nobis
1531 520 1621 568 quid
1642 528 1737 557 sunt.
1764 521 1874 558 Unde
1899 522 2140 558 manifestum
2170 530 2225 559 051
2247 524 2351 571 quod
2371 524 2465 561 sicut
2491 534 2577 551 rerum·

2514 1488 2540 1504 o:
2561 1485 2638 1508 eth-A
2651 1489 2701 1505 om.

2489 1591 2498 1598 ¹
2515 1588 2578 1610 Hab.
2593 1595 2640 1611 om.
2651 1595 2674 1611 1..

2488 1690 2500 1701 ⁸
2522 1696 2550 1711 a:
2574 1696 2704 1717 sciremus,-

2488 1723 2517 1737 u:
2532 1716 2626 1738 scimus.

2578 1743 2618 1764 uia
2629 1745 2667 1764 est
2679 1745 2704 1764 et

2599 1771 2652 1795 est;
2671 1776 2699 1791 B:

2488 1743 2547 1764 ''i-1:

2485 1775 2519 1797 PF
2522 1785 2532 1800 -,

2486 2430 2574 2450 ‘asum
2582 2432 2700 2450 ets.m.u.—

2488 2461 2600 2476 porcum:
2625 2461 2700 2483 quan-

2489 2482 2519 2503 do
2527 2490 2537 2507 ‚·
2549 2488 2624 2506 ACQST
2638 2485 2659 2502 et
2675 2488 2700 2508 p.

2489 2514 2519 2529 m.
2543 2514 2571 2529 u:
2594 2507 2701 2536 quando-

2488 2540 2538 2562 que.
