2788 4204
199 360 213 383 η

98 413 109 423 '⁸
119 411 202 437 Codd.,
212 416 311 432 exeat.-

98 445 125 459 1³:
142 437 297 465 praedicetur
305 444 313 461 ‚-

98 471 134 486 nt:
143 463 311 492 praedicatur.

98 492 109 502 ⁸
130 496 310 515 ABCDHKLQRST:

94 519 175 545 ponet.

96 577 107 587 ⁸
117 575 169 596 Hoc
185 581 211 595 ex
227 573 295 595 codd.

97 602 119 614 ⁸*
129 608 159 623 εις
170 602 257 622 Dicet·
266 601 309 622 Su-

98 635 139 656 pra
153 634 189 649 ct:
205 627 269 648 dicit.

96 735 107 745 ⁸
119 733 212 755 Codd.·
224 739 250 753 1⁵:
265 732 313 753 Sed

98 761 149 785 hic:
165 763 210 781 net
226 766 248 786 p.
260 765 311 780 m.A

97 793 145 808 om.
156 786 214 807 Phil.

194 908 206 933 0

97 1004 106 1012 ·
116 1006 175 1021 ΑΒΝτ
186 1007 190 1020 :
201 997 305 1026 aliquod.

98 1052 106 1060 ·
117 1047 153 1070 Cf.
162 1048 253 1072 lect.v11,
261 1053 306 1074 n.7.

198 1166 205 1181 t

93 1262 102 1272 ⁸
112 1267 133 1282 n:
145 1262 195 1282 sixte
205 1262 248 1282 lmc
259 1268 306 1283 mo-

94 1288 124 1309 do
133 1288 189 1315 stat,
201 1289 250 1309 sive
265 1289 305 1313 al„

93 1315 178 1342 manif.
191 1322 196 1339 ;
219 1321 224 1335 ι
234 1323 239 1336 :
265 1316 308 1336 hoc

93 1341 172 1365 modo:
182 1344 202 1362 et
214 1347 266 1362 cnm
277 1348 307 1362 οτ

93 1373 141 1388 om.
154 1374 202 1395 seq.
218 1369 260 1389 sic.

193 1404 207 1420 7.

87 2014 95 2022 ·
111 2019 149 2034 nm
164 2016 214 2034 ets.
227 2020 298 2035 mal:

87 2040 188 2067 infinita.

185 2067 201 2092 λ

342 218 416 253 268

340 296 444 345 quod
477 296 616 344 scilicet
653 303 929 344 consequenter
957 308 997 332 se
1030 295 1165 342 habet,
1205 307 1293 330 cum
1327 301 1406 330 tan-

339 357 400 397 gat
427 355 458 395 η;
490 357 524 386 et
553 350 628 386 hoc
660 349 861 386 videbatur
889 349 927 385 in
954 348 1147 397 praedicta
1178 347 1405 395 probatione

339 403 520 451 supponi,
547 402 686 439 scilicet
718 402 822 451 quod
850 405 885 438 A
910 400 1192 450 praedicaretur
1218 400 1238 421 *
1267 399 1314 436 de
1343 400 1406 436 ali-

341 469 417 505 quo
456 456 584 493 medio
623 456 728 504 quasi
770 455 920 501 habito,
960 454 1057 490 idest
1094 452 1314 489 immediate
1348 465 1405 489 se—

340 509 480 558 quenti.
509 510 584 546 Sed
612 509 672 545 ille
697 508 759 556 qui
782 508 890 556 ponit
917 508 936 527 ’¹‘
965 506 1092 543 media
1119 506 1281 552 infinita,
1308 505 1406 542 dicet

341 563 445 611 quod
474 563 548 599 hoc
571 562 591 582 ’¹‘
614 574 692 598 non
716 561 895 608 contingit
918 560 1101 608 accipere.
1131 559 1231 596 Dicit
1245 559 1286 580 ²³*
1301 559 1403 596 enim

340 616 445 665 quod
468 616 563 652 inter
591 626 839 663 quoscunque
868 613 1050 649 terminos
1071 620 1247 660 acceptos
1267 620 1323 648 est
1342 612 1405 655 ali-

340 669 444 718 quod
467 668 650 705 medium.

396 723 428 759 5.
460 721 536 758 Sed
563 722 582 741 '3
611 719 866 767 Philosophus
891 718 979 755 dicit
1007 718 1113 766 quod
1141 717 1231 754 nihil
1266 717 1402 765 differt,

338 775 418 811 sive
447 774 499 810 sic
528 773 758 821 accipiantur
785 772 930 808 infinita
958 771 1086 808 media
1110 771 1215 819 quod
1239 770 1311 807 sint
1338 772 1403 808 ha-

338 829 412 864 bita
441 827 489 863 ad
508 827 685 872 invicem,
708 826 802 862 sicut
822 824 1001 872 contingit
1020 825 1057 860 in
1084 824 1269 870 discretis;
1298 831 1401 873 puta,

337 881 374 917 in
405 880 552 917 civitate
582 880 721 916 domus
751 878 884 915 domui
914 886 969 915 est
997 878 1124 914 hahita
1147 875 1171 923 ⁰,
1202 885 1239 914 et
1266 878 1304 914 in
1334 890 1401 914 nu-

337 934 451 970 meris
478 933 601 970 unitas
629 932 777 969 unitati:
812 932 893 968 sive
921 944 1000 968 non
1028 930 1147 979 possit
1175 931 1336 968 inveniri
1364 931 1402 967 in

337 987 471 1023 mediis
497 986 639 1034 aliquid
660 986 680 1006 ’¹‘
706 986 891 1031 habitum,
922 985 990 1021 sed
1019 996 1172 1032 semper
1199 984 1295 1021 inter
1324 984 1401 1021 duo

336 1040 463 1077 media
483 1039 528 1076 sit
547 1039 702 1088 aliquod
722 1038 895 1075 medium
916 1038 1132 1086 accipere*;
1154 1037 1250 1074 sicut
1268 1037 1403 1074 accidit

335 1093 373 1129 in
403 1093 601 1138 continuis,
622 1093 660 1129 in
689 1092 827 1140 quibus
846 1092 943 1128 inter
967 1091 1157 1140 quaelibet
1176 1091 1254 1127 duo
1284 1091 1399 1139 signa,

335 1147 415 1183 sive
444 1147 540 1183 inter
569 1146 645 1183 duo
674 1153 815 1194 puncta
838 1151 857 1191 ¹,
883 1157 1036 1193 semper
1065 1151 1119 1181 est
1138 1144 1293 1193 aliquod
1322 1157 1401 1181 me-

336 1200 442 1237 dium
462 1200 645 1248 accipere.
676 1200 725 1235 Et
745 1199 850 1247 quod
869 1199 944 1235 hoc
964 1198 1054 1234 nihil
1079 1197 1228 1234 differat
1246 1198 1295 1234 ad
1312 1210 1401 1246 pro-

334 1253 514 1302 positum,
527 1253 608 1289 sive
627 1264 706 1289 uno
727 1252 859 1297 modo,
876 1251 957 1288 sive
977 1251 1062 1297 alio,
1081 1251 1132 1287 sic
1152 1250 1366 1287 manifestat
1383 1252 1402 1272 *

335 1307 520 1344 subdens:
550 1306 640 1355 quia
658 1312 671 1326 ²
700 1305 897 1354 supposito
924 1304 1030 1354 quod
1054 1303 1127 1340 sint
1146 1304 1291 1340 infinita
1320 1317 1400 1340 me-

335 1360 397 1397 dia
424 1360 520 1396 inter
539 1361 573 1396 A
603 1366 639 1396 et
661 1359 709 1405 C,
740 1371 906 1407 quorum
935 1357 1132 1406 quodlibet
1158 1364 1320 1394 vocatur
1346 1358 1398 1403 B,

333 1413 593 1462 quodcunque
627 1413 766 1449 horum
803 1411 969 1459 accipio,
1005 1422 1162 1447 necesse
1195 1417 1251 1446 est
1294 1410 1401 1458 quod

333 1467 429 1503 inter
461 1466 551 1503 illud
584 1473 620 1502 et
651 1467 686 1501 A
721 1473 757 1501 et
790 1465 821 1501 C
860 1465 933 1501 sint
965 1463 1110 1500 infinita
1147 1462 1299 1509 media,
1334 1464 1399 1514 'vel

333 1533 411 1557 non
440 1520 512 1556 sint
538 1518 683 1555 infinita
712 1525 886 1566 respectu
919 1516 1070 1554 alterius
1099 1528 1247 1553 eorum.
1281 1516 1399 1553 Verbi

331 1572 466 1621 gratia:
500 1584 691 1621 ponamus
719 1571 825 1620 quod
853 1570 981 1607 media
1011 1569 1084 1606 sint
1110 1569 1239 1606 habita
1267 1569 1316 1606 ad
1344 1569 1398 1606 in-

330 1626 468 1671 vicem,
490 1625 585 1662 sicut
604 1624 738 1661 accidit
756 1624 795 1661 in
824 1623 1004 1670 discretis,
1026 1630 1063 1660 et
1081 1623 1315 1671 accipiamus
1335 1622 1398 1659 ali-

330 1679 436 1729 quod
464 1678 636 1715 medium
669 1677 775 1726 quod
809 1677 856 1713 sit
888 1676 1061 1713 habitum
1099 1676 1149 1713 ad
1186 1676 1312 1724 ipsum
1340 1677 1396 1722 A;

330 1745 486 1769 necesse
516 1731 584 1768 erit
611 1731 717 1780 quod
745 1731 841 1767 inter
874 1730 966 1767 illud
990 1729 1164 1766 medium
1194 1737 1231 1766 et
1260 1729 1290 1766 C
1326 1729 1398 1766 sint

329 1786 454 1823 adhuc
487 1784 633 1821 infinita
667 1784 805 1834 media.
845 1784 895 1820 Et
931 1783 1100 1820 similiter
1137 1782 1168 1819 si
1204 1790 1397 1831 ponantur

328 1838 520 1888 quaedam
549 1837 655 1875 finita
689 1837 816 1874 media
848 1836 944 1873 inter
971 1838 1005 1873 A
1035 1844 1071 1873 et
1098 1835 1191 1873 illud
1222 1835 1396 1873 medium

328 1899 539 1940 acceptum.
570 1892 619 1928 Et
638 1891 776 1928 eadem
800 1890 893 1927 ratio
915 1897 970 1927 est
990 1889 1021 1926 si
1039 1897 1204 1939 ponatur
1223 1889 1396 1926 medium

328 1952 527 1993 acceptum
547 1944 767 1981 immediate
789 1943 966 1991 coniungi
993 1943 1064 1992 ipsi
1094 1943 1142 1989 C,
1172 1943 1235 1980 vel
1260 1954 1329 1991 per
1351 1942 1395 1979 fi-

328 1999 404 2035 nita
417 1999 436 2020 *
455 1998 582 2035 media
602 1998 650 2034 ab
671 2010 718 2034 eo
740 1997 888 2034 distare.
910 1998 969 2033 Ex
988 2009 1066 2045 quo
1086 1996 1196 2044 igitur
1210 1994 1223 2017 λ
1242 2007 1396 2044 semper

327 2065 349 2089 a
373 2051 501 2089 medio
531 2058 687 2099 accepto
717 2058 867 2099 oportet
894 2050 1066 2098 accipere
1094 2049 1241 2086 infinita
1268 2048 1396 2086 media

327 2105 376 2143 ad
405 2106 564 2142 alterum
594 2112 870 2151 extremorum,
901 2116 980 2140 non
1010 2102 1135 2140 differt
1167 2110 1297 2139 utrum
1322 2109 1394 2139 sta—

379 2267 406 2302 η)
423 2266 558 2300 Definitur
572 2266 689 2291 habitum
703 2265 730 2290 in
745 2265 950 2299 VPhysicorum
970 2270 1039 2290 etc.-
1045 2265 1112 2290 Cum
1127 2265 1202 2290 codd.
1215 2265 1338 2298 ponimus
1348 2265 1396 2290 ha-

327 2303 408 2328 bitum
424 2303 482 2327 loco
497 2301 601 2326 habitus
622 2302 681 2333 quia
699 2309 751 2325 non
764 2301 869 2326 habitus
883 2301 915 2330 P,
937 2301 986 2325 hoc
1002 2306 1042 2325 est
1055 2301 1200 2333 qualitates,
1215 2300 1256 2325 hic
1271 2299 1397 2325 definiun—

326 2343 376 2368 tur,
387 2338 432 2362 sed
446 2337 544 2362 habita.
558 2337 644 2361 Placet
656 2337 696 2361 hic
709 2337 879 2361 transcribere
893 2342 980 2361 notam
996 2336 1171 2367 marginalem,
1183 2344 1262 2369 quam
1276 2343 1306 2360 ex
1321 2336 1397 2361 citato

326 2374 349 2398 V
365 2374 429 2398 libro
445 2373 619 2406 Physicorum
634 2373 739 2404 apponit
757 2372 838 2396 lector
851 2372 946 2396 codicis
965 2373 999 2396 B:
1019 2381 1032 2395 ι
1048 2372 1180 2397 Continua
1200 2377 1270 2403 sunt,
1282 2379 1395 2404 quorum

328 2418 342 2433 »
363 2409 453 2433 ultima
472 2413 534 2432 sunt
547 2415 642 2437 unum3
661 2407 788 2440 contigua
799 2415 874 2438 vero,
890 2415 1003 2440 quorum
1019 2407 1109 2432 ultima
1124 2412 1185 2431 sunt
1199 2407 1290 2438 simul;
1306 2407 1397 2432 habita

328 2454 342 2468 »
363 2449 437 2473 sunt,
457 2451 570 2476 quorum
590 2451 641 2467 non
656 2448 696 2467 est
711 2443 824 2467 medium
841 2443 880 2466 sui
895 2443 1006 2474 generis.
1024 2443 1094 2467 Haec
1109 2447 1242 2475 ponuntur
1259 2443 1284 2468 in
1300 2443 1396 2475 scripto

328 2489 342 2503 »
363 2480 406 2504 lib.
422 2479 443 2503 V
462 2478 642 2511 Physicorum.
655 2487 668 2501 »
691 2478 741 2502 Sed
761 2478 785 2502 d.
798 2478 914 2502 Thomas
934 2478 959 2502 in
979 2479 1020 2502 cit.
1034 2486 1050 2502 v
1065 2479 1121 2503 lect.
1137 2477 1200 2503 haec
1213 2478 1292 2503 habet
1311 2488 1324 2501 α
1337 2478 1395 2503 Νοη

326 2522 412 2545 omne,
424 2515 494 2547 quod
507 2519 547 2538 est
560 2518 756 2545 consequenter,
767 2518 806 2537 est
819 2513 943 2543 habitum,
955 2514 1001 2537 sed
1014 2514 1118 2546 quando
1131 2513 1168 2538 sic
1179 2519 1218 2538 est
1233 2521 1395 2546 consequen-

326 2556 365 2575 ter
385 2550 455 2582 quod
474 2550 566 2580 tangit,
586 2549 620 2573 ita
639 2549 709 2580 quod
726 2548 787 2572 nihil
802 2548 835 2572 sit
849 2549 962 2573 medium
978 2556 1029 2573 non
1045 2549 1130 2573 soium
1150 2549 1266 2574 eiusdem
1280 2550 1395 2582 generis,

326 2586 373 2611 sed
388 2592 434 2610 nec
445 2585 581 2610 alterius.»
591 2598 613 2603 -
625 2584 704 2608 Plana
723 2584 796 2616 legit:
811 2587 999 2616 consequenter
1017 2591 1045 2608 se
1062 2584 1147 2611 habet,
1162 2591 1221 2609 cum
1241 2591 1292 2609 non
1314 2584 1397 2611 cadat

327 2621 453 2648 medium,·
471 2621 520 2645 hoc
538 2619 607 2644 enim
622 2624 671 2644 etc.
690 2618 788 2643 Textus
801 2619 908 2643 Aristot.
927 2619 952 2643 in
964 2627 981 2643 v
996 2619 1118 2653 Phyxia.-
1135 2617 1279 2654 Ἐχόμενον
1294 2618 1316 2643 δ’
1333 2615 1347 2644 ὃ
1363 2614 1395 2645 ἂν

327 2654 414 2690 ἐφεξῆς
429 2651 458 2680 ὂν
472 2653 595 2687 ἅπτηται,
606 2655 647 2680 cui
662 2654 817 2679 conformior
831 2659 871 2678 est
884 2654 959 2679 lectio
972 2662 1052 2687 quum
1067 2655 1186 2679 dedimus
1200 2662 1231 2679 ex
1245 2655 1319 2679 codd.
1329 2655 1396 2680 ΑΒΕ

326 2691 551 2721 DEHIKOQRST
566 2695 592 2715 et
609 2698 631 2715 s.
645 2698 680 2715 m.
696 2690 732 2720 N;
747 2689 841 2722 quibus
862 2690 902 2714 alii
920 2690 995 2715 codd.
1012 2690 1189 2714 consentiunt:
1208 2698 1268 2714 nam
1282 2690 1320 2714 G:
1335 2697 1394 2716 cum

327 2727 465 2760 contingat
474 2733 482 2755 ,·
502 2729 528 2751 et
548 2726 597 2750 hoc
615 2726 668 2750 vid.
683 2730 741 2755 etc.;
755 2725 803 2750 LM
818 2730 843 2749 et
855 2733 880 2757 p.
891 2733 927 2750 m.
941 2725 977 2749 N:
996 2725 1067 2757 quod
1080 2726 1240 2758 frequenter
1259 2723 1396 2758 (corrupte

327 2770 374 2795 pro
386 2760 584 2795 consequenter)
600 2768 627 2786 se
641 2761 726 2790 habet,
739 2768 799 2785 cum
813 2760 850 2793 (L
865 2768 918 2785 om.
932 2760 1009 2792 cum)
1025 2763 1136 2793 tangat:
1149 2763 1176 2785 et
1188 2761 1236 2785 hoc
1249 2760 1302 2785 vid.
1316 2765 1364 2785 etc.

381 2796 405 2831 0)
427 2798 528 2822 Domus
548 2797 639 2821 domui
657 2799 696 2821 est
714 2796 814 2821 habita.
826 2810 846 2814 —
862 2796 944 2820 Codd.
964 2795 1168 2826 BDEHIKLMQ
1192 2801 1217 2820 et
1235 2803 1261 2828 p.
1275 2803 1312 2821 tn.
1331 2796 1395 2821 CNS

326 2841 381 2858 om.
396 2833 495 2858 domui.
515 2833 649 2856 Praeterea
667 2831 740 2856 AGO
760 2836 786 2856 et
804 2839 825 2856 s.
840 2839 876 2855 m.
895 2831 973 2856 CNS:
998 2835 1039 2856 est
1061 2831 1152 2856 habita
1175 2831 1268 2856 domui
1272 2838 1280 2859 ;
1299 2831 1336 2855 R:
1356 2835 1396 2857 est

327 2869 418 2894 habita
437 2873 473 2897 et,
493 2873 554 2900 post
577 2867 687 2900 spatium
707 2875 760 2891 non
778 2866 916 2899 scripturn,
936 2867 1100 2899 prosequitur
1118 2869 1145 2891 et
1163 2866 1190 2891 in
1210 2871 1258 2892 etc.
1277 2866 1395 2900 Denique

326 2905 336 2929 1
355 2912 407 2928 orn.
426 2907 453 2928 et
471 2908 529 2927 ante
548 2902 574 2927 in
595 2902 721 2927 numeris.

380 2938 398 2973 ι)
419 2939 482 2964 Sive
505 2938 576 2963 inter
595 2938 648 2963 duo
663 2940 805 2969 puncta.·-
819 2938 878 2962 AB:
898 2938 968 2963 sicut
986 2937 1057 2962 inter
1075 2937 1128 2962 duo
1147 2941 1211 2967 etc.;
1231 2937 1320 2967 DMQ:
1339 2937 1395 2963 sive

326 2975 382 3000 sint
394 2975 446 2999 duo
460 2979 522 3004 etc.;
537 2974 559 2998 1:
574 2973 613 2998 sic
626 2974 757 3005 (corrupte
771 2981 818 3005 pro
830 2973 909 3005 sicut)
924 2973 995 2998 inter
1009 2973 1063 2998 duo
1077 2977 1140 3002 etc.;
1157 2972 1194 2996 R:
1208 2972 1264 2998 sive
1279 2973 1332 2998 duo
1346 2978 1395 2998 etc.

380 3009 406 3044 κ)
428 3010 497 3040 Quia
516 3009 651 3041 supposito
671 3014 737 3033 etc.-
748 3009 829 3033 Codd.
843 3009 888 3033 ΑΒ
902 3016 956 3033 om.
970 3008 1033 3040 quia
1039 3015 1048 3037 ‚·
1067 3008 1091 3032 G
1109 3016 1163 3033 om.
1176 3008 1239 3040 quia
1258 3008 1395 3040 supposito

326 3051 351 3070 et
370 3053 427 3078 seq.
447 3045 534 3070 media
540 3053 549 3074 ,¹
568 3045 618 3069 HI:
642 3044 713 3076 quod
730 3044 867 3076 supposito
886 3043 1255 3076 quod.-BCDEMNOQRST
1275 3049 1300 3068 et
1318 3052 1344 3076 p.
1359 3052 1394 3069 m.

326 3081 361 3105 K:
381 3081 451 3105 inter
463 3082 486 3105 A
499 3083 526 3105 et
539 3080 598 3104 Z.—
608 3081 643 3104 B:
664 3083 771 3104 vocetur
785 3079 918 3104 B.-GO:
938 3086 1093 3112 quocunque
1111 3086 1203 3104 eorum
1218 3082 1341 3111 accepim·
1355 3080 1394 3104 H:

326 3123 495 3148 quaecunque
513 3115 608 3140 horum
627 3115 752 3147 acceptio.
768 3128 788 3135 —-
804 3114 842 3139 G:
862 3115 933 3147 quod
959 3115 1032 3139 istud
1049 3116 1073 3139 A
1092 3117 1119 3139 et
1140 3115 1163 3139 C
1177 3114 1247 3143 sint5
1266 3114 1304 3139 H:
1324 3115 1395 3148 quod

327 3182 396 3206 inter
415 3182 488 3211 illud,
509 3181 577 3206 idest
594 3182 619 3206 A
637 3181 717 3206 simul
735 3184 762 3206 et
782 3181 810 3211 C,
829 3181 899 3210 sim,-
917 3181 953 3205 R:
966 3181 1037 3213 quod
1050 3181 1121 3206 inter
1137 3181 1204 3206 illud
1217 3189 1235 3206 a
1264 3180 1395 3213 (aliudP)

326 3222 387 3246 sint.
399 3221 562 3246 AIKIMNS:
582 3224 609 3246 et
621 3222 645 3246 A
660 3221 715 3250 vel,·
734 3221 992 3251 BCDELMNOQRS
1005 3226 1031 3245 et
1049 3229 1074 3253 p.
1090 3228 1125 3246 m.
1142 3221 1162 3245 K
1182 3228 1274 3246 rursus
1294 3221 1352 3246 loco
1374 3221 1398 3246 C

326 3256 420 3281 habent
438 3257 471 3286 Z,
492 3261 517 3281 et
535 3257 569 3282 ita
582 3256 646 3284 infra
659 3257 741 3281 semel
755 3262 780 3281 et
794 3257 887 3281 iterum
903 3257 927 3280 in
943 3256 992 3281 hoc
1007 3263 1153 3281 numero.-
1162 3256 1186 3280 Τ
1199 3256 1295 3281 omittit
1306 3256 1394 3287 verba,

326 3299 436 3324 quorum
457 3292 603 3324 quodlibet,
628 3299 714 3324 usque
733 3292 764 3316 ad
781 3293 807 3316 A
825 3295 852 3316 et
873 3292 896 3316 C
911 3292 1048 3322 inclusive;
1073 3291 1138 3328 infra
1154 3299 1217 3316 vero
1237 3299 1296 3316 cum
1321 3299 1394 3324 prae-

327 3327 384 3352 fatis
404 3328 479 3352 codd.
499 3328 559 3359 legit
578 3327 607 3352 Z.

378 3361 407 3396 λ)
428 3363 474 3387 Ex
488 3370 539 3395 quo
553 3362 639 3395 igitur
653 3368 699 3387 etc.
708 3375 728 3382 ·-
737 3362 802 3388 Cod.
815 3363 836 3387 L
849 3370 902 3387 om.
918 3362 1003 3395 igitur
1008 3369 1018 3392 ,·
1032 3363 1064 3388 S:
1081 3362 1128 3387 Ex·
1141 3369 1296 3395 quocunque
1310 3362 1395 3397 igitur

327 3395 395 3430 (seq.
414 3398 497 3428 litura,
511 3403 537 3423 et
549 3405 630 3430 marg.
646 3405 666 3423 s.
682 3406 716 3422 m.
736 3398 852 3428 additur,
872 3397 959 3422 medio
964 3406 974 3428 ,·
993 3398 1066 3422 tertia
1079 3406 1171 3429 manu,
1189 3395 1303 3433 semper)
1320 3405 1393 3423 acce-

322 3433 501 3464 pto.—-BIOR
520 3438 545 3458 et
563 3441 588 3465 p.
603 3441 638 3458 m.
654 3433 689 3458 Ax
708 3440 811 3465 semper
824 3433 919 3461 medio.
932 3441 986 3458 om.
1000 3433 1163 3458 a.—-Deinde
1182 3433 1206 3458 1:
1226 3436 1332 3466 oportet
1349 3440 1393 3458 ae-

326 3468 453 3499 cipere...
467 3475 518 3493 non
539 3468 628 3502 differt
646 3468 800 3500 accipere.-
810 3469 858 3493 DI:
878 3469 1059 3502 coniungatur
1072 3468 1111 3493 illi
1124 3472 1239 3494 extrem.
1244 3477 1253 3499 ‚-
1272 3468 1310 3493 G:
1331 3475 1394 3494 con-

930 216 1316 253 POSTERIORUM
1343 215 1774 254 ANALYTICORUM
1802 219 1895 256 LIB.
1928 220 1941 255 1

1462 293 1530 330 tim
1552 295 1802 343 coniungatur
1817 297 1876 333 alii
1892 305 2163 347 extremorum,
2175 299 2273 336 idest
2291 301 2372 338 sine
2387 301 2529 349 medio,

1461 348 1523 405 vel
1544 360 1622 384 non
1643 349 1780 397 statim,
1801 349 1899 387 idest
1916 363 1986 399 per
2005 351 2130 400 aliqua
2149 353 2288 390 media:
2307 354 2396 403 quia
2416 355 2530 391 etiarn

1461 412 1491 436 st
1521 401 1771 450 coniungatur
1797 403 1864 440 uni
1893 411 2062 441 extremo
2092 405 2172 442 sine
2201 407 2343 453 medio,
2374 420 2530 444 necesse

1461 460 1518 489 est
1531 454 1636 503 quod
1650 463 1784 503 postea
1798 456 2040 494 inveniantur
2054 458 2200 495 infinita
2215 460 2343 496 media
2355 452 2529 509 respectu

1460 506 1629 554 alterius3
1660 515 1696 544 et
1714 508 1764 545 ita
1785 522 1938 558 semper
1957 511 2158 559 oportebit,
2176 512 2206 548 si
2222 520 2278 549 est
2296 513 2488 550 infinitum
2508 515 2528 533 ⁴⁵

1458 558 1498 595 in
1527 560 1674 608 mediis,
1696 562 1802 610 quod
1830 562 2078 600 inveniatur‘*
2097 565 2288 602 infinitum
2315 566 2354 602 in
2378 566 2527 615 praedi-

1460 612 1671 650 cationibus
1689 615 1751 651 vel
1777 616 2021 653 ascendendo
2040 618 2103 654 vel
2125 618 2407 667 descendendo,
2434 619 2529 656 sicut

1457 666 1652 713 praedicta
1677 668 1854 716 probatio
1882 670 2127 717 procedebat.
2452 689 2456 694 ·

1513 719 1548 755 6.
1570 719 1721 757 Deinde
1737 733 1826 757 cum
1843 721 1947 758 dicit:
1967 723 2218 772 Manifestum
2235 731 2290 761 est
2301 731 2426 762 autem
2443 733 2525 772 etc„

1459 771 1623 808 ostendit
1642 773 1747 822 quod
1766 773 1796 810 si
1816 774 1854 811 in
1875 775 2111 813 affirmativis
2141 777 2528 816 demonstrationibus

1458 837 1536 861 non
1564 826 1782 873 proceditur
1810 827 1848 863 in
1877 827 2085 876 infinitum,
2115 842 2241 879 neque
2265 831 2303 867 in
2332 831 2527 880 privativis

1457 877 1496 914 in
1524 878 1714 916 infinitum
1751 881 1988 928 proceditur;
2024 889 2061 918 et
2093 882 2146 919 sic
2179 884 2350 932 quaestio
2385 884 2433 921 de
2463 885 2527 921 de-

1457 932 1796 970 monstrationibus
1825 934 2005 981 negativis
2034 935 2226 972 reducitur
2259 937 2308 973 ad
2337 937 2525 986 quaestio-

1457 996 1548 1021 nem
1577 985 1625 1021 de
1663 986 1899 1024 affirmativis
1928 993 1950 1024 ⁸.
1990 988 2040 1024 Et
2073 988 2171 1025 circa
2203 989 2278 1026 hoc
2315 989 2385 1026 tria
2422 990 2525 1028 facit:

1455 1038 1608 1086 primo,
1638 1039 1819 1087 proponit
1854 1040 1959 1088 quod
1993 1041 2172 1088 intendit;
2206 1042 2402 1089 secundo,
2437 1055 2525 1092 pro-

1457 1092 1522 1128 bat
1549 1092 1810 1141 propositum;
1841 1093 1910 1130 ibi:
1937 1095 1973 1130 T
1969 1094 2147 1142 ripliciter
2173 1096 2273 1132 enim
2293 1097 2524 1137 demonstra-

1456 1150 1518 1181 tur
1532 1145 1552 1166 ²¹²
1574 1154 1657 1192 etc.;
1682 1146 1803 1193 tertio,
1826 1147 1988 1184 excludit
2011 1148 2222 1196 quamdam
2243 1149 2523 1197 obviationem3

1455 1198 1525 1235 ibi:
1545 1199 1795 1248 Manifestum
1815 1206 1870 1236 est
1886 1206 2012 1237 autem
2030 1201 2050 1222 *
2069 1209 2137 1238 etc.
2159 1202 2259 1238 Dicit
2269 1215 2363 1250 ergo
2383 1203 2523 1252 primo,
2551 1216 2562 1226 *

1457 1252 1562 1300 quod
1596 1252 1841 1290 manifestum
1879 1254 1947 1290 erit
1975 1266 2021 1291 ex
2050 1255 2316 1303 sequentibus,
2356 1256 2462 1304 quod
2494 1257 2525 1293 si

1455 1305 1494 1341 in
1513 1305 1791 1353 praedicativa,
1821 1306 1918 1343 idest
1945 1307 2174 1345 affirmativa
2199 1308 2524 1346 demonstratione

1454 1365 1574 1395 statur
1606 1358 1783 1408 utrinque
1813 1356 1844 1406 f,
1879 1359 1976 1397 idest
2003 1360 2042 1397 in
2071 1374 2223 1398 sursum
2258 1369 2295 1398 et
2328 1362 2522 1410 deorsum,

1455 1423 1611 1448 necesse
1641 1412 1710 1448 erit
1737 1413 1843 1461 quod
1877 1420 1994 1450 stetur
2021 1414 2060 1451 in
2089 1414 2265 1462 negativa
2286 1415 2524 1452 demonstra-

1454 1463 1568 1501 tione.
1597 1465 1647 1501 Et
1659 1466 1680 1486 ’¹‘
1699 1465 1748 1502 ad
1768 1466 2041 1514 exponendum
2061 1468 2138 1504 hoc
2157 1468 2263 1516 quod
2280 1469 2522 1517 propositum
2549 1481 2561 1492 ·

1455 1524 1521 1563 est,
1552 1517 1657 1554 dicit:
1688 1517 1734 1554 sit
1761 1517 1812 1555 ita
1845 1519 1951 1567 quod
1979 1532 2059 1557 non
2088 1521 2279 1568 contingat
2302 1522 2350 1559 ab
2373 1522 2521 1570 ultimo,

1453 1569 1550 1607 idest
1577 1571 1625 1607 ab
1654 1570 1790 1608 infimo
1814 1572 2005 1619 subiecto,
2030 1573 2084 1610 ire
2107 1574 2147 1610 in
2179 1587 2331 1611 sursum
2350 1580 2363 1596 ⁰
2381 1575 2420 1612 in
2438 1575 2522 1612 infi-

1453 1623 1575 1660 nitum
1603 1635 1738 1661 versus
1762 1625 1979 1672 praedicata
2010 1626 2251 1664 universalia.
2291 1628 2340 1664 Et
2368 1628 2524 1676 exponit

1452 1676 1544 1725 quid
1574 1684 1629 1713 est
1650 1677 1670 1699 *
1692 1677 1881 1725 ultimum,
1903 1678 2044 1716 scilicet
2071 1679 2163 1716 illud
2183 1680 2290 1729 quod
2318 1692 2397 1718 non
2426 1681 2524 1718 inest
2548 1692 2560 1703 ⁴

1452 1729 1563 1766 alicui
1587 1730 1648 1767 alii
1668 1737 1851 1779 tanquam
1880 1731 2007 1769 minus
2022 1733 2042 1752 '⁵
2062 1733 2293 1781 particulari,
2324 1734 2392 1772 sed
2420 1734 2523 1778 aliud

1451 1783 1498 1820 sit
1516 1783 1555 1820 in
1574 1783 1649 1830 illo,
1666 1791 1703 1820 et
1731 1784 1777 1820 sit
1800 1784 1892 1822 illud
1911 1785 1942 1822 Z
1962 1785 1992 1822 *.
2023 1786 2072 1823 Et
2100 1786 2146 1823 sit
2173 1786 2287 1834 etiam
2307 1787 2415 1836 quod
2432 1787 2522 1825 inci—

1450 1836 1592 1884 piendo
1618 1849 1641 1873 a
1663 1836 1789 1886 primo
1817 1850 1952 1875 versus
1979 1839 2158 1876 ultimum
2185 1852 2265 1877 non
2291 1840 2523 1889 procedatur

1450 1889 1489 1926 in
1514 1889 1705 1927 infinitum
1719 1895 1750 1927 π.
1771 1891 1821 1927 Et
1841 1891 1996 1940 exponit
2012 1893 2031 1914 *
2050 1892 2142 1941 quid
2162 1893 2208 1930 sit
2225 1893 2395 1942 primum
2415 1893 2519 1941 illud,

1451 1942 1591 1980 scilicet
1619 1943 1724 1992 quod
1751 1944 1992 1992 praedicatur
2019 1945 2068 1983 de
2095 1946 2197 2001 aliis,
2231 1954 2270 1983 et
2297 1947 2388 1984 nihil
2417 1947 2520 1985 aliud

1450 1995 1691 2044 praedicatur
1710 1996 1758 2034 de
1778 2009 1838 2045 e0,
1859 1998 1967 2047 quasi
1991 2011 2038 2035 eo
2058 1999 2078 2020 ⁴*
2105 1999 2378 2046 universaliu33
2405 2008 2449 2038 ut
2467 2000 2522 2038 sic

1450 2049 1620 2098 primum
1657 2049 1882 2098 intelligatur
1917 2051 2304 2100 universalissimum,
2342 2053 2520 2092 ultimum

1452 2109 1581 2139 autem
1595 2103 1985 2152 particularissimum.
1999 2105 2039 2142 Si
2054 2105 2164 2154 igitur
2179 2118 2225 2143 ex
2238 2113 2399 2155 utraque
2414 2114 2521 2156 parte

1505 2265 1534 2299 μ)
1558 2265 1686 2291 Veniatur
1704 2266 1731 2291 in
1746 2266 1888 2299 infinitum.
1897 2281 1918 2286 -
1927 2267 1992 2292 Cod.
2006 2267 2040 2292 B:
2051 2267 2216 2299 procedatur
2229 2267 2256 2293 in
2271 2267 2336 2302 ins-5
2351 2267 2520 2296 Deultum

1451 2304 1476 2324 et
1495 2308 1520 2333 p.
1535 2308 1571 2326 m.
1586 2301 1618 2326 S:
1637 2302 1790 2327 inveniatur
1808 2302 1835 2327 in
1855 2302 1917 2336 inf.;
1936 2302 2007 2332 CQT
2026 2307 2052 2327 et
2070 2310 2096 2335 p.
2111 2310 2146 2328 m.
2161 2303 2198 2327 A:
2219 2302 2371 2328 inveniatur
2390 2303 2455 2338 ins-,⁰
2473 2303 2521 2330 Gt:
2563 2326 2566 2328 .

1450 2335 1609 2362 deveniatur
1627 2337 1654 2362 in
1673 2337 1734 2371 ins.;
1754 2337 1792 2362 0:
1811 2337 1936 2363 veniatur
1952 2338 1990 2363 ad
2008 2338 2070 2372 inf.,·
2090 2338 2123 2363 P:
2142 2338 2267 2363 veniatur
2285 2338 2312 2364 in
2332 2339 2382 2372 ins.

1503 2370 1528 2406 ν)
1552 2371 1675 2398 Ostendit
1693 2373 1765 2406 quod
1776 2373 1800 2398 si
1812 2373 1838 2398 in
1854 2373 2026 2408 affirmativis
2044 2374 2160 2400 ete-lta
2178 2373 2264 2405 codd..
2283 2381 2336 2399 exc.
2351 2374 2522 2405 its-Pinna

1450 2406 1541 2432 editio:
1561 2408 1678 2433 ostendit
1696 2409 1767 2441 quod
1779 2408 1842 2441 qm'a
1859 2409 1885 2433 in
1904 2409 2102 2442 affirmativis...
2122 2415 2205 2442 neque
2223 2408 2250 2434 in
2270 2409 2401 2443 negativis
2420 2415 2482 2441 etc.;
2497 2407 2522 2436 R

1449 2442 1607 2468 inordinate:
1622 2444 1738 2468 ostendit
1750 2444 1822 2477 quod
1833 2444 1857 2469 si
1870 2444 1896 2469 in
1912 2444 2044 2477 negativis
2059 2445 2204 2470 demonstr.
2219 2451 2271 2470 non
2288 2445 2399 2477 proced.
2419 2445 2446 2470 in
2461 2445 2521 2479 infi-

1449 2477 1543 2507 nitum,
1557 2478 1626 2503 sicut
1643 2486 1691 2504 nec
1705 2479 1731 2504 in
1751 2480 1922 2513 affirmativis
1935 2480 1962 2504 in
1976 2479 2109 2513 infinitum
2129 2485 2186 2510 etc.;
2199 2480 2230 2504 S:
2244 2480 2360 2505 ostendit
2373 2481 2446 2513 quod
2457 2481 2521 2514 quia

1449 2513 1475 2538 in
1495 2513 1667 2547 affirmativis
1685 2514 1956 2540 demonstrationibus
1970 2523 2022 2540 non
2041 2515 2188 2547 procedere
2200 2516 2227 2540 in
2247 2515 2380 2548 infinitum
2400 2519 2520 2549 oportet,

1449 2555 1531 2581 neque
1545 2549 1571 2573 in
1587 2549 1731 2581 privativis
1744 2549 1770 2574 in
1785 2550 1917 2582 infinitum
1926 2550 2073 2582 procedere
2087 2550 2125 2584 (B
2139 2558 2192 2575 om.
2206 2550 2233 2575 in
2253 2550 2520 2586 ins.proced.).-AC

1450 2584 1713 2614 DEKLMNOQRST
1730 2593 1784 2610 om.
1797 2588 1824 2610 et
1836 2586 1890 2615 sic,·
1902 2586 1937 2610 B:
1949 2592 2008 2610 cum
2025 2586 2144 2618 quaestio
2157 2585 2191 2610 de
2205 2585 2456 2612 demostrationibus
2474 2594 2519 2612 ne-

1448 2619 1548 2652 gativis
1561 2619 1707 2645 reducatur
1724 2620 1763 2645 ad
1779 2620 1958 2653 quaestionem
1975 2621 2008 2646 de
2024 2620 2212 2654 affimativiu
2229 2621 2268 2645 H:
2287 2621 2328 2646 vel
2341 2621 2462 2654 quaestio
2467 2628 2479 2651 ‚⁸
2495 2621 2519 2648 Κ

1449 2661 1471 2679 s.
1486 2662 1535 2680 πω
1555 2655 1626 2687 quod
1645 2655 1765 2688 quaestio
1770 2663 1780 2686 ‚0
1798 2656 1838 2680 O:
1858 2656 1977 2688 quaestio
1995 2656 2103 2681 enim.-
2114 2656 2211 2681 Deinde
2224 2656 2300 2681 codd.
2313 2656 2480 2682 AEHMNST
2493 2661 2520 2683 et

1448 2697 1474 2722 p.
1489 2697 1525 2715 m.
1538 2690 1601 2716 DK:
1622 2691 1659 2715 Et
1674 2691 1747 2716 circa
1760 2691 1810 2716 hoc
1827 2691 1880 2716 duo
1894 2691 1978 2722 facit,
1991 2699 2043 2724 qua
2057 2691 2170 2716 admissa
2186 2691 2303 2722 lectione,
2319 2692 2376 2717 cod.
2389 2693 2412 2717 Α
2425 2692 2520 2718 omittit

1449 2725 1529 2750 tertio
1547 2730 1596 2750 etc.
1611 2733 1697 2758 usque
1710 2726 1742 2751 ad
1759 2726 1834 2751 Dicit
1845 2727 1982 2751 exclusive.
1996 2726 2070 2757 Quae
2083 2726 2193 2751 omissio
2206 2731 2247 2751 est
2259 2727 2392 2758 mendum,
2407 2732 2437 2752 ut
2450 2732 2521 2760 patet

1449 2768 1479 2785 ex
1498 2767 1570 2785 num.
1589 2767 1628 2785 10.
1646 2761 1722 2786 Unde
1741 2761 1781 2786 alii
1801 2761 1902 2786 codices
1921 2761 2051 2794 praecitati
2067 2762 2200 2794 proprium
2214 2769 2330 2787 errorem
2345 2762 2467 2796 produnt,
2481 2763 2519 2790 le—

1448 2796 1534 2828 gendo
1553 2796 1607 2821 duo
1626 2801 1652 2820 et
1670 2800 1760 2828 postea
1779 2804 1838 2821 cum
1859 2796 1878 2821 P
1897 2797 2007 2830 aliisque
2025 2797 2101 2822 codd.
2121 2797 2239 2822 addendo
2257 2797 2338 2823 tertio
2357 2803 2406 2823 etc.

1503 2829 1527 2865 ξ)
1548 2831 1580 2855 Si
1597 2831 1624 2856 in
1634 2831 1822 2863 praedicativa
1834 2837 1911 2857 etc.—-
1920 2832 1985 2857 Cod.
1998 2832 2037 2857 0:
2057 2833 2082 2858 si
2094 2833 2121 2857 in
2133 2832 2321 2865 praedicativa
2336 2833 2519 2860 universali.-

1448 2866 1751 2897 ADEGHIKLNOQRT
1765 2873 1790 2892 et
1804 2868 1912 2899 p.m.S:
1926 2867 1995 2893 idest
2003 2867 2170 2902 affirmativa
2185 2873 2247 2898 etc.;
2259 2869 2300 2893 alii
2314 2869 2398 2894 codd.:
2414 2869 2483 2895 idest
2490 2869 2517 2895 in

1447 2902 1556 2935 afflrm.,·
1566 2902 1612 2927 sed
1625 2910 1684 2926 cum
1695 2902 1831 2935 praedictis
1844 2903 2006 2928 uniformiter
2020 2903 2121 2936 legunt:
2137 2903 2304 2937 affirmativa
2313 2904 2519 2931 demonstratio-

1448 2943 1494 2967 ne,·
1508 2941 1533 2962 et
1543 2936 1609 2962 hanc
1618 2938 1764 2968 lectionem,
1775 2945 1842 2970 quae
1855 2938 1980 2963 indicatur
1989 2946 2019 2963 ex
2034 2939 2212 2971 sequentibus,
2227 2939 2253 2964 in
2269 2940 2396 2972 negativa
2410 2939 2519 2966 demon-

1447 2973 1585 3002 stratione,
1597 2973 1776 3006 adoptavimus
1788 2974 1846 2998 1000
1856 2974 1889 2998 Px
1900 2974 1969 2999 idest
1978 2973 2004 2999 in
2015 2974 2202 3008 affirmatione.
2211 2989 2232 2994 -
2242 2975 2340 3000 Statur
2356 2975 2384 3000 in
2400 2975 2519 3008 utrisque

1449 3008 1537 3040 legunt
1547 3008 1566 3032 P
1578 3013 1604 3033 et
1618 3015 1640 3033 s.
1650 3016 1686 3033 m.
1699 3004 1958 3039 1;ADEKLMNST:
1976 3013 2065 3035 statur
2084 3010 2216 3042 utrinque.
2228 3010 2392 3043 Adoptnmus
2407 3009 2472 3036 hanc
2482 3011 2518 3036 le-

1448 3043 1569 3075 ctionem,
1584 3051 1652 3076 quae
1666 3044 1785 3076 congruit
1795 3051 1855 3069 cum
1870 3044 2018 3070 immediate
2032 3045 2210 3078 sequentibus,
2221 3045 2291 3071 idest
2300 3045 2327 3070 in
2343 3052 2448 3071 sursum
2459 3050 2519 3078 ete„

1448 3083 1474 3103 et
1492 3078 1532 3103 cui
1550 3079 1670 3104 videntur
1688 3079 1834 3104 consentire
1857 3080 1949 3113 reliqui
1969 3080 2044 3105 codd.
2059 3080 2203 3106 omittendo
2223 3080 2249 3105 in
2269 3085 2295 3105 et
2313 3080 2437 3113 legendo,
2456 3081 2512 3107 BR:

1448 3114 1569 3147 utrique3
1588 3115 1623 3139 C:
1644 3118 1785 3147 utrumque
1791 3123 1799 3145 ‚·
1818 3115 1857 3140 H:
1873 3115 1975 3148 utique‚·
1989 3115 1999 3140 l
2014 3123 2040 3148 p.
2055 3123 2105 3140 m.:
2125 3118 2240 3149 utruque
2245 3123 2255 3146 ‚·
2273 3115 2312 3141 0:
2334 3116 2466 3150 utrisque,-
2480 3116 2517 3148 Q:

1448 3153 1539 3174 utrum
1559 3153 1658 3175 utrum.
1678 3150 1702 3175 G
1721 3156 1858 3183 utramque
1883 3151 2020 3176 lectionem
2042 3152 2129 3184 ponit:
2156 3151 2280 3184 utrinque
2305 3151 2331 3177 in
2356 3151 2483 3184 utrisque.
2497 3166 2519 3172 -

1447 3185 1545 3210 'sextus
1565 3193 1688 3216 graecus:
1707 3182 1812 3211 ἵσταται
1830 3183 1871 3211 ἐπ’
1892 3180 2036 3220 &poor-spot.

1502 3222 1528 3255 ο)
1543 3221 1586 3246 Sit
1605 3219 1643 3246 ita
1663 3221 1736 3254 quod
1756 3228 1807 3246 non
1826 3221 1968 3255 contingat
1986 3227 2059 3247 etc.·-
2071 3222 2110 3247 G:
2123 3221 2196 3255 quod
2213 3221 2249 3247 sit
2265 3221 2304 3247 ita
2323 3221 2396 3255 quod
2415 3220 2518 3256 (esron.

1447 3264 1501 3281 om.
1521 3255 1589 3288 non)
1608 3256 1749 3286 contt'naeat
1768 3257 1901 3281 ete—Alii
1921 3257 1996 3282 codd.
2016 3262 2084 3282 stant
2103 3265 2162 3282 cum
2182 3257 2211 3286 P,
2231 3265 2298 3290 quae
2317 3256 2458 3283 conformis
2477 3261 2518 3282 est

1446 3291 1525 3316 textui
1549 3299 1656 3323 graeco:
1678 3289 1768 3317 Ἔστω
1792 3289 1841 3325 γὰρ
1868 3289 1901 3326 μὴ
1927 3289 2092 3327 ἐνδεχόμενον
2112 3291 2174 3327 μήτε
2195 3289 2235 3318 ἐπὶ
2261 3289 2290 3317 τὸ
2318 3289 2370 3317 ἅνω
2396 3286 2448 3318 ἀπὸ
2468 3292 2518 3317 τοῦ

1446 3323 1560 3352 ὑστάτου
1579 3322 1614 3356 εἷς
1634 3323 1739 3360 ἄπειρον
1759 3322 1913 3352 {tvnc-Ire
1930 3335 2046 3358 sursum,
2066 3335 2120 3353 om.
2140 3327 2176 3357 in,
2189 3328 2280 3360 legunt
2298 3328 2381 3358 codd„
2401 3334 2455 3353 exe.
2468 3327 2516 3360 815

1447 3362 1471 3387 O
1490 3362 1585 3387 omittit
1603 3362 1681 3387 etiam
1699 3369 1814 3392 sursum,
1835 3359 1895 3388 ἄνω.

1500 3396 1530 3432 π)
1551 3397 1588 3422 Et
1605 3397 1641 3423 sit
1658 3397 1739 3423 etiam
1759 3403 1835 3423 etc.-
1847 3398 1970 3423 Codices:
1995 3398 2032 3423 Et
2049 3398 2085 3423 sit
2102 3398 2182 3424 etiam
2201 3398 2274 3432 quod
2291 3396 2337 3432 (Gl
2357 3405 2411 3423 om.
2427 3395 2514 3432 quod)

1447 3432 1596 3465 incipiendo
1609 3440 1627 3458 a
1635 3433 1727 3465 primo
1746 3432 1778 3467 (B
1797 3441 1822 3466 p.
1836 3441 1871 3459 m.
1885 3441 1939 3459 om.
1958 3440 1975 3458 a
1991 3431 2114 3468 primo),
2134 3434 2207 3467 quod
2223 3433 2260 3459 sit
2276 3434 2300 3458 A
2331 3434 2355 3458 A
2369 3439 2422 3458 om.
2441 3439 2467 3466 p.
2478 3439 2515 3457 m.

1447 3469 1511 3500 ΑΒ),
1527 3475 1618 3493 versus
1637 3468 1758 3493 ultimum
1779 3475 1831 3494 non
1846 3469 2013 3501 procedatur
2025 3468 2052 3493 in
2067 3469 2214 3502 infinitum5
2232 3468 2300 3494 Bet>
2345 3467 2388 3493 NS
2401 3472 2427 3492 et
2439 3475 2464 3500 p.
2478 3475 2515 3493 m.

328 3503 401 3535 iungr.
416 3503 455 3528 iili
473 3504 512 3528 vel
531 3504 611 3528 alteri
628 3507 756 3533 extrem.,·
775 3504 849 3528 codd.
860 3503 925 3535 (exc.
940 3504 1014 3535 BO):
1033 3504 1392 3529 extrema—ACDELMNO
1445 3502 1484 3527 K:
1504 3503 1530 3528 in
1556 3503 1690 3536 infinitum
1705 3504 1742 3534 2,·
1765 3504 1790 3528 G
1807 3509 1834 3529 et
1852 3511 1874 3529 s.
1895 3511 1932 3530 m.
1946 3504 1984 3528 K:
2006 3504 2033 3529 in
2053 3504 2186 3537 infinitum
2207 3504 2243 3534 C;
2261 3503 2300 3528 M:
2320 3503 2347 3528 in
2366 3501 2514 3535 infinitum,

328 3538 374 3562 RT
394 3544 419 3563 et
437 3546 458 3563 s.
474 3547 508 3563 m.
528 3539 559 3563 S:
579 3539 641 3570 quia
659 3539 682 3564 si
700 3539 794 3569 etiam‚·
813 3539 831 3563 S
850 3547 875 3571 p.
891 3547 938 3563 m.:
959 3539 1022 3571 quia
1041 3542 1068 3564 et
1085 3539 1109 3564 si
1127 3539 1305 3569 etiam-KQ
1316 3539 1393 3564 omit-

327 3578 385 3597 tunt
403 3574 443 3598 vel
462 3581 513 3598 non
532 3574 623 3598 statim
642 3582 727 3606 usque
745 3574 777 3598 ad
795 3574 852 3599 sine
871 3574 958 3599 medio
977 3574 1109 3599 inclusive.

1447 3538 1516 3563 idest
1534 3539 1590 3564 Z.-
1599 3539 1723 3571 Legimus
1742 3546 1802 3564 cum
1821 3539 1944 3564 omnibus
1963 3539 2039 3564 codd.
2058 3539 2208 3572 incipiendo
2225 3545 2244 3564 a
2257 3538 2356 3571 primo,
2376 3542 2404 3562 et
2419 3545 2472 3563 non
2487 3537 2514 3563 in

1445 3573 1599 3606 accipiendo
1617 3580 1635 3598 a
1648 3574 1754 3606 primo,
1774 3579 1802 3599 ut
1819 3574 1897 3599 habet
1914 3574 1944 3599 Ρ.

2555 521 2565 531 ⁸
2581 521 2657 543 Codd.
2673 523 2729 547 (exc.
2740 525 2769 547 Alt

2555 547 2669 574 infinitas.
2679 560 2689 564 -
2698 555 2713 570 Α
2723 555 2771 570 cor—

2556 577 2625 600 rupt.:
2636 574 2660 595 in
2670 574 2769 602 infinitis

2555 600 2647 621 mediis.

2652 637 2670 662 μ

2551 1159 2562 1170 ⁸
2576 1158 2648 1181 Num.
2656 1165 2706 1187 neq.

2577 1215 2649 1238 Num.
2659 1222 2694 1238 ιο.

2575 1480 2607 1502 Et
2619 1487 2667 1504 om.
2677 1488 2699 1503 Α.

2644 1589 2659 1606 0

2573 1697 2670 1714 mino-t
2684 1693 2723 1714 sit.

2548 1749 2559 1761 ‘
2574 1749 2650 1772 Codd.
2659 1761 2670 1767 -
2681 1756 2709 1772 r:
2719 1751 2762 1772 mi-

2549 1776 2612 1798 nori.

2548 1803 2642 1825 'mun
2662 1806 2763 1826 etum.

2547 1829 2622 1852 ιτς.

2547 1935 2558 1947 ’
2575 1909 2706 1958 euadit-r:
2721 1942 2762 1958 ex-

2543 1962 2651 1989 ponitur.

2546 2015 2558 2026 ’
2573 2014 2648 2046 Codd.
2663 2026 2675 2031 ·-
2692 2021 2720 2037 P:
2740 2017 2765 2037 et

2547 2047 2763 2094 §ramma
