2788 4204
74 3028 85 3039 ⁹
96 3027 145 3049 Cod
153 3026 175 3048 d.
186 3037 196 3042 —
207 3033 230 3047 P:
243 3028 285 3047 est.

73 3076 85 3087 ⁴
102 3076 176 3097 Codd.
193 3077 258 3101 lexc.
273 3082 286 3096 ,ι

73 3109 100 3124 ΒΕ
108 3106 112 3128 )
121 3111 125 3124 2
142 3109 208 3124 nunc.

172 3139 188 3155 α

77 3289 86 3300 “
102 3288 172 3310 Num.
186 3295 208 3315 4.

330 253 408 288 204

916 241 1300 278 POSTERIORUM
1328 241 1760 280 ANALYTICORUM
1789 245 1883 281 LIB.
1915 246 1928 281 I

902 437 1203 535 LECTIO
1241 481 1933 541 DECIMASEPTIMA

563 629 1048 671 DEMONSTRATIO
1083 630 1390 672 PROCEDIT
1423 633 1553 673 NON
1587 634 1667 674 EX
1702 635 2116 687 COMMUNIBUS,
2153 639 2270 680 SED

715 705 795 745 EX
828 705 1101 746 PROPRIIS
1136 706 1446 748 PRINCIPIIS
1481 708 1581 748 REI
1614 709 2124 754 DEMONSTRATAE

317 845 413 879 Ἐπεὶ
437 839 475 876 δὲ
499 842 637 887 φανερόν
665 841 717 875 ὅτι
744 841 889 875 ἕκαστον
913 837 1092 884 ἀποδεῖξαι
1115 842 1173 875 οὐκ
1200 843 1290 876 ἔστιν
1311 844 1384 877 ἀλλ’

389 889 409 927 ἦ
429 889 464 921 ἐκ
483 889 548 920 τῶν
567 887 713 920 ἑκάστου
735 887 858 932 ἀρχῶν,
880 886 918 920 ἂν
944 888 985 920 τό
1010 883 1222 933 δεικνύμενον
1249 888 1387 935 ὑπάρχῃ

389 934 409 977 ᾖ
429 934 547 974 ἐκεῖνο,
564 933 623 964 οὐκ
649 931 721 965 ’ἐστι
747 933 788 964 τό
816 932 1024 964 ἐπίστασθαι
1050 935 1169 975 τοῦτο,
1192 932 1230 966 ἂν
1253 933 1287 975 ἐξ
1308 934 1390 972 ἀλη-

387 979 449 1010 θῶν
474 980 531 1010 καὶ
559 972 816 1010 ἀναποδείκτων
842 972 961 1023 δειχθῇ
986 979 1044 1010 καὶ
1072 978 1217 1022 ἀμέσων.

312 1065 410 1096 Ἔστι
434 1062 498 1107 γοὶρ
525 1059 614 1094 οὕτω
640 1056 771 1102 δεῖξαι,
802 1059 912 1103 ὥσπερ
938 1061 1070 1106 Βρύσων
1096 1062 1156 1095 τόν
1182 1074 1389 1108 τετραγωνι-

385 1108 482 1151 σμόν.
517 1105 621 1138 Κατὰ
649 1105 760 1138 κοινόν
787 1118 824 1138 τε
850 1106 914 1176 γάρ
947 1103 1151 1139 δεικνύουσιν
1178 1110 1207 1139 οἱ
1233 1108 1387 1140 τοιοῦτοι

384 1151 494 1199 λόγοι,
523 1151 538 1182 ὃ
562 1152 620 1182 καὶ
639 1150 740 1195 ἑτέρῳ
762 1150 917 1194 ὑπάρῖει·
937 1146 990 1183 διὸ
1007 1153 1065 1183 καὶ
1084 1152 1137 1184 ἐπ’
1161 1153 1270 1185 ἄλλων
1290 1152 1387 1198 ἐφαρ-

385 1198 570 1241 μόττουσιν
590 1198 618 1227 οἱ
634 1194 732 1241 λόγοι
753 1196 789 1228 οὐ
807 1197 986 1242 συγγενῶν.
1013 1197 1141 1229 Οὐκοῦν
1162 1198 1225 1243 οὔχ
1242 1198 1261 1241 ᾗ
1281 1198 1386 1230 ἐκεῖνο

387 1243 588 1281 ἐπίσταται,
611 1240 701 1273 ἀλλά
722 1241 818 1273 κατά
834 1241 1057 1285 συμβεβηκός·
1085 1242 1123 1274 οὐ
1140 1242 1204 1288 γάρ
1225 1242 1263 1275 ἂν
1289 1242 1352 1287 ὲφή
1373 1259 1388 1266 -

386 1298 513 1331 μοττεν
531 1287 551 1322 ἡ
573 1281 744 1327 ἀπόδειξις
769 1287 827 1317 καὶ
852 1286 904 1318 ἐπ’
936 1286 1018 1318 ἄλλο
1035 1289 1143 1332 γένος.
1163 1286 1334 1320 Ἓκαστον
1373 1287 1382 1298 ’

386 1329 602 1375 ἐπιστάμεθα
627 1330 673 1375 μή
697 1331 794 1363 κατά
817 1330 1041 1375 συμβεβηκός,
1063 1331 1146 1364 ὅταν
1171 1334 1250 1364 κατ’
1281 1334 1384 1367 ἐκεῖνο

385 1377 597 1424 γινώσκωμεν
614 1374 690 1408 καθ’
722 1376 737 1408 ὃ
756 1375 914 1421 ύπάρχει,
934 1376 971 1407 ὲκ
996 1377 1062 1409 τῶν
1090 1377 1199 1420 ἀρχῶν
1219 1378 1285 1409 τῶν
1305 1378 1387 1411 ἑκεί-

385 1434 441 1454 νου
459 1422 479 1465 ᾔ
499 1422 617 1462 ἐκεῖνο,
638 1422 704 1453 οἷον
723 1421 764 1454 τὸ
782 1416 873 1454 δυσὶν
893 1419 1002 1465 ὀρθαῖς
1020 1423 1095 1459 ἴσας
1114 1421 1216 1466 ἔχειν,
1237 1422 1260 1463 ᾧ
1280 1424 1384 1466 ύπσίρ-

384 1479 437 1512 χει
461 1464 538 1499 καθ’
568 1466 655 1499 αὐτὸ
681 1466 722 1498 τὸ
747 1466 931 1510 εἰρημένον,
952 1466 987 1497 ἑκ
1006 1466 1071 1498 τῶν
1092 1466 1203 1510 ἀρχῶν
1222 1468 1287 1499 τῶν
1307 1469 1384 1500 τού-

386 1524 459 1545 του.
479 1511 574 1544 “Qu-‘r’
604 1512 631 1542 εἰ
655 1510 730 1543 καθ’
759 1511 846 1544 αὐτὸ
862 1511 998 1544 κάκεῖνο
1018 1510 1162 1556 ὑπάρχει
1181 1511 1204 1553 ᾧ
1224 1512 1381 1559 ὑπάρχει,

387 1556 517 1603 ἀνάγκη
545 1555 585 1588 τὸ
610 1555 710 1600 μέσον
737 1557 768 1588 ἐν
795 1559 840 1598 τῇ
867 1555 959 1596 αὐτῇ
985 1558 1162 1602 συγγενείᾳ
1188 1552 1286 1590 εἶναι.

317 1603 355 1634 Ei.
380 1597 416 1633 δὲ
442 1601 502 1646 μή,
524 1601 599 1633 ἀλλ’
621 1602 662 1638 ὠς
687 1600 733 1633 τά
759 1602 923 1646 ἁρμονικοὶ
946 1596 985 1631 δι’
1019 1599 1250 1645 ἀριθμητικῆς.
1279 1602 1331 1634 Τά
1346 1597 1384 1634 δέ

296 1656 317 1668 ”“
385 1647 535 1680 τοιαῦτα
567 1641 738 1678 δείκνυται
768 1646 826 1690 μὲν
861 1645 1046 1687 ὡσαύτως,
1077 1641 1225 1690 διαφέρει
1259 1641 1311 1678 δέ·
1343 1648 1384 1680 τό

383 1691 442 1736 μὲν
467 1691 531 1737 γάρ
559 1689 611 1723 ὅτι
638 1690 755 1735 ἑτέρας
783 1690 972 1734 ἐπιστήμης
997 1690 1054 1733 (τὸ
1075 1690 1139 1737 γάρ
1166 1692 1383 1736 ύποκείμενον

382 1735 477 1782 γένος
504 1734 648 1780 ἕτερον),
676 1736 717 1769 τὸ
740 1734 777 1768 δέ
803 1731 893 1769 διότι
919 1737 980 1773 τῆς
1009 1736 1095 1776 ἄνω,
1123 1735 1161 1773 ἧς
1186 1734 1260 1768 καθ’
1291 1737 1385 1770 αὐτοὶ

384 1781 431 1813 τοὶ
456 1779 547 1818 πάθη
571 1781 674 1813 ἐστίν.
691 1780 793 1814 ’Ὥστε
810 1783 869 1813 καὶ
888 1782 923 1813 ἐκ
941 1780 1075 1813 τούτων
1094 1780 1234 1824 φανερόν
1253 1780 1306 1814 ὅτι
1325 1782 1384 1814 οὖκ

384 1825 476 1857 ἔστιν
504 1820 683 1866 ἀποδεῖξαι
710 1827 838 1868 ἁπλῶς,
861 1826 934 1859 ἀλλ’
963 1824 984 1862 ἦ
1011 1826 1047 1859 ἑκ
1072 1827 1139 1858 τῶν
1163 1825 1309 1859 ἑκάστου
1330 1827 1385 1872 ἀρ-

382 1871 462 1916 χῶν.
484 1871 593 1903 Ἀλλά
617 1870 749 1904 τούτων
776 1874 810 1903 αἱ
838 1871 941 1916 ἀρχαὶ
968 1872 1083 1917 ἔχουσι
1108 1870 1149 1903 τό
1168 1870 1291 1904 κοινόν.

315 1960 352 1991 Εἰ
377 1953 415 1990 δὲ
439 1960 578 2004 φανερὸν
612 1961 741 2000 τοῦτο,
768 1959 910 2004 φανερόν
943 1963 1001 1992 καὶ
1033 1958 1087 1992 ὅτι
1122 1959 1180 1992 οὐκ
1214 1958 1287 1993 ἔστι
1321 1960 1382 1998 τοὶς

384 2003 529 2037 ἑκάστου
547 2000 634 2043 ἰδίας
656 2005 761 2050 ἀρχάς
790 2002 984 2045 ἀποδεῖξαι·
1011 2004 1148 2037 ἔσονται
1168 2005 1232 2050 γοὶρ
1259 2005 1384 2037 ἐκεῖναι

386 2048 547 2083 ἁπάντων
587 2050 711 2096 ἀρχαί,
751 2052 810 2082 καὶ
851 2049 1024 2095 ἐπιστήμη
1060 2050 1080 2086 ἦ
1117 2049 1249 2082 ἐκείνων
1286 2052 1383 2095 κυρία

385 2093 537 2126 πάντων.

314 2139 381 2171 Καὶ
432 2139 469 2182 ἀρ
496 2140 686 2172 ἐπίσταται
711 2140 841 2183 μᾶλλον
868 2140 883 2171 ὁ
910 2139 946 2171 ἑκ
972 2139 1038 2171 τῶν
1073 2138 1238 2183 ἀνώτερον
1265 2140 1382 2172 αἰτίων

382 2183 409 2214 εἰ
435 2183 489 2222 ὥς·
517 2185 552 2216 ἐκ
578 2185 643 2216 τῶν
670 2183 841 2229 προτέρων
866 2184 931 2230 γάρ
957 2179 1059 2224 οἶδεν,
1087 2182 1172 2216 ὅταν
1198 2183 1235 2215 ἐκ
1260 2183 1307 2226 μή
1334 2185 1385 2216 αἱ-

383 2230 511 2262 τιατῶν
537 2224 610 2272 εἰδῇ
638 2230 768 2262 αἰτίων.
796 2227 891 2262 ”Ωστ’
920 2229 947 2260 εὶ
973 2229 1102 2273 μᾶλλον
1129 2226 1211 2269 οἶδε,
1237 2231 1294 2261 καὶ
1320 2228 1384 2273 μά-

381 2274 497 2307 λιστα·
523 2272 586 2306 κᾶν
612 2274 785 2318 ἐπιστήμη
812 2273 917 2311 ἐκείνη
937 2275 1002 2315 εἴη,
1020 2275 1077 2305 καὶ
1096 2274 1227 2317 μᾶλλον
1244 2275 1301 2306 καὶ
1319 2272 1383 2318 μά-

382 2319 497 2352 λιστα.
1071 2345 1073 2347 ,

312 2364 354 2394 Ἠ
380 2356 409 2393 δ’
441 2357 610 2403 ἀπόδειξις
645 2362 704 2394 οὐκ
736 2361 944 2407 ἑφαρμόττει
971 2363 1024 2394 ἐπ’
1057 2361 1140 2394 ἄλλο
1165 2361 1274 2408 γένος,
1304 2361 1379 2394 ἀλλ’

383 2405 404 2443 ἦ
430 2409 471 2446 ὠς
497 2410 627 2452 εἴρηται
654 2409 688 2439 αἱ
712 2410 937 2453 γεωμετρικαὶ
964 2408 1018 2439 ἐπὶ
1053 2406 1116 2445 τοὶς
1142 2406 1335 2452 μηχανικὰς
1361 2405 1382 2443 ἦ

385 2451 551 2493 όπτικάς,
577 2453 635 2484 καὶ
661 2453 695 2483 αἱ
723 2451 941 2496 ἀριθμητικαὶ
968 2452 1024 2484 ἐπὶ
1050 2452 1112 2490 τοὶς
1141 2451 1334 2496 ἀρμονικοίς.

376 2550 524 2577 ΞΥΝορςιε.
538 2565 572 2569 -
597 2558 619 2576 1.
642 2549 853 2586 Argumentum
881 2548 1024 2577 lectionis:
1048 2558 1109 2577 non
1131 2546 1236 2577 sufficit
1263 2549 1300 2577 ad
1327 2549 1384 2577 hoc

316 2590 396 2627 quod
418 2588 526 2625 aliquid
547 2588 667 2623 sciatur,
697 2589 777 2625 quod
798 2589 1007 2616 demonstratio
1036 2589 1174 2625 procedat
1200 2598 1233 2617 ex
1254 2588 1327 2617 veris
1356 2595 1384 2617 et

315 2629 504 2663 immediatis,
527 2629 577 2656 sed
599 2628 752 2665 requiritur
773 2629 853 2665 quod
881 2628 915 2656 sit
937 2637 970 2656 ex
991 2628 1125 2665 propriis.
1142 2645 1160 2650 -
1175 2636 1202 2656 2.
1225 2629 1382 2656 Probatur:

315 2678 383 2697 nam
406 2669 429 2697 si
450 2668 658 2696 demonstratio
686 2678 747 2696 non
775 2668 810 2696 sit
831 2677 864 2696 ex
886 2668 1032 2704 principiis
1054 2668 1178 2704 propriis
1199 2668 1239 2696 rei
1261 2669 1384 2696 demon—

315 2715 428 2743 stratae,
444 2709 514 2736 haec
528 2718 588 2736 non
603 2717 654 2744 per
668 2717 707 2743 se,
719 2709 769 2736 sed
784 2717 835 2744 per
849 2707 982 2736 accidens
997 2707 1062 2736 sciri
1077 2709 1264 2736 solummodo
1279 2714 1383 2744 potest.

314 2766 334 2771 —
347 2749 372 2776 3.
395 2748 520 2776 Solvitur
540 2748 682 2776 dubitatio
704 2755 732 2776 et
752 2747 940 2776 confirmatur
961 2747 1057 2776 thesis.
1069 2764 1088 2769 -
1102 2748 1176 2775 Cum
1199 2747 1296 2784 passio
1318 2747 1384 2775 insit

315 2788 444 2816 subiecto
459 2794 577 2824 propter
591 2787 732 2823 medium,
748 2787 866 2816 scientia
881 2787 1007 2823 inferior,
1019 2796 1094 2824 quae
1109 2788 1145 2815 de
1159 2787 1278 2824 proprio
1289 2787 1384 2815 subie-

316 2835 362 2856 cto
384 2829 563 2856 demonstrat
584 2827 748 2864 passionem
771 2837 822 2864 per
843 2827 972 2855 medium
995 2827 1151 2864 superioris
1173 2827 1318 2861 scientiae,
1334 2836 1383 2855 co-

315 2868 427 2905 gnoscit
448 2869 484 2896 de
505 2867 569 2905 ipso
591 2868 722 2896 subiecto
743 2877 804 2896 non
822 2873 949 2906 propter
970 2867 1047 2905 quid,
1070 2867 1121 2896 sed
1142 2873 1255 2895 tanturn
1276 2867 1351 2904 quia.
1364 2884 1383 2889 -

451 3016 479 3046 ἵ
583 3014 805 3052 monstratio
823 3027 900 3051 non
916 3014 1120 3063 procedit*
1135 3026 1179 3050 ex
1194 3013 1385 3063 principiis

467 3063 477 3065 ἡ
584 3068 788 3114 extraneis;
810 3067 871 3104 hic
889 3068 909 3088 *
938 3075 1067 3104 autem
1097 3067 1260 3104 ostendit
1279 3067 1384 3115 quod

478 3106 489 3126 '
551 3117 557 3138 ³
583 3134 661 3158 non
694 3121 864 3170 procedit
900 3133 945 3158 ex
980 3120 1250 3158 communibus
1281 3125 1310 3157 '‘.
1337 3121 1386 3157 Et

317 3175 415 3211 circa
434 3175 508 3211 hoc
528 3174 604 3211 duo
626 3174 727 3211 facit:
757 3174 900 3223 primo,
931 3173 1094 3210 ostendit
1122 3173 1382 3223 propositum;

317 3228 496 3274 secundo,
514 3227 655 3264 inducit
670 3227 865 3275 quandam
886 3227 1172 3263 conclusionem
1194 3239 1238 3263 ex
1254 3226 1381 3272 dictis;

316 3281 387 3317 ibi:
417 3281 458 3317 Si
475 3286 599 3317 autem
619 3282 689 3318 hoc
708 3286 761 3317 est
777 3281 797 3302 ²*
816 3288 884 3317 etc.
910 3280 1019 3317 Circa
1045 3280 1213 3329 primum
1243 3280 1312 3316 tria
1333 3279 1384 3316 fa-

318 3334 364 3370 cit
378 3332 405 3370 Ρ.
434 3333 575 3380 Primo,
596 3333 774 3383 proponit
793 3334 978 3370 intentum
1001 3333 1129 3370 dicens
1157 3333 1273 3382 quod,
1295 3333 1383 3382 quia

371 3485 396 3516 α)
419 3485 496 3515 Quod
515 3493 565 3510 non
580 3486 703 3517 procedit
721 3494 758 3511 ex
780 3486 1045 3511 communibus-ita
1064 3487 1083 3511 P
1100 3495 1159 3511 cum
1179 3487 1253 3511 codd.
1268 3486 1345 3511 ABG.
1359 3499 1379 3504 —

316 3519 365 3543 Alii
386 3521 499 3544 codices:
526 3521 596 3552 quod
617 3528 663 3546 nec
683 3522 757 3553 (ΕΚ,
777 3523 845 3553 non)
870 3529 908 3546 ex
927 3522 1068 3554 principiis
1095 3522 1276 3547 communibus
1298 3521 1378 3553 (No,

312 3554 454 3614 {rizzziis
478 3556 612 3588 omnibus)
631 3557 762 3588 procedit.
790 3557 848 3581 Non
876 3562 982 3590 apparet
1007 3557 1071 3582 ratio
1099 3558 1214 3582 mutandi
1244 3557 1381 3582 lectionem

1444 847 1633 884 *Quoniam
1657 855 1764 879 autem
1787 850 1992 881 manifestum
2008 859 2054 882 est
2069 853 2157 893 quod
2181 855 2439 895 unumquodque
2463 856 2514 887 de-

1511 899 1686 923 monstrare
1701 903 1766 940 non
1783 901 1839 932 est,
1859 894 1920 925 ised
1936 903 1991 926 aut
2006 906 2042 926 ex
2059 906 2256 938 unoquoque
2272 898 2514 940 principiorum,

1512 936 1537 966 si
1561 936 1593 966 id
1617 938 1705 977 quod
1731 939 1963 970 demonstratur
1991 940 2030 971 sit
2052 942 2230 972 secundum
2249 943 2338 983 quod
2360 950 2405 974 est
2423 944 2515 984 illud,

1511 991 1576 1011 non
1602 988 1648 1012 est
1671 982 1747 1012 scire
1771 983 1833 1014 hoc
1857 984 1998 1025 quidem,
2023 985 2047 1015 si
2072 995 2109 1015 ex
2132 986 2212 1016 veris
2237 994 2267 1018 et
2285 987 2515 1020 indemonstra-

1512 1025 1627 1056 bilibus
1651 1034 1844 1058 monstretur
1867 1035 1897 1059 et
1919 1028 2119 1060 immediatis.

1443 1070 1500 1101 Est
1523 1070 1609 1100 enim
1633 1070 1676 1101 sic
1700 1079 1890 1111 monstrare,
1922 1073 2003 1104 sicut
2029 1074 2130 1115 Bryso
2159 1076 2434 1116 tetragonismum.
2461 1077 2514 1108 Se-

1510 1115 1652 1146 cundum
1680 1126 1852 1147 commune
1879 1117 1965 1147 enim
1994 1118 2212 1151 demonstrant
2239 1121 2375 1152 rationes
2403 1122 2513 1153 huius-

1510 1159 1599 1190 modi
1623 1167 1653 1190 et
1676 1161 1765 1201 quod
1789 1161 1876 1191 alteri
1899 1162 1990 1201 inest,
2014 1163 2100 1193 unde
2123 1170 2154 1194 et
2176 1164 2209 1195 in
2229 1165 2296 1196 aliis
2320 1167 2515 1198 conveniunt

1508 1204 1567 1234 hae
1579 1205 1726 1243 rationes,
1740 1216 1806 1235 non
1819 1213 1943 1236 tantum
1955 1207 2118 1247 proximiS.
2131 1208 2204 1239 Non
2218 1209 2324 1251 itaque
2336 1211 2514 1242 secundum

1510 1249 1598 1289 quod
1621 1249 1700 1287 illud
1725 1257 1770 1280 est
1794 1251 1860 1288 scit,
1881 1251 1935 1281 sed
1959 1252 2137 1282 secundum
2159 1253 2318 1292 accidens;
2335 1265 2401 1286 non
2426 1255 2512 1286 enim

1510 1293 1658 1324 convenit
1683 1294 1911 1325 demonstratio
1936 1302 1966 1326 et
1988 1296 2021 1326 in
2045 1296 2131 1326 aliud
2155 1307 2266 1337 genus.
2297 1299 2513 1341 Unumquod-

1509 1348 1571 1378 que
1591 1345 1698 1369 autem
1722 1339 1838 1370 scimus
1858 1341 2034 1371 secundum
2054 1341 2214 1381 accidens,
2243 1353 2317 1373 cum
2337 1345 2513 1375 secundum

1507 1383 1586 1413 illud
1603 1393 1669 1413 non
1687 1384 1921 1423 cognoscimus,
1938 1387 2114 1417 secundum
2130 1387 2219 1427 quod
2238 1395 2284 1419 est
2299 1397 2336 1418 ex
2352 1388 2514 1429 principiis

1507 1427 1603 1466 illius,
1627 1427 1660 1457 in
1675 1435 1832 1468 quantum
1855 1429 1933 1474 illud
1957 1438 2018 1469 est,
2044 1438 2079 1462 ut
2104 1432 2230 1462 duobus
2253 1432 2343 1463 rectis
2367 1434 2513 1474 aequales

1506 1471 1620 1502 habere
1645 1472 1695 1502 cui
1719 1472 1800 1503 inest
1823 1484 1878 1513 per
1901 1484 1944 1512 se,
1969 1476 2057 1515 quod
2081 1476 2201 1506 dictum
2219 1483 2280 1515 est,
2296 1487 2332 1507 ex
2351 1477 2512 1518 principiis

1506 1515 1616 1556 ipsius.
1638 1516 1744 1553 Quare
1769 1517 1793 1546 si
1813 1527 1869 1557 per
1885 1528 1917 1549 se
1934 1525 1964 1549 et
1986 1519 2066 1550 illud
2085 1520 2176 1558 inest,
2201 1521 2251 1551 cui
2273 1521 2364 1561 inest,
2385 1532 2511 1553 necesse

1508 1568 1553 1591 est
1577 1561 1720 1591 medium
1743 1560 1775 1590 in
1800 1562 1910 1592 eadem
1933 1563 2133 1603 proximitate
2157 1575 2233 1595 esse.

1440 1604 1472 1635 Si
1496 1615 1571 1635 vero
1591 1615 1668 1642 non,
1689 1605 1742 1635 sed
1760 1605 1840 1636 sicut
1858 1606 2041 1638 harmonica
2062 1619 2118 1648 per
2137 1609 2382 1647 arithmeticam,
2402 1610 2511 1641 huius-

1507 1649 1596 1680 modi
1628 1650 1884 1681 demonstrantur
1913 1651 2044 1692 quidem
2074 1652 2235 1692 similiter,
2269 1654 2324 1684 sed
2354 1654 2511 1688 differunt.

1507 1694 1616 1734 Ipsum
1640 1694 1726 1725 enim
1750 1695 1824 1736 quia
1848 1696 1973 1726 alterius
1997 1697 2128 1738 quidem
2152 1697 2298 1737 scientiae
2322 1705 2369 1729 est
2390 1697 2512 1741 (subie-

1506 1745 1594 1769 ctum
1617 1739 1703 1769 enim
1726 1739 1860 1770 alterum
1883 1750 1983 1781 genus
2003 1739 2078 1783 est),
2096 1742 2150 1772 sed
2169 1749 2299 1783 propter
2321 1743 2399 1784 quid
2418 1754 2510 1784 supe-

1506 1783 1596 1814 rioris
1620 1790 1681 1822 est,
1711 1784 1800 1815 cuius
1829 1795 1884 1824 per
1912 1795 1944 1815 se
1969 1786 2131 1826 passiones
2160 1794 2243 1818 sunt.
2274 1787 2380 1825 Quare
2404 1798 2441 1818 ex
2463 1789 2512 1820 his

1506 1828 1710 1859 manifestum
1731 1835 1794 1867 est,
1817 1830 1904 1870 quod
1921 1839 1986 1860 non
2010 1830 2049 1861 sit
2070 1831 2285 1862 demonstrare
2305 1833 2511 1873 unumquod—

1507 1883 1569 1914 que
1593 1872 1786 1913 simpliciter,
1811 1874 1866 1904 sed
1890 1874 2066 1905 secundum
2090 1876 2179 1916 quod
2203 1885 2239 1906 ex
2255 1876 2510 1919 uniuscuiusque

1506 1917 1666 1958 principiis
1690 1925 1745 1949 est.
1771 1918 1831 1949 Sed
1855 1918 1973 1949 horum
1996 1919 2150 1960 prinpria
2173 1919 2291 1951 habent
2310 1931 2494 1954 commune.

1439 1961 1473 1993 Si
1498 1968 1605 1992 autem
1628 1962 1707 1998 hoc,
1732 1962 1937 1993 manifestum
1964 1970 2010 1994 est
2035 1964 2123 2005 quod
2149 1974 2215 1995 non
2239 1971 2286 1995 est
2309 1965 2510 1997 uniuscuius-

1505 2016 1568 2048 que
1584 2006 1737 2047 principia
1756 2014 1947 2038 monstrare:
1971 2015 2063 2039 erunt
2081 2008 2167 2039 enim
2185 2008 2238 2039 illa
2257 2009 2405 2040 omnium
2424 2010 2508 2050 prin-

1507 2051 1603 2091 cipia,
1628 2057 1658 2082 et
1681 2050 1808 2082 scientia
1831 2051 1961 2082 illorum
1984 2052 2112 2093 propria
2137 2053 2297 2085 omnibus.

1438 2141 1480 2171 Et
1502 2150 1642 2181 namque
1666 2139 1755 2170 scivit
1778 2140 1878 2181 magis
1901 2140 2077 2182 intelligens
2101 2151 2138 2172 ex
2157 2141 2373 2182 superioribus
2388 2142 2509 2183 causis3

1508 2194 1544 2215 ex
1572 2184 1729 2225 prioribus
1760 2185 1845 2215 enim
1873 2185 1979 2224 scivit,
2009 2195 2083 2216 cum
2107 2196 2173 2216 non
2203 2196 2239 2217 ex
2268 2187 2401 2218 causatis
2433 2187 2510 2219 sciat

1505 2239 1624 2260 causas·
1645 2229 1751 2267 Quare
1770 2229 1795 2259 si
1819 2229 1919 2269 magis
1934 2229 2023 2261 scivit
2042 2237 2071 2261 et
2090 2231 2245 2270 maxime,
2261 2228 2293 2262 et
2311 2230 2439 2262 scientia
2457 2231 2510 2263 ina

1452 2273 1455 2276 ’
1506 2273 1563 2304 erit
1586 2281 1617 2305 et
1639 2274 1739 2314 magis
1763 2281 1794 2305 et
1816 2273 1962 2305 maxime.

2542 870 2552 881 ⁸
2570 870 2627 898 Cap.
2642 877 2675 892 rx.

2542 897 2611 919 Text.
2621 903 2654 925 23.

2543 932 2661 1003 754
2674 935 2734 983 37

2533 1087 2568 1154 7
2575 1046 2782 1172 πνοῇ

2571 1194 2615 1303 i

2535 2188 2692 2255 Mari?

1440 2363 1502 2394 Sed
1530 2362 1757 2393 demonstratio
1786 2373 1851 2394 non
1881 2348 2028 2394 convenit
2055 2363 2087 2394 in
2111 2364 2198 2395 aliud
2225 2373 2343 2405 geum,
2373 2364 2427 2395 sed
2455 2359 2623 2420 aut‘sssst
2638 2369 2700 2407 23

1507 2407 1588 2438 sicut
1611 2407 1731 2438 dictum
1755 2414 1802 2438 est
1824 2408 2032 2448 geometricae
2053 2408 2085 2438 in
2101 2408 2298 2439 mechanicas
2321 2408 2372 2439 vel
2390 2409 2509 2440 machi—

1507 2452 1627 2482 nativas
1643 2458 1698 2483 aut
1713 2451 1930 2492 speculativas,
1949 2459 1979 2483 et
1994 2452 2206 2484 arithmeticae
2226 2452 2260 2484 in
2276 2452 2487 2485 harmonicas.

1439 2547 1584 2585 Principia
1597 2547 1715 2585 propria
1729 2547 1943 2586 particularium
1965 2548 2149 2577 scientiarum
2170 2549 2277 2577 habent
2297 2549 2406 2587 aliquid
2427 2558 2508 2578 com-

1439 2597 1527 2616 mune
1542 2588 1620 2625 prius
1635 2588 1684 2616 eis.
1696 2597 1753 2623 —4.
1769 2589 1835 2616 Non
1851 2594 1893 2616 est
1907 2587 2133 2625 uniuscuiusque
2155 2588 2289 2617 scientiae
2308 2589 2508 2618 demonstrare

1438 2628 1580 2665 principia
1594 2637 1646 2656 sua
1660 2627 1793 2672 propria:
1816 2628 1887 2656 haec
1908 2627 1985 2656 enim
2007 2635 2129 2664 possunt
2143 2628 2261 2665 probari
2274 2638 2326 2665 per
2340 2628 2509 2658 communia

1439 2677 1572 2696 omnium
1587 2667 1736 2704 principia,
1749 2676 1823 2704 quae
1833 2675 1864 2695 ut
1875 2667 1928 2695 sibi
1938 2667 2057 2704 propria
2071 2668 2234 2696 considerat
2245 2668 2431 2706 philosophia
2441 2668 2507 2707 pri·
2533 2685 2542 2692 ·

1439 2715 1494 2742 ma,
1511 2717 1561 2735 seu
1576 2706 1802 2743 metaphysica.-
1814 2707 1839 2735 5.
1854 2708 1932 2744 Ergo
1946 2707 2131 2745 philosophia
2145 2707 2247 2744 prima,
2259 2717 2334 2745 quae
2344 2708 2508 2736 considerat

1438 2747 1579 2784 principia
1602 2746 1786 2781 communia,
1811 2756 1844 2774 ex
1868 2747 1972 2784 quibus
1995 2748 2156 2784 probantur
2178 2747 2318 2784 principia
2341 2747 2508 2777 immediata

1438 2787 1559 2815 aliarum
1581 2786 1780 2821 scientiarum,
1803 2786 1847 2814 his
1868 2786 2004 2815 omnibus
2026 2787 2151 2816 scientiis
2171 2787 2357 2824 praeeminet.
2372 2803 2392 2810 —
2406 2789 2434 2816 6.
2450 2789 2507 2816 De-

1439 2826 1610 2855 monstratio
1625 2835 1686 2854 non
1700 2826 1830 2863 procedit
1845 2835 1878 2854 ex
1893 2835 1953 2854 uno
1968 2826 1998 2854 in
2019 2827 2096 2855 aliud
2117 2836 2217 2865 genus,
2232 2827 2287 2856 nisi
2309 2827 2382 2856 sicut
2396 2827 2506 2856 dictum

1438 2873 1480 2895 est
1502 2868 1547 2902 (n.
1565 2867 1599 2902 3)
1621 2867 1702 2903 quod
1723 2865 1842 2894 scientia
1855 2866 1987 2903 superior
2000 2867 2131 2904 procedit
2146 2868 2183 2896 ad
2197 2867 2331 2896 scientias
2348 2867 2506 2897 inferiores.

1441 2961 1680 3010 manifestum
1719 2966 1773 2997 est
1808 2961 1909 3009 quod
1943 2973 2018 2998 non
2052 2961 2236 3011 contingit
2273 2962 2507 3012 unumquod-

1441 3025 1512 3062 que
1530 3026 1599 3063 per
1621 3013 1926 3062 unumquodque
1945 3014 2214 3061 demonstrare,
2235 3015 2303 3052 sed
2318 3015 2338 3036 '¹
2359 3022 2508 3064 oportet
2532 3030 2543 3042 ·

1440 3067 1546 3116 quod
1575 3067 1847 3104 demonstratio
1879 3067 1947 3104 fiat
1973 3079 2024 3104 ex
2049 3079 2273 3117 unoquoque
2298 3068 2505 3117 principio-

1440 3132 1548 3166 rum,
1578 3121 1652 3157 hoc
1680 3121 1812 3166 modo,
1838 3120 1943 3168 quod
1971 3121 2010 3158 id
2032 3121 2134 3170 quod
2158 3121 2436 3158 demonstratur
2461 3121 2510 3159 sit

1430 3174 1643 3210 secundum
1664 3174 1765 3222 quod
1782 3179 1836 3210 est
1853 3174 1959 3220 illud,
1981 3173 2088 3221 idest,
2109 3182 2258 3223 oportet
2277 3174 2383 3223 quod
2401 3174 2502 3224 prin·

1442 3226 1538 3275 cipia
1567 3227 1899 3264 demonstrationis
1927 3227 2039 3264 insint
2070 3240 2139 3277 per
2166 3240 2206 3264 se
2238 3227 2291 3274 ei,
2317 3227 2423 3276 quod
2442 3227 2506 3265 de-

1440 3287 1687 3325 monstratur;
1709 3280 1750 3326 si,
1767 3280 1935 3328 inquam,
1953 3281 2002 3317 ita
2019 3288 2083 3327 est,
2105 3293 2184 3318 non
2203 3280 2352 3328 sufficit,
2368 3281 2417 3318 ad
2430 3281 2506 3318 hoc

1440 3333 1546 3381 quod
1574 3333 1716 3382 aliquid
1736 3333 1889 3380 sciatur,
1910 3333 2015 3382 quod
2035 3333 2316 3371 demonstretur
2340 3345 2390 3370 ex
2406 3332 2505 3371 veris

1492 3485 1516 3519 β)
1543 3486 1609 3511 Tria
1621 3486 1730 3521 facin-
1743 3486 1832 3511 Pinna:
1849 3486 1902 3512 duo
1914 3486 1999 3520 facin
2013 3491 2049 3518 et,
2064 3486 2117 3511 duo
2125 3485 2204 3520 facit,
2220 3486 2310 3518 legunt
2323 3485 2405 3518 prim·
2425 3492 2504 3509 manu

1437 3522 1513 3546 codd.
1529 3522 1591 3552 GK;
1611 3522 1658 3546 sed
1678 3522 1754 3547 lectio
1773 3522 1908 3553 corrigitur
1926 3522 2040 3546 secunda
2064 3529 2142 3546 manu
2161 3521 2187 3546 in
2206 3520 2261 3546 tria
2273 3520 2358 3555 jacit,
2377 3519 2444 3545 sicut
2461 3520 2503 3544 alii

1437 3565 1531 3582 omnes
1552 3557 1654 3582 codices
1675 3558 1772 3589 legunt,
1788 3562 1813 3582 et
1828 3557 1965 3590 legendum
1981 3562 2028 3587 est,
2041 3562 2068 3581 ut
2083 3561 2154 3589 patet
2167 3563 2198 3581 ex
2217 3555 2267 3581 hoc
2287 3560 2313 3580 et
2332 3554 2435 3580 duobus
2455 3563 2504 3580 nu-

1439 3592 1517 3617 meris
1537 3592 1714 3625 sequentibus,
1734 3592 1852 3617 Primo...
1872 3592 2029 3617 Secundo...
2052 3591 2150 3617 Tertio.
2446 3599 2450 3602 ·

2557 3036 2584 3052 a:
2598 3030 2630 3052 ei.
