2788 4204
67 535 77 543 ·
87 539 130 555 nu:
145 530 188 553 sed
201 529 271 552 etiam

167 791 182 808 Χ

69 819 78 828 ·
88 822 280 842 mmuqnsr.

69 855 79 860 -
87 850 107 865 P:
116 845 185 870 erat;
197 849 227 865 u:
236 845 280 865 est.

67 949 80 960 ’
93 953 240 973 ωειειαιετ
252 955 257 969 :

68 974 227 997 contineatur.

165 1000 184 1027 λ

1186 276 1298 313 CAP.
1329 277 1363 322 1,
1394 275 1544 312 LECT.
1575 275 1607 311 11

308 356 433 394 maior
447 362 484 391 et
498 355 638 401 minor,
660 354 750 391 scita
764 354 1022 403 propositione
1039 355 1187 400 maiori,
1204 355 1376 392 nondum

309 410 469 447 habetur
502 407 752 445 conclusionis
786 408 960 455 cognitio.
999 408 1132 444 Maior
1169 420 1258 455 ergo
1290 420 1378 456 pro-

308 462 445 513 positio
486 461 819 511 praecognoscitur
866 461 1098 498 conclusioni
1139 473 1218 497 non
1253 462 1378 498 solum

310 523 454 561 natura,
485 514 552 551 sed
583 515 602 536 *
629 523 814 564 tempore.
845 515 990 551 Rursus
1019 521 1147 550 autem
1180 513 1211 550 si
1239 514 1278 550 in
1310 515 1378 550 mi-

310 569 397 606 nori
408 568 668 617 propositione
683 568 882 605 inducatur
901 568 981 604 sive
1001 575 1215 603 assumatur
1238 567 1378 615 aliquid

311 629 531 659 contentum
560 622 631 658 sub
659 621 862 658 universali
890 620 1162 670 propositione,
1192 632 1290 668 quae
1323 629 1378 657 est

310 675 445 721 maior,
477 675 523 712 de
543 687 620 723 quo
640 674 884 711 manifestum
909 687 987 711 non
1011 673 1056 710 sit
1084 674 1189 722 quod
1215 675 1286 710 sub
1304 675 1378 711 hoc

309 728 512 766 universali
532 728 777 774 contineatur,
799 727 972 765 nondum
995 728 1156 765 habetur
1175 728 1378 764 conclusio-

310 782 367 819 nis
387 781 549 830 cognitio
569 787 593 828 ³‘,
610 781 698 830 quia
718 781 892 818 nondum
913 781 980 818 erit
996 781 1016 802 *
1035 789 1135 818 certa
1153 780 1291 817 veritas
1311 782 1379 818 mi-

310 835 413 873 noris
439 834 719 885 propositioniS.
750 835 791 872 Si
819 843 947 872 autem
976 834 1014 872 in
1041 835 1182 872 minori
1206 834 1379 883 proposi-

309 888 412 926 tione
440 896 655 926 assumatur
681 888 875 935 terminus‚
906 889 953 926 de
973 901 1051 936 quo
1071 888 1315 925 manifestum
1335 888 1380 925 sit

310 942 415 990 quod
445 942 656 979 continetur
668 943 688 963 *
709 943 779 979 sub
798 942 1002 979 universali
1020 941 1059 978 in
1078 941 1217 978 maiori
1237 953 1378 990 propo-

310 995 456 1042 sitione,
482 995 763 1045 patet2veritas
791 995 949 1032 minoris
974 994 1260 1044 propositionis:
1290 994 1379 1043 quia

310 1048 347 1086 id
377 1049 482 1097 quod
518 1049 697 1098 accipitur
725 1049 796 1085 sub
823 1048 1027 1085 universali
1058 1048 1175 1085 habet
1202 1047 1281 1083 eius
1316 1060 1378 1084 co-

310 1102 530 1150 gnitionem,
547 1110 584 1139 et
602 1102 655 1138 sic
670 1101 795 1138 statim
809 1102 970 1138 habetur
985 1100 1236 1138 conclusionis
1252 1100 1378 1147 cogni-

309 1155 361 1191 tio
376 1161 406 1191 μ.
423 1155 474 1192 Ut
492 1154 590 1191 sisic
610 1155 886 1192 demonstraret
901 1154 1046 1202 aliquis,
1068 1153 1188 1190 omnis
1207 1153 1378 1202 triangu-

272 1222 282 1233 ·
309 1207 368 1244 lus
384 1208 502 1244 ‘habet
517 1213 591 1244 tres
609 1201 771 1257 angulos
790 1207 965 1256 aequales
993 1207 1137 1243 duobus
1155 1206 1279 1251 rectis,
1309 1205 1378 1242 ista

68 1325 79 1337 '
89 1324 184 1348 eoda—
198 1330 224 1346 r:
238 1330 280 1346 ac-

67 1351 281 1419 &stret-if.

311 1260 470 1308 cognita,
487 1260 661 1298 nondum
675 1261 837 1298 habetur
851 1259 1102 1297 conclusionis
1119 1258 1293 1306 cognitio:
1310 1259 1377 1295 sed

311 1325 399 1350 cum
423 1321 556 1362 postea
580 1313 782 1351 assumitur
799 1314 832 1360 ³⁸,
856 1314 950 1350 haec
969 1314 1109 1362 figura
1128 1311 1311 1360 descripta
1339 1312 1376 1348 in

308 1367 556 1414 semicirculo,
572 1373 627 1404 est
643 1366 867 1416 triangulus,
883 1366 1009 1403 statim
1025 1365 1138 1403 scitur
1151 1366 1171 1386 *
1186 1365 1291 1412 quod
1310 1365 1376 1401 ha-

310 1420 375 1457 bet
397 1428 472 1458 tres
496 1421 654 1468 angulos
674 1420 851 1468 aequales
874 1420 1025 1457 duobus
1045 1418 1165 1456 rectis.
1188 1418 1227 1455 Si
1246 1426 1375 1455 autern

309 1485 390 1510 non
409 1481 507 1510 esset
524 1473 767 1510 manifestum
787 1473 893 1521 quod
913 1475 932 1492 ⁴*
951 1473 1046 1510 haec
1066 1473 1186 1520 figura
1206 1472 1245 1508 in
1263 1471 1375 1508 semi-

271 1550 282 1556 -
310 1525 449 1564 circulo
478 1526 664 1576 descripta
694 1534 749 1564 est
775 1526 1000 1574 triangulus,
1040 1525 1213 1562 nondum
1251 1524 1375 1562 statim

273 1600 279 1614 ι
309 1578 462 1617 inducta
481 1580 740 1629 assumptione
754 1585 768 1600 '
781 1579 937 1616 sciretur
952 1578 1160 1625 conclusio;
1181 1578 1248 1615 sed
1264 1590 1375 1627 opor-

270 1631 281 1635 “
308 1632 404 1671 teret
416 1634 437 1655 *
450 1633 603 1671 ulterius
619 1633 720 1671 aliud
736 1633 777 1655 ³⁸*
792 1633 963 1671 medium
979 1644 1173 1681 quaerere,
1189 1644 1258 1680 per
1271 1631 1377 1679 quod

362 1787 388 1823 x)
402 1788 529 1813 Nondum
542 1787 655 1812 habetur
668 1786 843 1812 conclusionis
856 1785 982 1819 cognitio.
996 1786 1031 1810 Ita
1044 1785 1064 1810 P
1081 1790 1107 1810 et
1120 1785 1258 1809 codices.-
1267 1785 1341 1809 Unus
1354 1785 1375 1809 L

309 1824 379 1848 addit
397 1823 559 1848 immediate:
578 1822 667 1848 maior
689 1830 755 1855 ergo
778 1822 928 1854 propositio
944 1820 1184 1854 praecognoscitur
1201 1821 1375 1845 conclusione.

307 1858 434 1885 Videntur
451 1863 539 1883 tamen
556 1858 636 1883 verba
654 1857 697 1882 illa
715 1858 844 1890 pertinere
866 1858 898 1881 ad
922 1862 1010 1881 notam
1033 1856 1200 1887 marginalem
1227 1853 1270 1888 (et
1288 1863 1376 1880 revera

308 1894 400 1924 eadem
419 1894 541 1926 leguntur
558 1893 585 1918 in
603 1900 684 1925 marg.
704 1893 761 1917 cod.
775 1892 802 1926 l)
823 1892 871 1917 nisi
885 1892 951 1916 sorte
965 1891 1025 1924 quis
1045 1891 1111 1916 dicat
1127 1891 1198 1924 quod
1211 1891 1376 1915 amanuensis

308 1936 339 1955 ex
356 1922 464 1955 recursu
486 1928 641 1958 verborum,
660 1927 834 1953 conclusionis
852 1927 984 1960 cognitio,
1005 1927 1091 1951 denuo
1109 1926 1234 1951 addiderit
1245 1926 1295 1950 hoc
1310 1927 1376 1956 loco,

308 1971 375 1997 quae
388 1972 468 1997 supra
481 1963 534 1988 iam
548 1963 698 1996 scripserat:
713 1963 801 1988 maior
813 1970 879 1996 ergo
893 1968 966 1988 etc.—-
980 1963 1075 1995 Supra:
1094 1961 1128 1987 de
1141 1969 1192 1994 quo
1206 1961 1376 1995 manifestum

307 2007 360 2026 non
378 2000 415 2026 sit
426 2004 484 2030 etc„
497 2000 555 2024 cod.
569 1999 594 2025 Ο
613 1998 704 2024 habet:
717 1999 751 2024 de
763 2006 815 2031 quo
834 1999 1004 2032 manifestum
1025 2005 1076 2023 non
1090 1998 1126 2022 sit
1139 1998 1210 2029 quod
1222 1997 1377 2022 huiusmodi

307 2035 440 2061 conclusio
457 2035 506 2061 sub
524 2035 574 2060 hoc
592 2040 640 2060 etc.
659 2035 711 2059 Sed
731 2039 770 2059 est
789 2034 863 2059 lectio
882 2042 934 2058 non
954 2033 1117 2067 acceptanda.

359 2069 389 2105 λ)
409 2071 440 2096 In
459 2070 556 2096 maiori
568 2070 760 2102 propositione,
774 2073 853 2102 patet
872 2074 920 2094 etc.
939 2069 1004 2094 Cod.
1024 2069 1044 2093 C
1062 2068 1136 2101 legit:
1155 2068 1182 2093 in
1201 2068 1299 2093 maiori
1311 2075 1377 2100 pro-

301 2106 436 2139 positione
455 2106 642 2131 universaliter
651 2105 799 2138 proposita,
814 2108 894 2138 patet
909 2110 957 2130 etc.
972 2105 1072 2129 Desunt
1090 2103 1176 2134 verba,
1193 2103 1378 2129 uniuersaliter

301 2142 445 2174 proposita
469 2142 495 2166 in
519 2142 596 2166 Piana
622 2147 647 2166 et
665 2141 721 2166 aliis
740 2141 765 2165 in
785 2141 872 2172 codd.;
897 2140 1037 2165 adiicienda
1059 2145 1147 2164 tamen
1166 2139 1291 2169 videntur,
1311 2139 1378 2163 sicut

307 2177 459 2202 adiiciuntur
476 2177 502 2202 in
526 2177 614 2202 codice
633 2177 661 2207 C,
681 2181 725 2201 aut
749 2177 841 2201 saltem
864 2175 1087 2208 subintelligenda.
1108 2175 1141 2200 Ut
1159 2174 1228 2199 enim
1251 2174 1377 2200 habemus

307 2221 338 2238 ex
353 2213 418 2237 libro
433 2213 442 2237 l
457 2213 520 2238 Peri
530 2212 695 2237 hermeneias
709 2210 759 2246 (Cf.
774 2213 831 2236 lect.
844 2219 867 2242 x,
881 2219 906 2236 n.
926 2219 964 2243 14,
979 2211 1066 2246 seqq.)
1082 2218 1104 2235 s.
1114 2210 1231 2235 Thomas
1245 2210 1378 2242 distinguit

308 2248 453 2273 subiectum
471 2248 625 2277 universale,
640 2256 655 2272 a
669 2255 723 2280 quo
742 2247 887 2280 propositio
900 2247 992 2271 dicitur
1009 2246 1171 2276 universalis,
1181 2246 1207 2270 in
1223 2246 1376 2276 universale,

307 2288 334 2308 et
351 2283 530 2308 universaliter
548 2288 695 2316 sumptum;
719 2288 744 2307 et
762 2283 803 2307 hic
826 2290 913 2307 sermo
932 2282 1068 2307 manifeste
1086 2286 1125 2306 est
1150 2282 1182 2306 de
1200 2281 1377 2314 propositione

306 2319 333 2344 in
351 2326 404 2352 qua
422 2318 568 2344 universale
586 2318 636 2343 hoc
654 2319 769 2343 secundo
787 2325 867 2343 sensu
885 2317 1015 2350 accipitur.

361 2353 390 2389 μ)
412 2354 483 2385 Quia
501 2354 530 2380 id
547 2354 619 2387 quod
631 2354 764 2386 accipitur
781 2358 829 2379 eu:-
848 2354 978 2379 Sententia
992 2352 1128 2386 perspicua
1146 2357 1193 2376 est.
1212 2352 1240 2376 In
1258 2352 1376 2384 proposi-

306 2390 376 2415 tione
395 2390 464 2415 enim
483 2389 622 2414 universali
641 2390 673 2414 de
692 2389 807 2415 subiecto
822 2389 1002 2414 universaliter
1015 2394 1129 2421 sumpto,
1145 2387 1318 2420 praedicatum
1332 2388 1376 2412 tri-

308 2425 395 2450 buitur
417 2425 533 2450 subiecto
556 2425 582 2449 in
605 2430 658 2450 tota
681 2425 799 2450 eiusdem
823 2425 931 2450 subiecti
951 2424 1154 2454 univer-salitam
1174 2431 1236 2455 ergo
1254 2423 1376 2448 omnibus

307 2461 430 2486 subiectis
449 2461 481 2486 ad
500 2468 567 2494 quae
585 2468 615 2485 se
633 2461 746 2486 extendit
762 2460 850 2494 ipsum
868 2460 1015 2485 universale
1038 2459 1192 2484 subiectum.
1214 2458 1340 2489 Quocirca
1354 2459 1377 2483 si

307 2496 432 2522 habeatur
442 2501 604 2529 compertum
617 2496 689 2529 quod
703 2496 848 2521 subiectum
862 2496 967 2528 aliquod
980 2495 1024 2527 (de
1037 2503 1090 2528 quo
1100 2496 1203 2527 ponitur
1217 2493 1305 2519 minor
1323 2495 1375 2528 syl-

307 2531 423 2564 logismi)
442 2532 603 2558 contineatur
617 2531 666 2556 sub
683 2532 833 2556 extensione
852 2531 967 2556 eiusdem
988 2531 1095 2555 subiecti
1114 2530 1300 2562 propositionis
1319 2538 1375 2555 ma·

307 2567 380 2596 ioris,
399 2567 508 2592 habetur
525 2567 620 2597 veritas
640 2567 758 2597 minoris,
774 2572 799 2592 et
811 2567 921 2592 habetur
936 2567 1022 2591 statim
1039 2566 1131 2591 veritas
1144 2566 1318 2592 conclusionis
1333 2574 1376 2590 co-

306 2602 552 2636 gnita-Sententia
570 2610 634 2627 vero
652 2603 709 2635 ipsa
733 2603 887 2636 proponitur
905 2611 919 2627 a
938 2611 959 2627 s.
973 2602 1076 2626 Thoma
1098 2602 1189 2627 iisdem
1208 2603 1263 2628 fere
1280 2602 1376 2632 verbis,

307 2638 402 2671 quibus
421 2638 493 2663 illam
518 2638 637 2663 enunciat
659 2638 826 2663 Aristoteles:
850 2638 880 2663 id
897 2638 969 2671 quod
992 2637 1123 2669 accipitur
1146 2637 1194 2662 sub
1218 2637 1375 2666 universali,

306 2673 385 2699 habet
398 2673 454 2699 eius
468 2674 654 2707 cognitionem,
674 2681 726 2698 non
746 2681 822 2698 secus
841 2681 870 2699 ac
888 2674 967 2704 insra;
986 2673 1035 2698 hoc
1053 2674 1191 2698 inductum
1210 2674 1288 2699 habet
1306 2673 1375 2697 noti-

307 2709 372 2735 tiam
397 2709 682 2734 universalis-Com.
701 2710 821 2734 eamdem
839 2709 964 2743 praebent
990 2709 1140 2739 lectionem,
1165 2710 1277 2742 exceptis
1301 2708 1376 2733 codd.

305 2745 388 2775 ABG,
413 2744 458 2778 qui
481 2745 571 2769 leviter
588 2745 687 2769 variant
705 2745 828 2777 legendo:
848 2745 911 2777 quia
931 2743 1000 2779 (ΑΒ,
1019 2745 1082 2776 quia
1099 2743 1155 2778 vel)
1176 2744 1205 2769 id
1218 2745 1290 2777 quod
1307 2743 1376 2768 acci-

300 2780 415 2812 puna...
429 2780 507 2805 habet
520 2780 576 2805 eius
589 2780 767 2814 cognitionem
787 2780 827 2806 vel
845 2780 1067 2808 nominationem;
1086 2783 1112 2805 et
1129 2780 1167 2805 sic
1180 2781 1272 2805 statim
1291 2785 1339 2804 etc.

359 2814 384 2850 ν)
397 2815 525 2841 Nondum
538 2816 630 2841 statim
644 2821 692 2841 etc.
705 2817 740 2840 B:
755 2816 872 2841 nondum
891 2816 982 2841 statim
1002 2816 1028 2840 in
1047 2815 1119 2840 dicta
1131 2816 1311 2848 suppositione
1324 2815 1373 2840 sci-

307 2853 383 2876 retur
390 2856 461 2876 etc.·-
470 2851 504 2876 E:
520 2852 637 2876 nondum
651 2851 677 2876 in
693 2851 765 2877 dicta
777 2852 958 2884 assumptione
966 2852 1079 2876 sciretur
1089 2856 1155 2876 etc.-
1167 2852 1293 2882 LNQRS:
1310 2858 1374 2875 non-

308 2886 371 2911 dum
385 2886 478 2911 statim
493 2887 520 2912 in
540 2887 613 2912 dicta
626 2887 807 2919 assumptione
820 2888 935 2912 sciretur
944 2893 1016 2912 etc.-
1026 2888 1063 2911 M:
1084 2894 1136 2911 non
1150 2887 1242 2912 statim
1257 2887 1283 2912 in
1300 2887 1372 2911 dicta

307 2922 487 2954 assumptione
495 2922 609 2947 sciretur
618 2927 686 2948 etc.-
695 2923 715 2947 C
726 2923 776 2954 legi
787 2928 872 2955 potest
881 2928 933 2947 tam
944 2922 1054 2948 inducta
1064 2930 1142 2954 quam
1154 2923 1270 2951 indicta5
1280 2928 1306 2947 et
1315 2922 1373 2946 ideo

264 2991 270 2996 ι
306 2956 409 2981 videtur
427 2962 495 2982 stare
507 2965 567 2982 cum
580 2958 611 2988 D,
626 2957 698 2982 cuius
712 2958 787 2982 lectio
802 2966 862 2982 esse
874 2963 961 2990 potest
972 2959 1027 2987 vel,
1042 2958 1068 2982 in
1083 2958 1171 2985 ducta,
1185 2959 1235 2988 vel,
1252 2958 1278 2982 in
1292 2957 1373 2982 dicta.

362 2989 386 3026 ξ)
402 2992 481 3017 Hanc
489 2993 700 3024 propositionem
709 2993 863 3025 praescivit.
881 2994 962 3018 Codd.
977 2993 1091 3018 EHKST
1104 2993 1211 3018 habent:
1229 2993 1298 3018 hanc
1312 3001 1375 3018 con-

307 3027 465 3056 clusionem,·
483 3028 530 3052 sed
543 3033 583 3052 est
601 3028 677 3053 lectio
696 3037 749 3052 non
763 3029 926 3060 acceptanda.
940 3042 960 3045 —
971 3029 1007 3053 N:
1026 3029 1191 3054 conclusione
1211 3027 1293 3062 (forte
1311 3036 1373 3053 con-

307 3062 449 3097 clusioni),·
467 3063 610 3088 ABDILO:
624 3063 693 3088 hanc
707 3061 752 3097 (Ο,
771 3062 831 3098 hoc)
842 3063 1003 3089 conclusioni
1006 3071 1015 3093 ;
1028 3064 1061 3088 C:
1080 3065 1150 3089 hanc
1162 3064 1372 3096 propositionem

2425 277 2495 323 ¹45

1436 354 1759 391 demonstraretur
1800 354 1899 390 hanc
1941 354 2104 401 figuram
2143 366 2224 390 esse
2261 355 2499 403 triangulum.

1437 407 1732 456 Exemplificans
1754 419 1842 455 ergo
1859 407 1879 428 *
1898 407 2152 455 Philosophus
2177 407 2223 443 de
2242 408 2299 444 his
2319 421 2417 456 quae
2439 422 2500 446 co-

1436 469 1668 508 gnoscuntur
1687 468 1773 498 ante
1795 460 2079 497 conclusionem
2093 461 2202 508 prius
2217 466 2393 509 tempore,
2415 462 2502 498 dicit

1436 514 1540 562 quod
1570 514 1722 562 aliquis,
1751 525 1820 562 per
1856 514 2220 550 demonstrationem
2253 515 2502 552 conclusionis

1437 567 1691 614 cognitionem
1703 566 1903 615 accipiens,
1914 568 2013 603 hanc
2023 566 2325 616 propositionem
2340 568 2502 616 praesci-

1435 620 1490 657 vit
1510 617 1524 643 ε
1543 620 1655 657 etiam
1675 620 1887 657 secundum
1907 628 2069 669 tempus,
2092 620 2240 666 scilicet,
2257 621 2362 668 quod
2377 621 2502 658 omnis

1436 674 1639 721 triangulus
1657 674 1772 710 habet
1791 681 1864 710 tres
1884 674 2041 721 angulos
2061 673 2211 710 duobus
2232 673 2339 710 rectis
2364 686 2502 722 aequa-

1436 727 1500 763 les.
1528 727 1605 763 Sed
1630 727 1812 764 inducens
1839 727 1939 763 hanc
1968 726 2269 776 assumptionem
2289 727 2322 773 ²³,
2352 727 2501 774 scilicet,

1436 780 1542 827 quod
1569 780 1642 816 hoc
1671 779 1776 828 quod
1801 787 1856 816 est
1883 779 1922 816 in
1949 779 2184 817 semicirculo
2214 780 2259 816 sit
2286 780 2502 828 triangulus,

1436 833 1559 878 simul,
1589 832 1728 869 scilicet
1754 841 1939 881 tempore,
1966 833 2144 880 cognovit
2162 839 2174 854 ⁰
2204 833 2499 881 conclusionem,

1436 886 1524 933 quia
1545 886 1619 922 hoc
1638 886 1835 923 inductum
1853 886 1968 922 habet
1987 886 2157 923 notitiam
2177 887 2410 934 universalis,
2431 889 2502 924 sub

1436 951 1513 987 quo
1543 939 1764 984 continetur,
1794 946 1835 975 ut
1858 951 1936 975 non
1964 947 2137 987 oporteat
2155 940 2501 978 ulterius.medium

1436 1003 1630 1040 quaerere.
1651 992 1701 1028 Et
1719 991 1806 1028 ideo
1826 992 1952 1028 subdit
1971 993 2086 1040 quod,
2103 995 2340 1041 quorundam
2361 1000 2416 1031 est
2432 996 2503 1032 hoc

1436 1045 1547 1081 modo
1562 1044 1768 1092 disciplina,
1785 1044 1880 1082 idest
1899 1057 2033 1082 eorum
2054 1046 2233 1095 accipitur
2253 1047 2414 1095 cognitio
2428 1060 2502 1096 per

1434 1110 1485 1143 se,
1508 1105 1543 1133 et
1562 1110 1641 1134 non
1660 1105 1810 1146 oportet
1829 1110 1873 1134 ea
1895 1110 2122 1145 cognoscere
2141 1112 2210 1148 per
2228 1101 2381 1148 aliquod
2401 1101 2503 1138 aliud

1435 1150 1628 1196 medium,
1667 1151 1771 1198 quod
1800 1151 1846 1187 sit
1872 1151 2048 1188 ultimum
2077 1152 2115 1189 in
2144 1154 2390 1201 resolutione,
2425 1167 2501 1202 qua

1435 1203 1600 1240 mediata
1620 1203 1668 1240 ad
1688 1203 1908 1240 immediata
1929 1205 2168 1243 reducuntur.
2197 1207 2266 1243 Vel
2289 1216 2413 1256 potest
2432 1208 2502 1256 legi

1435 1256 1537 1293 sic⁷‘:
1568 1257 1671 1305 quod
1701 1257 1884 1303 ultimum,
1902 1257 1996 1294 idest
2016 1267 2243 1306 extremum,
2274 1261 2377 1308 quod
2406 1262 2501 1298 acci-

1433 1310 1534 1358 pitur
1564 1311 1635 1346 sub
1668 1310 1870 1347 universali
1898 1312 2044 1358 medio,
2075 1325 2153 1348 non
2182 1311 2329 1362 oportet
2362 1322 2402 1350 ut
2437 1328 2499 1351 co-

1434 1371 1635 1411 gnoscatur
1657 1369 1673 1393 Ρ
1701 1375 1782 1400 esse
1816 1365 1886 1401 sub
1920 1364 1981 1401 illo
2015 1366 2217 1402 universali
2250 1379 2318 1415 per
2350 1368 2502 1415 aliquod

1434 1417 1534 1454 aliud
1562 1416 1746 1454 medium.
1777 1417 1826 1453 Et
1849 1430 1947 1465 quae
1976 1418 2048 1455 sint
2075 1419 2161 1466 ista,
2191 1432 2289 1467 quae
2318 1422 2503 1470 semper*

1432 1471 1574 1507 habent
1593 1470 1847 1517 cognitionem
1863 1471 1920 1507 sui
1939 1471 2171 1518 universalis,
2188 1473 2401 1511 manifestat
2415 1476 2501 1512 sub-

1434 1524 1527 1561 dens
1555 1524 1660 1571 quod
1687 1524 1907 1562 huiusmodi
1936 1533 2022 1562 sunt
2050 1526 2266 1573 singularia,
2296 1540 2394 1575 quae
2423 1541 2501 1565 non

1434 1576 1608 1614 dicuntur
1626 1577 1673 1614 de
1693 1577 1819 1625 aliquo
1839 1578 2007 1615 subiecto
2025 1580 2058 1616 *;
2082 1592 2169 1616 cum
2189 1580 2284 1617 inter
2303 1580 2500 1629 singularia

1434 1638 1470 1668 et
1497 1630 1664 1679 speciem
1692 1632 1838 1668 nullum
1866 1632 2038 1669 medium
2065 1633 2184 1682 possit
2211 1633 2381 1671 inveniri.

1432 1786 1594 1811 conclusioni
1602 1786 1750 1818 praescivit
1755 1794 1765 1815 ,·
1777 1787 1817 1811 M:
1832 1787 1900 1812 hanc
1912 1787 2089 1820 cognitionem
2104 1788 2266 1813 conclusioni
2274 1789 2428 1821 praescivit.
2447 1791 2501 1815 Du-

1433 1821 1490 1845 bius
1506 1826 1546 1845 est
1556 1822 1579 1845 G
1592 1829 1624 1845 an
1639 1822 1707 1853 legat
1720 1823 1924 1851 conclusionem,
1944 1824 1983 1847 vel
2002 1823 2172 1848 conclusioni.
2195 1824 2220 1854 Q
2230 1832 2283 1848 om.
2296 1825 2364 1850 hanc
2377 1826 2500 1858 proposi-

1434 1856 1546 1886 tionemf
1566 1857 1602 1881 R:
1621 1857 1682 1882 huic
1695 1858 1857 1883 conclusioni
1870 1858 2024 1890 praescitur
2041 1859 2144 1891 aliquid
2163 1859 2242 1884 etiam
2262 1864 2310 1884 etc.

1487 1891 1513 1926 ο)
1534 1892 1577 1917 Sit
1596 1892 1756 1925 triangulus,
1775 1893 1866 1922 simul,
1886 1894 1984 1919 scilicet
2003 1897 2127 1926 tempore,
2142 1895 2266 1927 cognovit
2281 1901 2328 1920 etc.
2347 1896 2403 1920 Hoc
2422 1897 2502 1921 modo

1433 1927 1572 1959 legendum
1595 1935 1655 1952 esse
1677 1928 1795 1953 existimo
1814 1937 1873 1953 cum
1893 1930 1950 1954 cod.
1960 1930 1990 1954 B.
2009 1943 2027 1947 —
2046 1930 2129 1954 Editio
2148 1930 2224 1954 Piana
2243 1930 2332 1956 habet:
2360 1932 2396 1956 sit
2417 1932 2502 1957 trian-

1433 1963 1526 1996 gulus,
1545 1964 1637 1995 supple
1656 1966 1786 1996 tempore,
1810 1965 1889 1989 simul
1913 1965 2045 1998 cognovit.
2066 1965 2180 1990 Lectioni
2194 1966 2251 1990 cod.
2265 1967 2286 1990 B
2300 1967 2359 1998 plus
2381 1967 2501 1992 minusve

1434 1998 1598 2023 consentiunt
1619 1999 1662 2023 alii
1684 1999 1793 2025 codices.
1812 2013 1832 2017 —
1850 1998 2120 2031 AEGHILMNOQT:
2144 2001 2180 2026 sit
2202 2001 2371 2034 triangulus,
2401 2003 2501 2028 scilicet

1434 2037 1553 2066 tempore
1565 2034 1644 2059 simul
1662 2035 1786 2067 cognovit
1800 2040 1873 2060 etc.-
1883 2036 1920 2060 D:
1939 2036 1975 2061 sit
1993 2036 2153 2069 triangulus,
2178 2040 2295 2068 tempore
2308 2038 2407 2063 scilicet
2421 2039 2501 2063 simul

1433 2069 1558 2102 cognovit
1576 2075 1644 2094 etc.·-
1658 2070 1739 2095 KRS:
1754 2071 1790 2096 sit
1803 2071 1963 2104 triangulus,
1974 2075 2092 2104 tempore
2104 2073 2184 2097 simul
2195 2073 2380 2106 cognovit.—C
2390 2074 2501 2107 denique

1434 2105 1495 2136 legit
1509 2105 1562 2130 fere
1575 2113 1633 2129 cum
1647 2106 1677 2135 B,
1693 2106 1739 2130 nisi
1754 2107 1826 2139 quod
1845 2107 1870 2131 in
1886 2107 2000 2139 margine
2019 2108 2154 2139 corrigitur
2172 2116 2218 2140 per
2236 2109 2343 2141 supple:
2360 2109 2396 2134 sit
2414 2110 2499 2134 trian-

1433 2141 1526 2173 gulas,
1545 2140 1644 2166 scilicet
1657 2140 1755 2174 (marg.
1768 2142 1876 2174 supple)
1891 2143 1970 2167 simul
1983 2146 2109 2175 tempore.
2121 2157 2139 2163 —-
2151 2144 2267 2168 Verbum
2285 2145 2377 2176 supple
2396 2153 2447 2170 non
2461 2150 2501 2170 est

1434 2183 1518 2200 error:
1538 2184 1597 2200 nam
1617 2184 1639 2201 s.
1652 2176 1770 2201 Thomas
1785 2178 1862 2202 refert
1880 2178 2024 2203 Aristotelis
2045 2184 2141 2203 textum
2161 2179 2187 2203 in
2206 2187 2259 2212 quo
2274 2177 2336 2214 ἅμα,
2351 2180 2437 2210 simul,
2453 2189 2500 2213 po-

1434 2211 1511 2236 nitur.
1531 2211 1618 2236 Simul
1637 2218 1723 2237 autem
1743 2213 1796 2237 duo
1816 2212 1957 2245 significare
1971 2219 2056 2246 potest
2070 2214 2096 2238 in
2111 2214 2286 2247 philosophia,
2301 2223 2395 2248 nempe
2408 2216 2498 2240 simul-

1434 2247 1580 2271 taneitatem
1606 2251 1732 2277 naturae,
1758 2249 1905 2281 oppositam
1930 2249 2052 2281 prioritati
2070 2250 2111 2274 vel
2131 2250 2311 2282 posterioritati
2334 2257 2451 2282 naturae,
2475 2256 2501 2276 et

1434 2282 1661 2307 simultaneitatem
1686 2285 1827 2316 temporiS‚
1852 2292 1919 2317 quae
1942 2285 2083 2318 opponitur
2106 2285 2227 2317 prioritati
2252 2287 2294 2310 vel
2319 2287 2499 2319 posterioritati

1433 2318 1568 2350 temporis.
1583 2318 1631 2343 Hic
1645 2317 1786 2343 affirmatur
1796 2320 1982 2344 simultaneitas
1992 2320 2125 2353 temporiS‚
2141 2329 2192 2345 non
2203 2325 2289 2346 autem
2304 2327 2417 2347 naturae.
2433 2322 2499 2352 Quia

1433 2353 1511 2384 igitur
1524 2354 1550 2377 in
1560 2354 1653 2384 verbis,
1668 2354 1747 2379 simul
1761 2355 1887 2380 inducens
1899 2356 2031 2388 cognovit,
2047 2356 2196 2380 adverbium
2211 2357 2290 2381 simul
2304 2357 2499 2389 intelligendum

1434 2394 1473 2413 est
1487 2389 1518 2413 de
1533 2389 1732 2414 simultaneitate
1744 2391 1877 2423 temporis,
1897 2391 1945 2424 ipsi
1961 2392 2062 2416 additur
2074 2393 2174 2423 supple,
2189 2392 2263 2425 quasi
2278 2398 2338 2418 nota
2350 2393 2500 2426 explicativa

1433 2423 1505 2448 verbi
1520 2424 1680 2457 Philosophi.
1699 2426 1791 2450 Fretus
1811 2432 1897 2451 tamen
1915 2427 2063 2452 auctoritate
2083 2428 2170 2458 codd.‚
2189 2428 2298 2460 praetuli
2315 2429 2426 2457 scilicet,
2446 2436 2499 2461 quo

1433 2459 1515 2491 magis
1531 2459 1611 2484 facilis
1626 2461 1720 2485 locutio
1738 2462 1859 2486 redditur.

1486 2494 1516 2530 π)
1540 2495 1586 2520 Vel
1598 2499 1689 2528 potest
1706 2497 1760 2530 legi
1778 2497 1816 2521 sic
1834 2501 1881 2522 etc.
1901 2498 1971 2522 Duas
1990 2498 2052 2523 istas
2067 2498 2289 2531 interpretationes
2303 2504 2386 2524 textus
2401 2499 2498 2524 Aristo-

1431 2530 1490 2555 telis
1510 2531 1619 2556 admittit
1636 2532 1723 2556 versio
1742 2533 1831 2563 latina;
1851 2533 1898 2557 sed
1917 2538 2000 2558 textus
2019 2541 2127 2566 graecus
2147 2534 2250 2558 nonnisi
2265 2535 2406 2559 secundam
2420 2543 2498 2568 expo-

1432 2566 1533 2590 sionem
1552 2566 1644 2591 factam
1663 2575 1678 2591 a
1697 2575 1718 2592 s.
1733 2567 1837 2592 Thoma
1855 2569 1988 2594 enunciat:
2008 2566 2050 2593 καὶ
2071 2566 2102 2594 οὗ
2116 2567 2157 2594 διὰ
2177 2571 2226 2594 τοῦ
2245 2569 2323 2603 μέσου
2338 2567 2367 2595 τὸ
2387 2567 2498 2605 ἔσχατον

1431 2599 1594 2635 γνωρίζεταιι
1613 2605 1640 2627 et
1658 2603 1780 2627 ultimum
1800 2611 1851 2628 non
1866 2611 1920 2636 per
1938 2605 2053 2629 medium
2072 2605 2250 2638 cognoscitur.

1485 2636 1511 2671 ρ)
1525 2637 1585 2662 Νοη
1596 2641 1702 2669 oportet
1711 2642 1741 2663 ut
1749 2643 1933 2672 cognoscatur.
1944 2640 1979 2664 lta
1994 2641 2074 2664 codex
2086 2642 2118 2670 A,
2129 2640 2168 2665 cui
2179 2640 2306 2665 consentit
2314 2641 2343 2665 B:
2355 2648 2406 2665 non
2421 2649 2498 2673 opor-

1432 2675 1470 2696 tet
1483 2673 1554 2705 quod
1566 2677 1743 2706 cognoscatur
1748 2681 1757 2703 ,·
1775 2682 1836 2699 vera
1850 2680 1875 2699 et
1889 2675 1968 2699 facilis
1983 2676 2070 2706 lectio,
2090 2681 2117 2700 ut
2135 2682 2204 2708 patet
2218 2684 2248 2700 cx
2263 2677 2422 2708 praecedenti
2437 2685 2498 2701 con-

1431 2713 1500 2732 textu
1520 2716 1571 2733 non
1591 2713 1697 2741 oportet
1714 2717 1746 2734 ea
1764 2717 1921 2743 cognoscere
1940 2716 1987 2736 etc.
2007 2711 2090 2736 Editio
2109 2711 2187 2735 Piana
2200 2719 2258 2735 cum
2278 2712 2333 2736 aliis
2349 2713 2422 2736 codd.
2438 2712 2499 2744 legit

1432 2750 1483 2768 non
1502 2748 1693 2777 cognoscatur:
1711 2753 1778 2778 quae
1797 2746 1880 2775 lectio,
1899 2746 1934 2771 uti
1955 2746 2026 2776 iacet,
2045 2747 2154 2771 obscura
2174 2747 2367 2779 quodammodo
2387 2752 2434 2778 est,
2449 2755 2497 2772 nec

1431 2778 1492 2803 satis
1512 2780 1660 2812 praemissis
1684 2782 1831 2814 respondet.
1856 2782 1954 2806 Sensus
1978 2782 2045 2806 enim
2070 2790 2208 2814 expressus
2231 2783 2359 2814 estquod
2373 2791 2432 2807 curn
2452 2791 2496 2807 ne-

1431 2822 1504 2839 cesse
1527 2815 1560 2840 sit
1578 2824 1798 2849 praecognoscere
1817 2817 1912 2849 aliquid
1931 2817 2053 2842 contineri
2073 2818 2120 2842 sub
2140 2818 2275 2842 universali
2294 2818 2409 2842 subiecto
2424 2818 2497 2851 (puta

1431 2850 1563 2876 hominem
1583 2852 1631 2876 sub
1652 2851 1766 2884 animali)
1785 2857 1814 2877 ut
1832 2853 1864 2877 de
1878 2852 1922 2876 illo
1942 2853 2039 2877 dicatur
2057 2853 2229 2885 praedicatum
2251 2858 2377 2877 assertum
2397 2853 2428 2877 de
2447 2853 2496 2878 hoc

1431 2886 1546 2911 subiecto
1565 2887 1702 2912 universali
1709 2895 1716 2918 ;
1736 2888 1799 2912 illud
1819 2888 1941 2912 contineri
1960 2888 2008 2912 sub
2028 2888 2166 2912 universali
2185 2894 2228 2912 aut
2246 2889 2325 2913 scitur
2340 2889 2494 2920 immediate,

1430 2927 1474 2947 aut
1487 2930 1538 2955 ope
1556 2923 1663 2947 alicuius
1679 2923 1764 2948 medii.
1783 2924 1815 2948 Et
1834 2931 1855 2947 s.
1866 2923 1981 2947 Thomas
2001 2931 2059 2947 cum
2073 2923 2211 2948 Aristotele
2230 2924 2288 2948 dicit
2307 2932 2358 2948 non
2376 2930 2496 2956 oportere

1429 2962 1459 2982 ut
1480 2957 1523 2982 illa
1546 2958 1658 2990 cognitio
1677 2966 1782 2991 semper
1800 2963 1826 2983 et
1848 2959 1880 2983 de
1894 2958 2015 2983 omnibus
2034 2966 2081 2991 per
2099 2959 2166 2983 aliud
2181 2960 2294 2983 medium
2314 2958 2443 2983 habeatur.
2463 2960 2495 2984 Et

1430 2999 1470 3018 est
1487 3001 1580 3018 sensus
1599 2994 1700 3018 obvius.
1719 2994 1789 3024 Dixi,
1810 2994 1849 3018 uti
1867 2994 1946 3024 iacet,
1966 2994 2026 3026 quia
2047 2994 2166 3018 sustineri
2185 2999 2270 3027 potest
2289 2995 2376 3025 lectio,
2397 2994 2418 3018 si
2437 2995 2494 3019 loco

1430 3036 1482 3054 non
1496 3033 1680 3062 cognoscatur,
1693 3030 1810 3061 legamus
1821 3037 1872 3054 non
1885 3029 2061 3062 cognoscitur,
2077 3029 2160 3062 prouti
2176 3037 2266 3062 reapse
2280 3029 2372 3062 legitur
2385 3030 2411 3054 in
2425 3034 2494 3054 textu

1429 3064 1591 3095 aristotelico,
1611 3064 1654 3097 qui
1674 3064 1722 3089 hoc
1741 3065 1798 3089 loco
1817 3064 1959 3098 exponitur,
1979 3070 2004 3088 et
2022 3064 2046 3088 in
2066 3065 2139 3089 codd.
2153 3065 2210 3089 OT.

451 3653 519 3685 Opp.
539 3653 570 3677 D.
585 3653 698 3677 Tnomn
717 3653 749 3677 T.
768 3653 786 3677 l.

2294 3662 2323 3689 ιο

2529 420 2538 428 ·
2551 419 2643 440 Codd.-
2657 425 2683 440 r:
2698 424 2742 440 au-

2529 447 2581 466 tem.

2627 631 2639 662 Ε

2532 739 2539 747 ·
2548 744 2590 760 sc:
2604 738 2743 766 descriptio·

2531 771 2593 812 gtenu
2602 765 2641 786 sed
2652 771 2699 786 non
2707 771 2742 787 re-

2555 798 2574 813 e.

2629 850 2643 866 0

2624 1274 2642 1290 π

2628 1381 2641 1406 Ρ

2529 1429 2538 1437 ·
2548 1428 2636 1450 Codd.—
2642 1435 2656 1450 P
2663 1429 2740 1451 omitt.

2528 1461 2628 1482 semper.

2526 1587 2742 1616 ·Cf.Peri}1.,1ect.x,

2527 1622 2575 1640 not.
2596 1615 2619 1648 β.
2632 1630 2642 1634 -
2657 1624 2672 1640 1>
2692 1625 2741 1640 om.

2527 1649 2636 1670 subiecto.
