2788 4204
49 417 60 428 ·
69 422 128 438 ‹tn-r:
142 416 184 439 ad.

50 470 60 479 '
71 468 147 500 ded.
159 469 216 494 (exc.
227 469 263 494 m)

50 499 126 517 omitt.
137 501 177 521 α,-
186 501 208 516 u:
220 500 262 516 no-

50 522 150 544 tter-ibus
164 522 216 543 sim.

50 574 60 584 '
69 573 98 595 Id
111 580 139 596 ex
150 579 263 596 ameum-o

51 606 112 626 ακτς
126 607 181 622 auu:
192 600 251 622 illud
255 608 265 627 ,·

49 633 76 649 s:
90 626 188 655 aliquid.

149 743 168 760 π

144 796 158 822 Ρ

1123 273 1234 310 CAP.
1265 274 1335 320 IX,
1365 273 1517 310 LECT.
1547 273 1652 310 XVII

290 351 482 401 principiis
511 352 714 402 superioris
733 357 763 398 ⁰,
784 364 863 389 non
890 350 1108 400 proceditur
1133 363 1178 387 ex
1202 351 1362 388 causatis

291 405 330 442 in
349 405 370 426 *¹
399 417 543 452 causas,
573 405 641 443 sed
670 418 690 442 e
719 415 918 444 converso,
948 404 1059 441 Unde
1089 411 1238 452 oportet
1257 405 1362 452 quod

291 458 373 496 talis
400 471 602 507 processus
626 459 672 495 sit
691 470 735 495 ex
753 457 942 506 prioribus
963 464 999 493 et
1018 469 1064 493 ex
1084 457 1104 478 *
1123 456 1244 504 magis
1264 457 1362 494 notis

292 511 519 560 simpliciter.
541 512 704 560 Oportet
723 521 812 558 ergo
841 509 962 558 magis
983 522 1064 546 esse
1090 509 1227 546 scitum
1256 510 1361 558 quod

292 573 349 602 est
367 564 570 613 superioris
589 564 778 611 scientiae,
800 573 845 600 ex
864 574 942 611 quo
960 563 1144 612 probatur
1162 562 1200 599 id
1216 562 1236 583 *
1256 563 1361 611 quod

293 626 349 655 est
366 617 562 664 inferioris,
579 624 615 654 et
633 617 799 654 maxime
816 627 898 653 esse
918 616 1055 652 scitum
1070 615 1120 662 id,
1137 627 1214 664 quo
1231 615 1361 652 omnia

292 671 366 708 alia'
390 671 617 718 probantur,
654 677 691 707 et
718 669 844 718 ipsum
881 681 960 706 non
991 669 1176 718 probatur
1209 681 1254 705 ex
1286 668 1359 706 alio

290 724 407 772 priori
421 729 451 760 π.
473 724 523 760 Et
548 735 618 772 per
646 735 884 771 consequens
913 722 1068 759 scientia
1095 721 1268 771 superior
1293 721 1361 758 erit

291 776 413 824 magis
428 776 593 823 scientia,
606 789 724 825 quam
739 776 907 823 inferior3
924 782 961 813 et
975 775 1128 813 scientia
1144 787 1324 824 suprema
1331 780 1358 821 Ρ,

291 829 431 867 scilicet
456 829 693 878 philosophia
719 830 870 878 prima,
901 828 969 866 erit
996 829 1163 866 maxime
1191 828 1356 865 scientia.

346 1015 372 1049 ο)
392 1014 546 1040 Probantur
563 1021 602 1040 ex
609 1013 753 1046 principiis
772 1012 997 1045 superioris.-H:
1013 1012 1163 1045 probentur
1182 1012 1218 1045 (et
1231 1012 1266 1037 ita
1279 1012 1299 1044 Ι)
1309 1018 1361 1043 per

286 1051 425 1084 principia
443 1050 588 1083 superioris
606 1049 744 1079 scientiae;
763 1054 789 1074 et
810 1048 956 1081 superioris
978 1048 1103 1074 scientiae
1122 1047 1199 1073 habet
1213 1047 1289 1073 etiam
1304 1047 1362 1071 L.—

292 1085 540 1117 BCDEMOQRST:
559 1085 717 1118 superioris;
736 1085 759 1109 1:
772 1083 884 1116 prioris,
904 1089 930 1109 et
943 1091 996 1108 non
1009 1083 1106 1108 habent
1119 1083 1257 1111 scientiae,·
1277 1082 1309 1107 P:
1324 1089 1362 1107 ex

288 1121 432 1155 principiis
450 1121 640 1154 superioribus.
659 1119 824 1144 Manifestum
843 1124 884 1144 est
903 1119 973 1152 quod
994 1118 1078 1143 dicere
1098 1124 1136 1143 ex
1155 1118 1298 1150 principiis
1317 1125 1360 1142 su-

287 1157 414 1190 perion's.
433 1157 475 1181 vel
493 1156 639 1188 superioris
656 1155 789 1185 scientiae,
809 1154 878 1180 idem
893 1160 933 1179 est
956 1162 985 1179 ac
1006 1154 1028 1179 si
1047 1154 1145 1179 dicatur
1167 1161 1205 1178 ex
1218 1153 1361 1185 principiis

291 1192 480 1226 superioribus,
496 1191 556 1224 quia
567 1190 716 1223 superioris
729 1190 855 1215 scientiae
864 1195 904 1215 est
914 1190 1078 1215 considerem
1087 1189 1210 1222 principia
1221 1189 1361 1222 superiora,

290 1233 322 1253 ut
340 1235 420 1260 supra
438 1227 536 1251 dictum
560 1231 607 1251 est.
626 1226 748 1251 Attamen
766 1226 936 1259 praetulimus
954 1224 1113 1257 superioris,
1133 1229 1239 1258 propter
1253 1224 1362 1249 auctori-

290 1268 372 1289 tatem
391 1262 466 1287 codd.

345 1298 376 1331 π)
399 1297 511 1330 Oportet
528 1304 594 1330 ergo
613 1296 700 1330 magis
718 1303 774 1322 esse
790 1296 886 1322 scitum
905 1296 1054 1321 etc—Cod.
1071 1295 1098 1320 Μ
1115 1295 1195 1320 verba
1213 1295 1361 1328 sequentia,

291 1334 364 1368 quod
376 1336 416 1359 est
432 1333 579 1365 superioris
593 1337 641 1358 etc.
655 1340 741 1364 usque
759 1332 791 1357 ad
806 1339 920 1365 sequens
935 1338 990 1356 esse
1003 1331 1098 1356 scitum
1116 1331 1242 1356 inclusive
1255 1331 1361 1360 omittit;

292 1370 319 1395 in
337 1368 551 1404 quodkmcadum
569 1367 676 1393 incurrit
696 1375 727 1392 ex
744 1375 851 1392 recursu
870 1368 918 1392 τοῦ
943 1374 998 1392 esse
1015 1366 1215 1392 scitum-Duo
1234 1366 1284 1391 hoc
1303 1367 1363 1391 loco

250 1416 259 1418 ff
290 1402 438 1430 infer-'untur
451 1412 466 1429 a
484 1411 507 1429 a.
517 1403 629 1435 Thoma,
643 1411 756 1436 quorum
771 1411 853 1428 unum
868 1407 909 1427 est
922 1402 1067 1433 relativum,
1082 1403 1190 1427 alterum
1205 1401 1362 1427 absolutum.

293 1440 441 1466 Relativum
455 1444 496 1464 est
513 1439 584 1472 quod
598 1438 703 1464 scientia
717 1437 906 1468 subalternans,
921 1445 989 1471 quae
1001 1438 1094 1471 probat
1107 1438 1230 1470 principia
1242 1437 1363 1462 scientiae

291 1476 490 1506 mbaloemme,
505 1474 599 1500 certior
616 1479 657 1499 est
670 1474 776 1499 scientia
794 1474 983 1504 subalternata5
998 1474 1147 1498 absolutum
1167 1478 1207 1498 est
1220 1474 1291 1506 quod
1305 1473 1362 1506 phi-

293 1510 414 1544 losophia
427 1510 518 1544 prima,
532 1509 594 1543 quia
607 1517 654 1542 per
668 1518 716 1534 sua
729 1509 852 1542 principia
866 1509 959 1542 probat
972 1509 1059 1534 omnia
1077 1509 1199 1542 principia
1213 1509 1362 1533 inferiorum

292 1547 466 1577 sdentianun,
484 1550 511 1570 et
524 1546 579 1570 eius
598 1545 720 1578 principia
737 1553 791 1570 non
810 1545 953 1578 probantur
969 1552 999 1569 ex
1014 1545 1062 1569 alia
1076 1544 1190 1574 scientia,
1205 1544 1238 1569 sit
1251 1543 1362 1568 maxime

347 1617 443 1642 Caveat
459 1620 547 1642 tamen
566 1615 678 1641 novitius
697 1623 730 1641 ne
749 1623 780 1640 ex
798 1615 839 1641 his
858 1616 925 1641 falso
939 1615 1030 1640 inferat
1047 1623 1141 1640 omnes
1159 1615 1222 1640 alias
1242 1615 1361 1640 scientias

293 1660 354 1679 esse
368 1652 555 1678 subalternam
569 1652 775 1685 metaphysicae.
794 1652 835 1676 Ad
849 1651 975 1676 rationem
994 1650 1063 1676 enim
1082 1650 1306 1675 subalternationis
1321 1658 1360 1675 re-

291 1688 403 1722 quiritur
432 1688 498 1713 inter
522 1688 584 1718 alia,
609 1688 681 1720 quod
701 1687 847 1712 subiectum
868 1686 1001 1720 proprium
1027 1686 1148 1711 scientiae
1172 1686 1361 1711 subalta-natae

294 1723 458 1749 contrahatur
482 1730 529 1755 per
555 1722 723 1748 differentiam
743 1730 809 1755 quae
828 1723 861 1747 sit
880 1727 949 1747 extra
972 1729 1054 1754 genus
1074 1721 1217 1746 subiectum
1241 1721 1362 1746 scientiae

295 1758 505 1790 subalternantis,
516 1766 531 1783 a
543 1766 596 1791 qua
609 1758 664 1783 eius
678 1758 800 1791 principia
815 1758 970 1791 probantur-3
983 1757 1048 1782 sicut
1061 1757 1209 1782 harmonica
1223 1756 1300 1782 habet
1314 1765 1361 1782 sua

294 1794 420 1828 principia
437 1794 545 1827 proban
563 1793 596 1819 ab
615 1793 787 1823 arithmetica,
807 1793 853 1818 sed
877 1793 935 1818 ideo
958 1792 1132 1817 arithmeticae
1157 1792 1361 1823 subalta-natur,

295 1830 358 1864 quia
375 1829 495 1862 quamvis
510 1829 542 1854 ab
556 1829 613 1862 ipsa
631 1829 774 1862 probentur
786 1836 834 1853 sua
852 1828 988 1862 principia,
1002 1827 1080 1852 habet
1097 1832 1184 1852 tamen
1198 1828 1296 1852 ratione
1309 1828 1361 1861 dif-

287 1865 425 1899 serentiae
443 1864 588 1890 subiectum
607 1864 742 1897 proprium
761 1869 831 1889 extra
845 1871 928 1896 genus
942 1863 1057 1888 numeri:
1076 1871 1129 1888 non
1143 1863 1213 1887 enim
1228 1862 1362 1888 harmonia

295 1905 337 1926 est
353 1900 504 1934 simpliciter
522 1907 656 1928 numerus,
672 1900 719 1924 sed
733 1907 859 1924 numerus
878 1906 1013 1929 sonorum,
1029 1899 1073 1932 qui
1087 1898 1193 1931 quidem
1213 1903 1274 1923 sunt
1292 1903 1361 1924 extra

295 1943 443 1966 numerum,
454 1943 507 1960 non
517 1943 593 1960 secus
603 1943 632 1960 ac
642 1935 766 1960 rationale
775 1939 816 1959 est
825 1939 895 1960 extra
904 1934 998 1959 animal
1014 1933 1063 1966 (Cf.
1074 1942 1161 1967 supra,
1171 1939 1224 1959 not.
1235 1933 1268 1967 ὃ).
1280 1934 1361 1959 Porro

295 1978 356 1997 cum
374 1970 551 2004 metaphysica
568 1970 663 1995 habeat
679 1978 728 2003 pro
747 1970 864 1995 subiecto
882 1978 929 1995 ens
949 1974 974 1994 et
992 1969 1129 2003 passiones
1148 1969 1226 2000 entis,
1246 1969 1362 2002 nihilque

293 2006 449 2032 titinveniri
465 2006 536 2039 quod
551 2006 585 2031 sit
598 2010 668 2031 extra
681 2013 742 2036 ens,
757 2006 874 2038 sequitur
892 2006 963 2038 quod
982 2005 1097 2030 subiecta
1116 2004 1236 2038 specifica
1255 2005 1361 2030 aliarum

292 2041 445 2068 inferiorum
464 2042 628 2067 scientiarum
647 2049 706 2067 esse
725 2046 854 2075 nequeant
872 2046 942 2067 extra
960 2041 1105 2066 subiectum
1126 2041 1261 2074 proprium
1280 2046 1360 2066 meta-

2407 281 2481 319 207

1470 354 1506 389 6.
1533 351 1676 399 Tertio,
1706 351 1774 389 ibi:
1803 351 1879 388 Sed
1904 351 2168 388 demonstratio
2198 358 2279 397 etc„
2310 349 2406 387 redit
2434 349 2482 386 ad

1415 405 1662 454 principalem
1683 404 1967 441 conclusionem
1980 404 2018 441 *τ
2040 412 2076 441 et
2096 404 2183 441 dicit
2197 403 2302 452 quod
2322 403 2480 440 demon-

1416 458 1542 494 stratio
1572 470 1650 495 non
1673 458 1846 507 procedit
1873 457 1911 494 in
1940 457 2040 495 aliud
2060 470 2194 505 genus,
2215 457 2286 494 nisi
2314 456 2408 493 sicut
2427 456 2481 493 di-

1416 518 1519 547 ctum
1548 518 1603 547 est
1628 511 1733 559 quod
1762 511 2034 548 demonstratio
2053 510 2282 558 geometriae
2310 509 2482 558 procedit

1415 563 1465 600 ad
1493 563 1666 600 scientias
1694 564 1909 610 inferiores.;
1930 564 2026 601 sicut
2054 572 2141 601 sunt
2159 571 2258 600 artes
2286 562 2479 611 mechani-

1416 628 1499 663 cae,
1534 628 1632 664 quae
1660 624 1815 654 utuntur
1842 617 2046 663 mensuris3
2072 625 2137 654 aut
2172 616 2426 666 speculativae
2447 621 2477 662 ⁹,

1414 668 1510 705 sicut
1529 669 1705 706 scientiae
1725 682 1822 718 quae
1851 678 1938 707 sunt
1957 670 2004 707 de
2023 670 2120 717 visu,
2141 678 2183 707 ut
2203 669 2476 719 perspectivae,

1414 734 1511 770 quae
1541 730 1628 758 sunt
1647 722 1693 759 de
1712 723 1868 769 visuali;
1890 731 1925 760 et
1943 723 2111 760 similiter
2130 731 2186 760 est
2204 723 2283 760 de*
2303 722 2479 759 arithme-

1412 774 1486 811 tica
1513 774 1551 811 in
1581 776 1865 824 comparatione
1893 777 1942 813 ad
1970 777 2252 824 harmonicam,
2272 776 2369 813 idest
2395 788 2479 812 mu-

1417 827 1535 864 sicam
1551 828 1583 864 *.

1414 1011 1536 1044 physicae
1541 1019 1548 1042 ;
1563 1012 1671 1045 proinde
1684 1012 1860 1046 metaphysica
1873 1020 1926 1037 non
1941 1017 1980 1037 est
1994 1012 2099 1038 scientia
2114 1013 2328 1045 subalternans.-
2337 1014 2407 1038 Loco
2422 1021 2478 1038 ma-

1413 1046 1489 1071 x1'me
1508 1054 1562 1072 esse
1581 1048 1675 1072 scitum
1695 1048 1731 1077 id,
1751 1056 1803 1081 quo
1822 1053 1878 1078 etc„
1898 1048 1980 1078 codd„
1995 1055 2048 1073 exc.
2062 1048 2163 1078 BNRT,
2183 1048 2278 1073 habent
2292 1049 2410 1074 maxime
2423 1056 2479 1074 esse

1413 1082 1517 1111 scitum,
1537 1082 1605 1108 idest
1619 1090 1670 1115 quo
1676 1090 1685 1112 ‚·
1703 1084 1737 1108 B:
1756 1083 1855 1109 scilicet
1874 1091 1932 1115 quo.
1952 1083 2003 1108 Sed
2022 1089 2076 1108 tum
2091 1083 2159 1108 idest
2177 1089 2231 1108 tum
2245 1084 2344 1110 scilicet
2357 1084 2406 1109 hoc
2421 1085 2479 1109 loco

1415 1122 1484 1142 extra
1502 1118 1667 1150 propositum
1686 1119 1884 1151 ponuntur.-N
1905 1124 1930 1143 et
1942 1118 1965 1142 D
1981 1119 2094 1143 secunda
2113 1126 2202 1143 manu:
2223 1119 2296 1148 illud,
2311 1127 2378 1152 quo,·
2396 1120 2417 1144 L
2436 1127 2478 1144 se-

1415 1153 1498 1177 cunda
1513 1161 1604 1178 manu:
1624 1154 1660 1183 id,
1675 1161 1763 1186 quo.—-
1776 1155 1797 1179 N
1813 1154 1904 1184 omitt„
1917 1158 1942 1178 et
1956 1154 2031 1184 male,
2046 1162 2160 1186 sequens
2175 1155 2264 1179 omnia
2269 1162 2278 1183 ,·
2292 1155 2314 1179 1:
2329 1155 2418 1180 omnia
2433 1155 2479 1180 illa

1410 1188 1576 1220 probantum
1600 1189 1658 1213 AB:
1678 1190 1767 1214 omnia
1790 1190 1857 1214 talia
1873 1189 2075 1222 etc-Denique
2094 1190 2398 1215 BCDEGHIKNORST:
2414 1198 2479 1222 pro-

1415 1224 1495 1248 batur
1512 1231 1550 1248 ex
1570 1224 1624 1249 alio
1638 1225 1729 1256 priori
1733 1232 1742 1254 ,·
1756 1226 1789 1249 L:
1805 1225 1939 1257 probatur
1953 1231 1990 1249 ex
2008 1225 2062 1249 alia
2076 1225 2187 1250 scientia
2201 1225 2292 1256 priori
2296 1232 2305 1254 ;
2319 1226 2357 1250 M:
2378 1226 2479 1258 proba-

1415 1262 1461 1284 tur
1479 1266 1516 1284 ex
1534 1259 1624 1292 aliquo
1637 1260 1728 1292 priori
1745 1260 1812 1289 alim
1831 1260 1868 1291 Q:
1882 1260 2017 1292 probatur
2035 1267 2072 1285 ex
2090 1260 2143 1285 alio
2162 1267 2213 1293 quo
2228 1261 2318 1292 priori
2324 1269 2333 1291 ‚·
2352 1262 2385 1285 P:
2400 1262 2479 1293 prob.

1415 1301 1453 1319 ex
1470 1295 1560 1327 aliquo
1574 1295 1672 1327 priori.

1468 1330 1493 1363 ρ)
1514 1330 1550 1355 Et
1567 1331 1678 1356 scientia
1696 1338 1828 1363 suprema,
1847 1330 1945 1356 scilicet
1959 1330 2129 1363 philosophia
2143 1331 2235 1363 prima
2253 1331 2479 1356 ete.—Processus

1415 1366 1641 1398 argumentativus‚
1657 1367 1701 1400 qui
1715 1372 1756 1392 est
1769 1375 1783 1391 a
1798 1366 1903 1391 scientia
1921 1366 2033 1391 inferiori
2053 1367 2085 1391 ad
2104 1366 2263 1399 superiorem
2278 1371 2303 1391 et
2321 1374 2335 1391 a
2355 1367 2480 1400 superiori

1415 1401 1447 1426 ad
1466 1409 1629 1434 supremam,
1655 1402 1747 1435 probat
1769 1410 1859 1433 veram
1884 1409 1943 1427 esse
1961 1401 2098 1426 lectionem
2122 1410 2200 1435 quam
2219 1402 2337 1426 dedimus
2356 1410 2385 1427 ex
2405 1403 2479 1428 codd.

1414 1437 1510 1469 Excipe
1524 1437 1557 1468 B,
1573 1437 1616 1470 qui
1636 1437 1726 1462 habet:
1746 1441 1772 1462 et
1783 1438 1893 1463 scientia
1907 1445 2019 1462 summa.
2038 1437 2105 1462 Edit.
2120 1445 2182 1462 vero
2202 1437 2287 1467 Piana,
2301 1437 2412 1462 scientia
2426 1438 2479 1467 illa,

1415 1472 1498 1504 magis
1516 1473 1595 1497 verba
1613 1478 1696 1498 textus
1715 1473 1878 1503 Aristotelia,
1897 1481 1975 1505 quam
1995 1473 2171 1498 commentarii
2190 1481 2212 1498 s.
2226 1471 2345 1498 Thomae
2358 1473 2480 1498 referens.

1468 1508 1494 1540 σ)
1515 1509 1571 1532 Aut
1589 1509 1766 1540 speculativae
1780 1514 1856 1533 etc.·-
1869 1509 1939 1533 Haec
1958 1509 2032 1533 lectio
2051 1508 2129 1533 Piana
2148 1508 2287 1533 conformis
2307 1513 2346 1532 est
2365 1508 2395 1533 iis
2414 1516 2481 1541 quae

1414 1543 1542 1568 habentur
1560 1543 1619 1568 lect.
1630 1552 1676 1575 xv,
1691 1552 1717 1569 n.
1730 1543 1743 1569 5
1755 1549 1780 1568 et
1794 1545 1852 1569 lect.
1861 1552 1910 1574 m,
1920 1552 1945 1568 n.
1954 1551 1980 1575 4.
1989 1558 2010 1564 -
2023 1545 2060 1569 A:
2074 1547 2123 1569 aut
2135 1544 2321 1576 speculativae,
2338 1551 2406 1575 quae
2418 1547 2481 1569 sunt

1415 1578 1448 1603 de
1465 1579 1635 1611 speculativis
1653 1582 1679 1604 et
1696 1579 1925 1604 huiusmodi.-B:
1944 1582 1992 1604 aut
2003 1579 2195 1612 speculativae,
2216 1586 2283 1611 quae
2301 1582 2364 1604 sunt
2377 1579 2408 1604 de
2422 1586 2479 1611 spe-

1415 1614 1538 1639 culativis
1551 1615 1593 1639 vel
1612 1614 1644 1639 de
1661 1614 1773 1647 speculis
1779 1622 1788 1644 ‚·
1806 1614 1875 1640 sicut
1891 1614 2017 1640 scientiae
2036 1622 2103 1647 quae
2120 1618 2183 1639 sunt
2201 1615 2234 1639 de
2248 1614 2312 1646 visu,
2329 1618 2359 1640 ut
2371 1622 2480 1647 perspe-

1414 1650 1507 1679 ctiva,
1522 1652 1548 1674 et
1561 1650 1686 1675 scientiae
1704 1657 1772 1682 quae
1789 1653 1852 1675 sunt
1870 1650 1902 1675 de
1920 1650 2031 1682 speculis
2049 1653 2076 1675 et
2094 1650 2255 1675 huiusmodi.
2268 1665 2288 1670 -
2302 1650 2323 1675 C
2338 1655 2377 1675 est
2396 1650 2478 1682 magis

1414 1685 1552 1716 intricatus,
1566 1693 1618 1710 non
1630 1686 1791 1710 obstantibus
1802 1686 2001 1710 correctionibus
2015 1693 2030 1710 a
2044 1686 2160 1716 studioso
2173 1686 2268 1711 lectore
2282 1685 2420 1718 appositis:
2431 1689 2480 1711 aut

1413 1720 1591 1753 speculativae
1609 1724 1635 1745 et
1653 1720 1696 1752 (et
1709 1728 1819 1753 expung.
1833 1729 1884 1745 sec.
1900 1722 1985 1754 man.)
2000 1721 2131 1750 scientiae,
2152 1728 2219 1753 quae
2236 1724 2299 1746 sunt
2316 1721 2384 1746 sicut
2397 1721 2479 1746 scIen-

1413 1756 1467 1781 tiae
1485 1763 1553 1788 quae
1566 1759 1629 1781 sunt
1647 1756 1680 1781 de
1698 1757 1769 1785 visu,
1790 1759 1820 1781 ut
1833 1764 1885 1788 per
1898 1757 2074 1788 speculativae
2094 1757 2170 1789 (corr.
2190 1757 2215 1780 in
2229 1757 2435 1789 perspecffvae),
2454 1760 2481 1782 et

1413 1791 1538 1816 scientiae
1552 1799 1619 1823 quae
1637 1795 1699 1816 sunt
1714 1792 1746 1816 de
1764 1792 1931 1823 speculativis
1956 1792 2047 1825 (marg.
2066 1792 2116 1825 leg.
2134 1792 2170 1816 al.
2189 1792 2222 1816 de
2239 1792 2361 1824 speculis)
2388 1795 2414 1817 et
2432 1792 2480 1817 hu-

1415 1826 1612 1852 famudi—D:
1631 1830 1679 1852 aut
1696 1827 1880 1859 speculativae,
1894 1827 1963 1852 sicut
1976 1827 2100 1852 scientiae
2119 1834 2186 1859 quae
2203 1830 2266 1852 sunt
2280 1832 2327 1852 etc.
2346 1832 2375 1851 ut
2389 1828 2423 1858 A;
2443 1828 2478 1852 K:

1413 1863 1483 1888 sicut
1495 1865 1558 1887 sunt
1571 1862 1695 1888 scientiae
1710 1863 1742 1887 de
1760 1863 1927 1894 speculativis
1941 1866 1968 1888 et
1981 1863 2132 1888 huiusmodi
2136 1870 2145 1891 ,·
2160 1862 2396 1892 EGHILNOQST:
2411 1862 2480 1888 sicut

1414 1898 1540 1923 scientiae
1557 1898 1590 1930 (L
1604 1898 1687 1922 omitt.
1706 1898 1807 1930 scient.)
1823 1905 1890 1930 quae
1903 1901 1965 1923 sunt
1979 1898 2011 1923 de
2026 1898 2090 1928 visu,
2107 1901 2136 1923 ut
2143 1898 2332 1930 perspectivae,
2347 1901 2374 1923 et
2387 1896 2422 1931 (Ι,
2437 1901 2480 1927 ut,-

1415 1934 1446 1964 N,
1471 1933 1526 1962 ve1,·
1549 1933 1602 1964 HQ
1622 1933 1715 1966 omitt.)
1738 1934 1864 1959 scientiae
1887 1941 1955 1966 quae
1972 1937 2034 1959 sunt
2053 1933 2085 1958 de
2102 1933 2213 1966 speculis
2231 1936 2257 1958 et
2275 1933 2428 1963 huiusmodi
2447 1933 2479 1965 (E

1414 1969 1497 1994 omitt.
1516 1972 1542 1994 et
1560 1969 1807 2001 huiusmodi).—M:
1826 1971 1875 1994 aut
1892 1970 2017 1994 scientiae
2037 1969 2226 2001 perspectivae,
2245 1969 2315 1994 sicut
2332 1976 2400 2001 quae
2417 1972 2481 1993 sunt

1414 2005 1447 2029 de
1461 2005 1526 2034 visu,
1541 2007 1570 2029 ut
1584 2005 1774 2037 perspecfivae,
1789 2008 1816 2029 et
1828 2005 1954 2030 scientiae
1966 2012 2033 2037 quae
2046 2007 2108 2029 sunt
2121 2005 2154 2029 de
2168 2004 2336 2036 speculativis
2350 2007 2376 2029 et
2388 2004 2480 2028 huius-

1414 2040 1488 2065 modi
1491 2047 1500 2068 ,·
1514 2040 1549 2066 R:
1563 2043 1611 2065 aut
1624 2041 1801 2072 speculativae
1814 2040 1939 2066 scientiae
1953 2047 2021 2073 quae
2034 2043 2097 2065 sunt
2107 2040 2140 2065 de
2151 2040 2263 2072 speculis
2278 2043 2304 2065 et
2318 2039 2479 2065 huiusmodi.

2509 409 2520 421 ⁸
2530 416 2544 431 o
2552 416 2557 430 ι
2573 411 2722 438 propositio·

2509 441 2569 458 nem.

2606 618 2622 634 0

2506 735 2518 746 ⁸
2527 735 2564 756 De
2582 742 2609 757 ex
2629 736 2697 758 codd.
2708 748 2719 753 -

2506 768 2534 783 u:
2550 762 2658 784 similiter
2672 763 2708 785 de.

2506 819 2518 829 ⁸
2528 818 2602 840 Codd.
2619 820 2674 844 (exc.
2689 825 2720 841 Λα

2506 847 2540 871 m:
2555 845 2590 867 ad
2602 846 2682 867 music.
