2548 4192
923 269 978 305 IN
1008 269 1046 305 S.
1068 269 1310 306 THOMAM
1337 271 1661 316 AQUINATEM

190 364 207 379 2
230 351 392 388 Summae,
412 355 533 390 quaest.
549 358 620 386 xnv,
637 351 693 378 art.
710 358 730 377 v
749 347 834 385 dicit,
859 348 948 388 quod
971 358 1047 378 non.
1067 360 1081 374 »
1101 347 1261 378 Nimirum

186 405 288 436 genus
312 401 359 425 est
381 393 624 430 controversiae,
650 392 740 432 quod
764 392 803 421 ad
826 391 923 422 fidem
947 402 1012 421 non
1036 392 1155 422 attinet.
1182 392 1260 431 Opi—

186 440 319 470 nionem
342 437 482 477 Magistri
506 436 758 474 Sententiarum,
783 446 882 476 quam
906 446 972 466 non
996 436 1094 466 reiicit
1117 436 1261 466 Thomas

188 483 452 520 Commentator,
476 481 582 511 reiecit
605 488 716 521 postea
748 487 916 520 provectus
940 487 1048 510 aetate.
1073 481 1206 510 Nodum
1229 480 1261 510 in

187 527 293 567 scirpo
309 525 431 567 quaerit
447 525 504 566 qui
519 525 596 555 haec
612 524 757 555 obiectat.
779 537 794 552 «
813 524 960 554 Tertium
976 525 1169 564 exemplum,
1187 525 1261 564 quia

188 584 204 600 ι»
226 571 260 601 in
283 570 324 600 111
345 570 443 607 Sent.,
459 569 531 600 dist.
548 580 590 607 VI,
607 575 728 609 quaest.
753 579 782 607 1,
808 576 864 599 art.
890 579 912 598 11
931 569 1022 605 dicit,
1048 569 1136 609 quod
1160 569 1262 608 prima

189 627 206 643 ›
227 614 339 655 opinio
362 614 406 644 ibi
429 613 533 654 posita
556 624 575 643 a
597 613 748 652 magistro
773 623 840 643 non
864 619 910 643 est
933 613 1102 649 haeretica,
1128 613 1201 643 licet
1223 613 1262 643 sit

189 671 205 687 2
228 659 322 689 falsa:
342 658 470 696 scilicet,
496 658 585 698 quod
608 658 713 688 Filius
735 658 798 688 Dei
826 659 998 697 assumpsit
1020 658 1198 694 hominem,
1226 667 1262 687 ex

189 715 205 731 ι»
227 703 368 733 humana
391 712 483 732 carne
506 709 537 733 et
560 702 666 732 anima
689 701 833 732 rationali
856 701 1113 732 constitutum...
1134 701 1167 731 in
1183 702 1261 732 Ter-

189 760 205 775 »
227 747 271 778 tia
292 756 368 777 vero
392 753 495 786 parte,
520 753 640 787 quaest.
661 757 699 783 11,
723 752 778 776 art.
802 756 833 775 v1
856 746 889 776 in
908 745 971 776 fine
991 746 1082 783 dicit,
1104 746 1193 786 quod
1217 754 1262 776 est

189 804 204 820 ιι
226 791 382 822 haeretica
404 797 435 821 et
455 791 666 821 condemnata
682 790 715 820 in
732 789 889 821 Concilio.
908 803 922 817 »
943 790 1165 830 Opinabantur
1181 800 1261 820 non-

186 835 267 866 nulli
282 836 368 875 apud
383 835 570 874 Magistrum
586 834 831 872 Sententiarum,
843 834 961 865 Filium
976 834 1034 865 Dei
1050 834 1262 874 adsumpsisse

186 886 335 911 naturam
357 879 543 917 humanam,
570 890 636 910 non
660 879 857 909 individuam
881 879 1008 917 solum,
1030 889 1143 909 verum
1167 879 1262 908 etiam

187 924 296 965 aliquo
306 924 406 954 modo
423 924 656 961 subsistentem,
668 923 799 954 minime
810 933 885 953 vero
896 930 1076 963 personam;
1092 922 1262 953 subsisten-

187 968 264 999 tiam
274 968 307 998 in
317 968 449 998 homine
464 978 482 998 a
496 978 632 1008 persona
647 968 793 998 subtilius
816 968 1052 1007 distinguentes.
1064 967 1262 1006 Opinionem

187 1013 307 1053 passim
316 1012 493 1052 insequitur
507 1013 629 1043 Doctor
646 1012 801 1052 Aquinas,
813 1019 978 1052 tamquam
993 1012 1260 1051 inintelligibilem

187 1062 219 1088 et
234 1057 477 1097 impossibilem:
495 1057 534 1086 ab
549 1056 704 1086 inurenda
729 1056 893 1086 haereseos
919 1065 1050 1086 censura
1069 1055 1174 1095 primo
1189 1055 1261 1085 loco

188 1101 355 1132 abstinuit:
374 1100 489 1131 thesim
506 1107 596 1130 notat
610 1100 683 1130 loco
705 1100 815 1137 altero,
831 1100 928 1130 veluti
945 1109 1114 1130 erroneam
1138 1104 1169 1129 et
1185 1099 1261 1128 inci-

187 1145 313 1176 dentem
339 1145 371 1174 in
388 1145 546 1174 haeresim
562 1144 701 1174 Nestorii
725 1144 759 1174 in
778 1143 941 1183 Ephesino
958 1142 1106 1174 Concilio
1131 1143 1261 1172 damna-

187 1195 266 1220 tam.
283 1189 319 1219 In
334 1188 383 1218 his
409 1188 593 1228 antilogiam
618 1188 769 1225 somnias,
786 1197 868 1228 quae
890 1187 978 1218 nulla
994 1193 1049 1217 est.
1070 1199 1084 1214 ‹
1102 1187 1262 1223 Quartum

189 1245 207 1261 ι
229 1232 424 1272 exemplum,
435 1232 511 1272 quia
529 1232 562 1262 in
583 1232 625 1263 IV
645 1232 743 1270 Sent.,
755 1232 826 1262 dist.
845 1242 970 1268 xxxvnr,
981 1237 1102 1271 quaest.
1114 1241 1135 1267 1,
1152 1237 1208 1260 art.
1220 1240 1261 1267 iv,

191 1289 207 1305 ›
229 1277 269 1308 ad
296 1277 312 1308 3
337 1275 422 1313 dicit,
438 1276 524 1316 quod
541 1281 648 1316 potest
675 1277 764 1317 Papa
787 1276 975 1315 dispensare
998 1276 1030 1305 in
1061 1279 1132 1305 voto
1157 1273 1262 1316 (sole-

190 1334 206 1349 ι
228 1319 311 1363 mni)
330 1321 554 1359 continentiae.
566 1321 607 1351 Et
623 1321 664 1350 11³
679 1321 746 1358 11⁸⁶,
763 1327 883 1360 quaest.
899 1329 1044 1357 Lxxxvm,
1062 1326 1117 1350 art.
1129 1329 1159 1348 xx
1177 1319 1261 1356 dicit,

147 1388 156 1390 -
187 1365 453 1406 rqu6d‘non....
471 1365 533 1395 Sed
547 1365 624 1395 haec
647 1364 786 1395 secunda
809 1363 920 1404 opinio
945 1363 1068 1394 videtur
1088 1373 1155 1393 esse
1179 1373 1262 1393 erro-

190 1422 207 1438 »
228 1419 288 1440 nea
308 1409 342 1440 in
366 1408 439 1447 fide,
461 1419 535 1440 cum
561 1409 600 1439 sit
622 1415 731 1439 contra
747 1408 980 1438 observantiam
996 1407 1164 1444 Ecclesiae,
1181 1417 1262 1448 quae

189 1466 207 1482 s
227 1453 261 1484 in
284 1453 338 1484 tali
354 1460 432 1484 voto
447 1453 643 1494 quandoque
661 1453 861 1493 dispensavit.
883 1465 897 1480 »
920 1453 1155 1488 Animadverte,
1173 1452 1261 1482 Tho-

188 1508 278 1529 mam
299 1497 374 1528 loco
397 1498 502 1538 priore
525 1498 608 1528 alios
630 1497 755 1535 referre,
781 1497 837 1538 qui
860 1493 972 1527 dicunt
995 1497 1205 1536 probabilius,
1229 1496 1263 1526 in

188 1549 266 1573 voto
290 1542 502 1573 continentiae
535 1549 566 1572 et
595 1541 628 1572 in
655 1548 733 1572 voto
757 1541 916 1580 religionis
950 1540 1123 1580 dispensari
1147 1550 1262 1580 posse,

187 1587 218 1618 si
239 1588 417 1618 communis
433 1587 556 1617 utilitas
579 1588 676 1617 totius
690 1586 866 1623 Ecclesiae,
891 1590 949 1616 aut
973 1586 1070 1616 unius
1093 1586 1191 1625 regni
1214 1585 1264 1615 vel

182 1632 374 1672 provinciae
398 1636 603 1671 exposceret:
635 1630 708 1661 loco
732 1630 830 1660 altero
854 1630 949 1660 verba
972 1629 1039 1660 eius
1063 1639 1131 1660 esse
1154 1630 1263 1659 mode-

188 1675 312 1706 ratione
334 1676 439 1716 plena,
457 1675 526 1706 ideo
542 1675 649 1712 aliter,
667 1674 850 1715 inquientis,
869 1674 996 1705 videtur
1011 1674 1191 1704 dicendum.
1210 1673 1263 1704 Al-

189 1726 344 1751 tei-utram
366 1719 555 1760 opinionem
585 1729 644 1759 pro
673 1719 764 1749 libito
795 1719 1031 1759 amplectuntur
1058 1717 1198 1757 theologi
1229 1727 1264 1748 ac

189 1771 333 1796 tuentur:
353 1773 475 1805 quaeve
498 1763 773 1803 dispensationum
796 1762 940 1802 exempla
963 1761 1063 1792 afferri
1091 1762 1204 1798 solent,
1225 1762 1265 1791 ad

191 1808 373 1840 criticorum
396 1808 480 1848 leges
504 1814 620 1845 exacta,
637 1807 734 1838 dubia
764 1814 848 1837 sunt.
871 1806 952 1844 Quis
974 1816 1050 1836 vero
1074 1816 1141 1836 non
1165 1806 1264 1836 admi-

189 1859 288 1891 retur,
304 1859 371 1883 tam
394 1862 496 1892 pauca
510 1852 545 1882 in
563 1851 724 1891 Operibus
740 1851 887 1882 Thomae
906 1857 979 1891 post
998 1850 1179 1890 improbam
1196 1860 1265 1890 per-

190 1896 397 1938 quisitionem
413 1897 452 1926 ab
475 1895 644 1927 Alliacensi
659 1895 793 1926 inveniri
809 1895 963 1935 potuisse,
980 1905 1062 1935 quae
1086 1894 1265 1925 vellicaren-

189 1938 259 1974 tur?
277 1941 360 1972 Sane
374 1940 561 1980 imprudens
575 1939 628 1970 ille
651 1939 721 1976 fuit,
739 1939 795 1980 qui
817 1939 976 1970 doctrinas
995 1939 1151 1975 innoxias,
1167 1939 1265 1970 veluti

190 1995 310 2016 errores
320 1985 483 2015 traducere
492 1984 592 2014 nimia
607 1983 798 2014 confidentia
807 1983 925 2014 voluit:
943 1983 987 2014 illi
998 1993 1072 2014 vero
1087 1983 1198 2020 insani,
1210 1983 1266 2024 qui

190 2036 310 2061 veteres
326 2029 513 2067 calumnias,
530 2028 624 2059 toties
640 2028 821 2068 profligatas
835 2028 1008 2059 instaurare
1024 2028 1176 2059 nituntur.
1198 2028 1266 2058 Hac

191 2074 231 2105 de
246 2083 279 2104 re
294 2073 418 2114 egimus
434 2073 579 2104 uberiore
603 2073 726 2103 calamo
741 2072 775 2102 in
789 2073 850 2103 alia
865 2072 1091 2103 Dissertatione
1108 2070 1265 2114 (xxvu).

257 2118 310 2148 111.
340 2118 402 2148 Sed
425 2117 500 2147 alias
533 2117 687 2157 plurimas
711 2117 744 2147 in
768 2117 928 2157 Operibus
952 2117 1100 2147 Thomae
1125 2123 1266 2156 prostare

190 2162 368 2202 antilogias‚
384 2161 502 2192 indicat
523 2161 676 2192 Zornius:
700 2161 752 2192 Ad
774 2171 866 2202 quas,
890 2161 1005 2202 inquit,
1026 2161 1265 2198 conciliandas,

191 2211 330 2238 testatur
352 2206 494 2237 Ioannes
518 2206 630 2236 Vitalis
658 2206 809 2236 Yhomam
835 2207 937 2246 ipsum
961 2207 1127 2245 scripsisse
1150 2206 1266 2235 librum

190 2250 568 2290 Retractationum.1pse
592 2250 702 2280 Petrus
725 2249 910 2280 Alliacensis
935 2256 1008 2290 post
1037 2250 1200 2290 superiora
1223 2250 1266 2279 al-

190 2294 254 2326 lata
277 2295 432 2335 exempla,
451 2301 651 2334 postremum
669 2295 825 2335 generale
848 2294 986 2334 profert:
1006 2294 1092 2334 quod
1115 2295 1265 2331 sumitur,

190 2339 307 2380 inquit,
332 2349 374 2369 ex
396 2339 533 2379 quodam
558 2344 699 2369 tractatu
722 2340 827 2369 sancti
855 2340 994 2369 Thomae
1016 2339 1067 2368 De
1096 2339 1267 2368 concordia

190 2383 406 2425 quorumdam
429 2383 587 2414 dictorum
611 2393 744 2413 suorum
769 2384 854 2413 inter
871 2393 906 2413 se
929 2383 1195 2419 discordantium,
1213 2383 1269 2422 qui

193 2429 325 2468 incipit:
342 2427 580 2458 Pertransibunt
612 2427 762 2467 plurimi,
786 2434 817 2457 et
840 2427 1006 2467 multiplex
1030 2427 1087 2457 erit
1119 2427 1266 2463 scientia;

193 2472 248 2504 ubi
270 2472 372 2502 multa
395 2472 535 2508 diversa,
552 2481 636 2511 quae
659 2473 692 2501 in
716 2471 863 2502 doctrina
878 2481 939 2502 sua
964 2472 1179 2508 continentur,
1197 2481 1267 2501 cor-

191 2517 272 2557 rigit
288 2521 319 2546 et
334 2517 474 2555 exponit.
491 2515 658 2551 Zornfflm,
679 2515 735 2556 qui
752 2515 896 2546 criticum
913 2515 986 2554 agit,
999 2516 1170 2555 compello,
1187 2525 1267 2545 num

191 2561 233 2591 ad
255 2559 392 2591 veritatis
415 2560 539 2590 lancem
571 2560 706 2598 exegerit
729 2560 817 2600 quod
841 2557 979 2599 profert?
1005 2559 1072 2590 Cur
1100 2570 1176 2590 vero
1201 2570 1267 2590 non

192 2603 457 2641 animadverterit,
474 2603 679 2644 Opusculum
702 2604 797 2642 istud,
817 2605 907 2644 quod
930 2604 963 2634 in
987 2604 1125 2634 editione
1149 2605 1267 2634 Roma-

192 2658 234 2679 na
249 2649 364 2679 LXXII
381 2655 576 2686 numeratur,
594 2648 726 2679 minutis
742 2649 972 2679 characteribus
989 2658 1172 2688 expressum
1192 2647 1267 2678 fuis-

193 2690 244 2724 se?
263 2692 330 2724 Cur
353 2692 552 2733 synchronos
575 2703 792 2733 supparesque
817 2692 1070 2723 nomenclatores
1094 2702 1159 2722 non
1184 2692 1267 2722 adie-

192 2737 243 2776 rit,
255 2736 471 2768 Guillelmum
495 2738 534 2767 de
550 2738 671 2775 Tocco,
690 2737 859 2767 Nicolaum
876 2737 1054 2772 Trivetum,
1071 2737 1268 2767 Bernardum

193 2781 363 2819 Guidonis,
378 2781 662 2813 Bartholomaeum
686 2782 910 2821 Logothetam‚
927 2781 1056 2811 Petrum
1081 2781 1266 2820 Rogerium,

193 2832 338 2856 sanctum
362 2826 586 2864 Antoninum,
601 2826 657 2867 qui
689 2826 811 2856 nullam
834 2825 982 2866 praedicti
1007 2825 1103 2856 libelli
1134 2826 1268 2856 mentio-

194 2879 270 2900 nem
292 2868 459 2909 ingerunt?
478 2872 530 2900 An
554 2877 699 2911 opponat
721 2871 945 2900 Ptolomaeum
970 2870 1167 2907 Lucensem‚
1194 2871 1267 2900 item

196 2913 335 2951 dicitur,
361 2913 578 2954 inquientem,
605 2915 728 2956 fecisse
751 2920 924 2945 tractatum
957 2914 1008 2944 De
1037 2915 1266 2945 concordantia

195 2957 353 2988 dictorum
376 2958 538 2988 suorum?
556 2959 659 2989 Verba
684 2958 844 2989 sinchroni
873 2957 1010 2988 auctoris
1034 2968 1189 2997 agnosco,
1215 2959 1269 2988 sed

196 3011 234 3031 ex
248 3001 366 3032 incerta
382 3001 466 3043 fama
490 3002 660 3033 scribentis.
679 3003 821 3033 Leander
843 3003 992 3033 Albertus
1009 3009 1148 3039 testatur,
1166 3003 1268 3033 simile

197 3055 280 3085 opus
304 3045 525 3076 elucubratum
557 3046 654 3077 fuisse
678 3057 696 3077 a
719 3046 890 3077 Benedicto
921 3047 960 3076 de
989 3046 1188 3085 Assignano,
1212 3047 1268 3087 qui

196 3099 281 3119 anno
310 3089 392 3129 1339
416 3089 457 3119 ad
479 3090 585 3129 plures
609 3091 692 3121 abiit.
709 3091 830 3128 Quidni
852 3091 981 3121 laudato
1012 3091 1154 3130 scriptori
1178 3091 1269 3130 Opu-

197 3133 324 3167 sculum
346 3133 442 3170 istud,
459 3134 583 3164 nomini
606 3135 753 3165 Thomae
781 3135 996 3174 suppositum,
1018 3134 1112 3165 tribui
1137 3133 1269 3165 debeat?

197 3177 290 3217 Opus
313 3177 399 3207 aliud
432 3177 575 3208 eiusdem
597 3179 794 3218 argumenti,
820 3179 909 3219 quod
937 3185 1031 3209 vocat
1053 3189 1208 3219 magnum
1233 3180 1269 3209 li-

197 3222 301 3258 brum,
320 3221 439 3261 profert
461 3222 572 3252 Petrus
595 3223 634 3252 de
656 3223 738 3252 Alva
761 3229 791 3253 et
813 3225 966 3262 Astorga,
992 3223 1032 3253 ab
1054 3223 1207 3253 Hervaeo
1231 3224 1270 3253 de

197 3266 313 3296 Landa
337 3263 397 3307 (ut
420 3265 462 3296 ait
485 3266 548 3302 ille,
566 3266 685 3306 corrige
708 3276 783 3296 vero
807 3274 838 3297 et
860 3267 928 3306 lege
951 3267 991 3298 de
1017 3266 1156 3308 Gauda)
1181 3277 1269 3297 com-

198 3310 352 3350 positum.
379 3309 466 3347 Quid
490 3309 631 3348 facilius,
657 3320 755 3350 quam
778 3310 925 3341 Thomae
958 3311 1098 3350 supponi
1129 3311 1270 3350 potuisse

201 3354 417 3394 Opusculum,
433 3354 522 3394 quod
538 3354 605 3384 eius
629 3354 775 3393 discipuli
791 3347 1034 3385 elucubratum?
1053 3352 1268 3394 At'magnum

201 3398 331 3436 librum,
348 3408 445 3438 quem
468 3404 560 3428 vocat
583 3399 694 3428 Petrus
717 3397 789 3434 ille,
815 3398 1047 3435 animadverte,
1075 3399 1168 3428 unico
1181 3398 1270 3438 folio

199 3448 306 3473 totum
330 3449 359 3472 et
382 3442 541 3481 integrum
558 3441 795 3482 comprehendi,
811 3442 899 3482 quod
917 3442 1051 3481 propriis
1075 3442 1153 3471 vidit
1169 3442 1270 3472 oculis

199 3486 332 3517 lacobus
355 3486 518 3516 Echardus
541 3486 574 3516 in
598 3485 759 3516 codicibus
783 3496 857 3516 mss.
883 3486 1021 3522 duobus,
1045 3485 1208 3515 Victorino
1241 3493 1271 3516 et

199 3530 388 3561 Sorbonico.
406 3530 493 3567 Quid
515 3540 591 3560 vero
616 3527 767 3560 demum?
786 3530 933 3559 Thomae
951 3529 1110 3559 doctrinae
1134 3530 1269 3559 detraxe-

198 3574 262 3605 rint
284 3575 450 3616 quidpiam
473 3574 659 3605 huiusmodi
682 3583 779 3613 opera
802 3574 841 3604 ab
865 3574 933 3604 eius
957 3573 1119 3613 discipulis
1143 3573 1269 3603 conciri·

198 3617 294 3650 nata?
316 3632 331 3647 ι
349 3620 423 3650 Non
446 3619 530 3649 insto
554 3618 666 3660 (verba
682 3623 758 3649 sunt
777 3618 900 3648 laudati
922 3618 1065 3648 Echardi
1080 3619 1111 3647 in
1131 3617 1269 3648 eiusdem

2270 284 2385 309 CCCVH

1321 361 1335 375 »
1357 349 1502 380 Hervaei
1526 347 1645 390 elogio)
1670 348 1743 379 hinc
1763 349 1911 379 adversus
1935 349 2033 380 sancti
2049 349 2195 380 Thomae
2212 350 2387 381 doctrinam

1320 404 1334 419 2·
1358 394 1447 434 sequi
1466 393 1554 423 nihil.
1569 394 1659 430 Quot
1674 400 1860 432 apparentes
1877 403 1980 423 sacrae
1997 394 2174 434 Scripturae
2190 393 2386 439 ἀντιλογίας

1321 449 1334 463 >>
1358 437 1390 467 in
1415 437 1619 468 concordiam
1651 438 1798 467 reducere
1831 436 2038 468 studuerunt?
2067 439 2136 468 lmo
2165 448 2389 478 argumentum

1321 493 1334 508 »
1359 488 1404 511 est
1428 491 1572 512 summae
1589 482 1627 511 de
1645 481 1752 521 aliquo
1772 489 1900 512 auctore
1917 482 2165 519 existimationis,
2183 493 2256 513 cum
2280 483 2389 513 omnia

1321 537 1335 552 »
1358 525 1425 555 eius
1449 526 1543 556 verba
1559 526 1796 565 expenduntur:
1817 533 1847 556 et
1870 536 1951 566 quae
1967 527 2059 556 variis
2083 527 2161 557 locis
2185 528 2223 557 ab
2243 537 2281 557 eo
2306 528 2388 558 dicta

1321 582 1334 596 »
1357 569 1389 599 in
1414 570 1552 609 speciem
1576 580 1750 609 repugnare
1776 570 1939 608 videntur,
1965 571 2058 611 plane
2083 571 2260 601 consentire
2284 579 2388 601 osten-

1320 626 1333 639 »
1357 614 1485 644 duntur.
1502 614 1550 644 De
1574 614 1775 652 auctoribus,
1800 625 1941 655 quorum
1966 625 2031 645 non
2063 622 2109 645 est
2132 625 2208 646 usus
2232 616 2389 656 quotidia-

1321 670 1335 684 ›>
1359 668 1429 695 nus,
1447 669 1512 688 non
1530 665 1615 688 tanta
1631 666 1676 689 est
1692 669 1776 689 cura.
1796 671 1810 686 :v
1831 659 2000 689 Caeterum
2016 660 2286 690 Retractationem
2304 660 2389 700 Ope-

1318 712 1388 732 rum
1414 713 1548 732 suorum
1563 703 1703 743 aliquam
1726 703 1835 732 fecisse
1852 703 2025 741 Thomam,
2044 704 2179 734 fatemur
2202 712 2332 734 omnes:
2353 704 2388 734 il-

1317 746 1381 776 lam
1405 746 1531 782 scilicet,
1547 757 1613 776 non
1629 747 1735 783 aliam,
1752 757 1834 787 quae
1850 747 2007 787 aliquibus
2031 748 2140 787 paucis
2163 748 2195 778 in
2212 748 2290 778 locis
2313 758 2387 788 pro-

1318 797 1377 821 stat
1391 790 1424 820 in
1448 791 1626 831 theologica
1643 791 1786 827 Summa,
1803 798 1966 830 postremo
1990 792 2087 822 veluti
2103 792 2170 822 eius
2187 799 2387 823 testamento,

1385 835 1437 872 lv„
1458 835 1509 864 Ad
1532 835 1682 865 vindicias
1699 835 1833 874 gradum
1851 835 1923 866 facit
1946 836 2091 874 Zornius,
2109 847 2187 876 quas
2211 847 2270 876 pro
2289 837 2389 877 Aqui-

1318 885 1390 908 nate
1413 879 1578 909 adornavit
1599 879 1780 909 Vincentius
1802 880 1991 917 Bandellus,
2011 891 2073 910 non
2093 882 2232 920 ascripto
2251 883 2387 921 proprio

1318 923 1454 953 nomine.
1472 923 1560 953 Tum
1578 936 1591 950 «
1611 923 1765 953 Bandello
1783 929 1947 963 tamquam
1957 930 2147 964 parastatas
2164 926 2302 965 adiungo
2319 924 2385 966 (in-

1320 979 1334 993 v
1357 966 1450 1007 quit)
1475 967 1628 996 loannem
1652 966 1867 1006 Capreolum,
1899 968 2070 1007 Aegidium
2094 969 2132 998 de
2164 969 2324 1000 Columna
2356 970 2389 1000 in

1320 1023 1334 1037 v
1356 1010 1551 1050 Defensorio
1568 1020 1623 1040 seu
1643 1011 1845 1041 Correctorio
1861 1012 2015 1042 librorum
2037 1014 2141 1043 sancti
2156 1014 2293 1043 Thomae
2306 1014 2389 1044 Con—

1321 1067 1335 1082 »
1358 1059 1409 1085 tra
1436 1054 1600 1084 Guillelmi
1623 1055 1828 1085 Lamerensis
1863 1056 2001 1086 Thomae
2024 1058 2190 1097 Mastygis
2222 1064 2386 1098 corrupto-

1320 1111 1334 1125 »
1358 1100 1455 1135 rium,
1481 1099 1619 1138 Diegum
1643 1099 1763 1128 Dezam
1791 1099 1823 1128 in
1856 1098 2106 1139 Defensionibus
2138 1102 2284 1132 adversus
2317 1103 2387 1132 loca

1321 1154 1335 1169 »
1358 1142 1497 1182 aliquot,
1514 1142 1547 1172 in
1571 1143 1688 1182 quibus
1704 1143 1855 1173 Nicolaus
1879 1144 1917 1173 de
1942 1145 2013 1174 Lira
2030 1145 2176 1175 Thomae
2200 1146 2389 1184 adversatur,

1320 1198 1334 1212 »
1357 1186 1503 1216 Natalem
1526 1187 1741 1216 Alexandrum
1765 1194 1822 1217 etc.
1843 1199 1856 1213 »
1877 1188 1985 1224 Quam
2008 1188 2114 1228 inepta
2138 1197 2222 1226 sunt,
2244 1197 2274 1220 et
2299 1191 2388 1220 chro-

1319 1229 1390 1260 nico
1415 1240 1520 1260 rerum
1544 1230 1646 1260 ordini
1670 1231 1888 1270 repugnantia,
1914 1242 1996 1272 quae
2025 1233 2145 1263 disserit
2168 1234 2390 1274 Hamburgen-

1318 1274 1360 1304 sis
1383 1272 1512 1304 auctor?
1532 1274 1638 1305 Liceat
1661 1276 1773 1305 docere
1788 1275 1907 1314 ipsum,
1924 1277 2079 1306 Libellum
2097 1277 2136 1307 de
2160 1279 2293 1308 veritate
2317 1289 2390 1309 con-

1318 1320 1471 1358 ceptionis
1491 1319 1655 1359 gloriosae
1679 1320 1820 1359 Virginis
1843 1321 1973 1350 Mariae
1991 1331 2009 1350 a
2034 1321 2200 1351 Vincentio
2224 1323 2388 1360 Bandello,

1319 1363 1449 1393 nomine
1473 1363 1604 1403 proprio
1621 1373 1686 1393 non
1706 1364 1875 1403 adscripto,
1893 1374 1979 1394 anno
2003 1365 2086 1404 1475
2107 1366 2190 1405 typis
2214 1367 2392 1397 Mediolani
2442 1402 2444 1405 ,

1319 1408 1505 1437 mandatum
1530 1407 1625 1438 fuisse
1642 1409 1727 1447 apud
1755 1408 2018 1448 Christophorum
2045 1409 2230 1450 Waldarfer
2253 1413 2390 1451 ratispo-

1320 1461 1458 1482 nensem.
1483 1452 1622 1482 Nomine
1646 1452 1714 1482 eius
1738 1453 1868 1492 proprio
1893 1453 2069 1493 adscripto,
2093 1453 2218 1484 libellus
2242 1455 2320 1484 alter
2342 1456 2393 1485 De

1318 1497 1483 1536 singulari
1509 1498 1675 1536 puritate,
1708 1502 1739 1526 et
1766 1499 2002 1537 praerogativa
2032 1499 2246 1537 conceptionis
2278 1499 2390 1529 Salva-

1319 1542 1399 1571 toris
1422 1542 1525 1571 nostri
1547 1541 1622 1571 Iesu
1650 1541 1770 1571 Christi
1787 1551 1851 1581 per
1862 1541 2010 1582 fratrem
2044 1542 2239 1572 Vincentium
2263 1543 2302 1573 de
2328 1543 2389 1574 Ca-

1318 1590 1386 1615 stro
1410 1595 1491 1615 novo
1515 1583 1648 1626 (nomen
1672 1585 1768 1615 habes
1791 1592 1822 1615 et
1842 1585 1990 1628 patriam)
2008 1586 2125 1625 prodiit
2141 1587 2308 1617 Bononiae
2331 1598 2389 1618 an-

1320 1639 1361 1659 no
1385 1627 1475 1666 1481.
1494 1630 1630 1659 Mortem
1654 1629 1824 1660 Bandellus
1849 1630 1928 1660 obiit
1958 1641 2043 1660 anno
2074 1632 2166 1661 1506.
2194 1632 2285 1662 Unde
2310 1632 2392 1662 festi-

1320 1683 1397 1703 vum
1421 1683 1506 1710 sane,
1525 1674 1614 1713 quod
1636 1673 1711 1703 huic
1729 1679 1946 1713 parastatam,
1974 1674 2118 1711 socium,
2145 1675 2390 1715 opitulatorem,

1320 1717 1503 1747 auxiliarem
1532 1717 1708 1748 adiunxerit
1739 1718 1875 1748 Zornius
1907 1719 2063 1749 Ioannem
2098 1719 2311 1759 Capreolum,
2336 1721 2392 1761 qui

1320 1771 1405 1791 anno
1435 1771 1517 1801 1444
1540 1762 1603 1791 vita
1620 1762 1813 1801 migraverat.
1840 1763 1995 1793 Festivius
2019 1763 2114 1793 etiam
2138 1764 2240 1794 eidem
2260 1765 2393 1795 Bandel-

1320 1806 1353 1836 lo
1377 1812 1408 1836 et
1431 1805 1590 1846 capreolo
1605 1811 1809 1846 parastatam
1835 1807 1963 1846 adiungi
1987 1809 2158 1848 Aegidium
2176 1809 2215 1838 de
2234 1809 2392 1839 Columna

1321 1860 1405 1880 anno
1436 1851 1516 1880 1316
1541 1850 1704 1881 denatum.
1721 1850 1907 1881 Genuinum
1931 1852 2050 1891 operis,
2077 1853 2166 1892 quod
2189 1853 2263 1883 huic
2286 1853 2393 1884 tribui—

1321 1901 1387 1929 tur,
1414 1894 1543 1924 titulum
1577 1894 1696 1934 profert
1728 1895 1825 1925 editio
1850 1896 1970 1926 Veneta
2000 1906 2085 1926 anno
2116 1898 2196 1927 1516
2227 1897 2393 1928 Correcto—

1321 1940 1406 1968 rium
1431 1940 1627 1978 corruptorii
1648 1939 1776 1979 fratris
1811 1940 1958 1970 Thomae.
1986 1941 2134 1970 Titulum
2167 1941 2393 1981 interpolatum

1322 1982 1469 2013 editionis
1489 1982 1702 2020 Coloniensis,
1719 1994 1737 2013 a
1754 1983 1906 2014 Gualtero
1924 1984 2121 2015 Strevesdorf
2135 1996 2220 2016 anno
2242 1987 2324 2025 1644
2340 1997 2394 2016 cu-

1322 2034 1416 2064 ratae,
1433 2027 1579 2067 exprimit
1601 2028 1746 2058 Zornius.
1768 2028 1835 2058 Cur
1858 2039 1932 2058 vero
1957 2029 2111 2059 Bandello
2128 2037 2316 2069 parastatam
2339 2031 2394 2060 ad-

1321 2071 1426 2111 iungis
1451 2072 1608 2102 Didacum
1630 2072 1762 2109 Dezam,
1779 2072 1834 2112 qui
1858 2073 2009 2103 vindicias
2033 2073 2104 2104 licet
2132 2074 2299 2114 Aquinatis
2323 2085 2394 2114 ege-

1322 2116 1372 2154 rit,
1388 2116 1483 2155 longe
1516 2123 1621 2146 tamen
1655 2117 1815 2147 diversum
1848 2124 2073 2156 argumentum
2105 2116 2259 2149 versavit?
2278 2119 2392 2158 Operis

1323 2160 1390 2190 eius
1406 2160 1516 2191 titulus
1533 2168 1594 2190 est:
1614 2160 1844 2201 Defensorium
1861 2162 2012 2192 Doctoris
2027 2163 2177 2202 Angelici
2191 2165 2295 2193 sancti
2314 2164 2392 2193 1710-

1322 2214 1394 2234 mae
1416 2206 1587 2245 Aquinatis
1610 2210 1722 2235 contra
1740 2207 1913 2236 invectivas
1937 2207 2096 2236 Matthiae
2112 2207 2257 2237 Dorinclt
2280 2209 2312 2237 in
2330 2208 2390 2238 Re-

1317 2249 1546 2289 plicationibus
1569 2255 1681 2279 contra
1698 2250 1834 2280 Paulum
1859 2250 2061 2290 Burgensem
2079 2261 2177 2290 super
2194 2252 2310 2282 Biblia.
2331 2252 2393 2282 Na-

1323 2293 1392 2323 talis
1416 2294 1547 2323 demum
1574 2294 1748 2323 Alexander
1771 2301 1950 2333 postremus
1975 2302 2031 2333 est,
2049 2295 2103 2335 qui
2123 2305 2288 2335 perperam
2310 2296 2392 2326 Ban-

1323 2338 1408 2367 dello
1433 2337 1615 2377 adiungitur
1637 2345 1801 2377 parastata.

1391 2382 1428 2412 V.
1449 2382 1611 2412 Hactenus
1634 2382 1674 2412 de
1698 2383 1789 2412 varia
1814 2382 1974 2412 doctrinae
1990 2393 2008 2412 a
2027 2383 2155 2413 Thoma
2173 2383 2302 2414 traditae
2317 2384 2393 2423 for-

1323 2431 1402 2456 tuna
1419 2426 1505 2465 apud
1520 2426 1691 2456 Zornium:
1713 2436 1778 2456 non
1794 2426 1924 2463 variam,
1942 2427 1997 2457 sed
2014 2434 2211 2457 constantem
2234 2427 2394 2458 fortunam

1323 2470 1390 2500 eius
1414 2470 1545 2500 dixerim
1570 2480 1641 2509 ego,
1663 2471 1836 2500 secundam
1868 2481 2002 2511 semper.
2024 2485 2037 2498 κ
2058 2472 2104 2502 De
2128 2472 2273 2511 genuinis
2297 2473 2394 2503 sancti

1326 2527 1340 2541 »
1363 2515 1510 2545 Thomae
1526 2514 1648 2554 scriptis
1651 2537 1704 2544 .....
1722 2515 1841 2545 variam
1860 2515 2003 2546 eiusdem
2027 2515 2199 2553 fortunam,
2217 2518 2329 2557 inquit,
2347 2517 2393 2547 vi-

1326 2571 1340 2585 »
1363 2559 1436 2596 dere
1459 2559 1561 2589 liceat.
1580 2559 1614 2588 ln
1638 2559 1796 2599 principio
1826 2566 1950 2590 tantum
1974 2570 2045 2590 vera
2076 2560 2222 2590 Thomae
2249 2560 2391 2600 Opuscu-

1326 2615 1340 2630 »
1364 2603 1396 2633 la
1419 2613 1462 2632 vn
1486 2610 1572 2633 erant
1605 2611 1758 2633 numero:
1787 2603 1901 2634 deinde
1925 2605 2050 2634 saeculo
2075 2615 2092 2634 a
2116 2612 2218 2635 morte
2247 2605 2393 2636 Thomae

1326 2659 1339 2673 1·
1363 2647 1516 2685 secundo,
1533 2647 1613 2677 idest
1637 2647 1716 2678 circa
1739 2658 1861 2678 annum
1883 2649 1965 2679 1330
1990 2659 2091 2688 usque
2112 2649 2151 2679 ad
2174 2659 2213 2678 xx
2237 2651 2392 2688 augeban-

1327 2703 1341 2718 »
1364 2698 1431 2722 tur:
1452 2701 1528 2722 mox
1552 2692 1678 2722 saeculo
1712 2692 1803 2722 tertio
1827 2693 1867 2722 ad
1900 2703 2070 2723 numerum
2094 2703 2167 2722 Lvm
2199 2700 2229 2723 et
2256 2694 2392 2734 denique

1327 2748 1341 2762 ιο
1364 2736 1491 2766 saeculo
1524 2743 1637 2776 quarto
1671 2736 1807 2766 accessio
1832 2737 1912 2766 facta
1936 2745 1982 2767 est
2013 2737 2247 2776 Opusculornm
2280 2748 2392 2767 cxxvm

1327 2793 1341 2807 x
1364 2787 1419 2810 aut
1442 2781 1617 2810 secundum
1642 2780 1721 2810 alios
1745 2791 1833 2817 eLxx,
1851 2791 1889 2811 ne
1909 2781 2012 2811 dicam
2036 2792 2072 2811 ex
2088 2781 2142 2811 illo
2167 2788 2309 2821 tempore
2326 2792 2391 2811 ma-

1327 2837 1341 2852 »
1363 2824 1410 2864 gis
1434 2824 1598 2865 magisque
1621 2824 1654 2854 in
1678 2824 1743 2854 dies
1760 2835 1858 2855 novas
1883 2826 1941 2855 sub
1956 2826 2103 2855 Thomae
2126 2825 2255 2855 nomine
2273 2836 2391 2856 merces

1327 2881 1340 2895 2·
1365 2869 1509 2899 obtrusas
1533 2879 1608 2899 esse.
1630 2882 1642 2894 ι·
1663 2866 1791 2899 Petrum
1824 2870 1863 2899 de
1886 2870 1966 2899 Alva
1990 2877 2020 2899 et
2052 2873 2187 2908 Astorga
2219 2870 2392 2900 transcribit

1324 2913 1392 2943 ille:
1413 2914 1563 2953 depravat
1586 2913 1689 2943 etiam.
1717 2914 1803 2943 Haec
1828 2914 1937 2943 eadem
1970 2924 2109 2954 namque
2132 2913 2250 2953 profert
2277 2914 2329 2944 ille
2352 2914 2391 2944 de

1324 2957 1471 2987 Thomae
1495 2957 1652 2997 Operibus
1676 2957 1858 2996 generatim,
1881 2957 1944 2988 sive
1970 2958 2089 2988 maiora
2112 2957 2175 2987 sive
2199 2958 2322 2988 minora
2345 2958 2392 2987 in-

1325 3002 1455 3041 telligas,
1471 3012 1552 3042 quae
1567 3002 1664 3041 vulgo
1685 3001 1846 3041 Opuscula
1864 3002 2026 3032 dicuntur:
2043 3009 2112 3032 tum
2129 3001 2282 3031 rationem
2298 3002 2392 3032 aliam

1325 3046 1363 3076 de
1386 3046 1471 3075 hisce
1498 3045 1669 3085 Opusculis
1691 3046 1864 3076 ineundam
1888 3046 2047 3085 proponit.
2070 3047 2171 3075 Verba
2195 3046 2261 3076 eius
2285 3046 2391 3086 accipe

1324 3089 1356 3119 in
1380 3091 1476 3120 Nodo
1500 3090 1726 3120 indissolubili:
1747 3089 1942 3130 (Funiculus
1962 3090 2039 3131 II).·
2061 3090 2167 3130 Opera
2193 3088 2276 3132 (non
2301 3090 2391 3130 Opu-

1325 3132 1423 3175 scula)
1434 3135 1538 3164 sancti
1559 3135 1706 3170 Thomae,
1717 3144 1800 3174 quae
1815 3135 1855 3164 ab
1870 3136 1959 3164 initio
1970 3140 2092 3164 tantum
2109 3140 2203 3164 erant
2215 3145 2258 3164 vn
2273 3135 2390 3165 admis-

1324 3188 1360 3208 sa
1381 3184 1415 3208 ut
1434 3179 1591 3218 legitima,
1606 3179 1735 3208 saeculo
1751 3179 1890 3208 secundo
1913 3184 2083 3208 creverunt
2106 3188 2206 3218 usque
2228 3179 2271 3208 ad
2293 3189 2342 3215 xx,
2361 3184 2390 3208 et

1323 3223 1452 3252 saeculo
1476 3223 1570 3252 tertio
1585 3222 1799 3252 ascenderunt
1815 3232 1914 3262 usque
1927 3223 1970 3252 ad
1989 3233 2072 3259 tvm,
2095 3228 2126 3252 et
2145 3223 2236 3252 modo
2256 3224 2389 3252 circum-

1316 3265 1480 3305 feruntur
1495 3276 1607 3295 cxxvm
1627 3267 1677 3296 vel
1698 3267 1872 3296 secundum
1896 3268 1994 3296 aliam
2023 3268 2267 3306 suppositionem
2298 3277 2386 3296 eLxx.

1329 3309 1491 3349 Opuscula
1507 3311 1580 3339 item
1591 3320 1710 3349 parva,
1723 3311 1776 3340 ubi
1785 3312 1875 3340 initio
1886 3316 2009 3340 tantum
2027 3316 2120 3340 erant
2134 3312 2209 3346 tria,
2220 3316 2389 3340 creverunt

1326 3363 1426 3393 usque
1448 3353 1491 3382 ad
1506 3355 1712 3394 septuaginta
1735 3356 1808 3384 tria.
1827 3355 1914 3384 Haec
1937 3354 2056 3384 effutire
2073 3354 2177 3394 potuit
2193 3355 2301 3384 Petrus
2324 3354 2387 3391 ille,

1325 3398 1457 3437 probare
1474 3405 1670 3437 numquam:
1692 3398 1896 3438 eiusdemque
1913 3399 2033 3428 adserta
2056 3399 2094 3427 ad
2110 3398 2244 3428 veritatis
2268 3398 2391 3428 lancem

1325 3441 1456 3470 minime
1472 3441 1572 3480 exegit
1584 3441 1729 3472 Zornius.
1744 3442 1940 3472 Nostratium
1958 3442 2195 3472 Dissertationes
2218 3442 2391 3472 uberrimae

1326 3492 1483 3524 prostant:
1504 3495 1570 3524 quo
1587 3485 1681 3515 etiam
1697 3486 1735 3515 de
1750 3493 1936 3524 argumento
1951 3496 1969 3516 a
1984 3496 2036 3515 me
2052 3494 2159 3516 actum
2174 3486 2258 3516 hisce
2274 3486 2305 3515 in
2322 3486 2390 3516 Dis-

1326 3528 1555 3558 sertationibus.
1573 3529 1680 3565 Quam
1696 3529 1817 3568 egregie
1832 3540 1907 3560 vero
1930 3530 2066 3560 Zornius
2085 3531 2240 3560 subducat
2253 3530 2390 3560 rationes

1326 3582 1397 3602 suas
1420 3573 1661 3603 admonendum
1684 3580 1738 3603 est.
1755 3574 1877 3613 Nempe
1900 3575 2063 3604 saeculum
2081 3585 2101 3604 a
2122 3580 2222 3605 morte
2251 3575 2389 3604 Thomae

1324 3617 1498 3647 secundum
1523 3616 1631 3647 definit
1653 3619 1740 3648 circa
1762 3628 1884 3648 annum
1908 3618 2005 3649 1330.
2021 3619 2072 3648 Ad
2096 3619 2235 3659 Superos
2254 3618 2390 3649 evolavit
2413 3629 2417 3631 ·
