<?xml version="1.0" encoding="UTF-8"?>
<!DOCTYPE html PUBLIC "-//W3C//DTD XHTML 1.0 Transitional//EN"
    "http://www.w3.org/TR/xhtml1/DTD/xhtml1-transitional.dtd">
<html xmlns="http://www.w3.org/1999/xhtml" xml:lang="en" lang="en">
 <head>
  <title>
</title>
<meta http-equiv="Content-Type" content="text/html;charset=utf-8" />
  <meta name='ocr-system' content='tesseract 3.04.00' />
  <meta name='ocr-capabilities' content='ocr_page ocr_carea ocr_par ocr_line ocrx_word'/>
</head>
<body>
  <div class='ocr_page' id='page_1' title='image "./operaomniaiussui01thom_0087.png"; bbox 0 0 2548 4192; ppageno 0'>
   <div class='ocr_carea' id='block_1_1' title="bbox 921 254 1662 302">
    <p class='ocr_par' dir='ltr' id='par_1_1' title="bbox 921 254 1662 302">
     <span class='ocr_line' id='line_1_1' title="bbox 921 254 1662 302; baseline 0.004 -12"><span class='ocrx_word' id='word_1_1' title='bbox 921 254 975 290; x_wconf 90' lang='lat' dir='ltr'>IN</span> <span class='ocrx_word' id='word_1_2' title='bbox 1007 254 1044 291; x_wconf 91' lang='lat' dir='ltr'>S.</span> <span class='ocrx_word' id='word_1_3' title='bbox 1066 254 1309 291; x_wconf 89' lang='lat' dir='ltr'>THOMAM</span> <span class='ocrx_word' id='word_1_4' title='bbox 1337 255 1662 302; x_wconf 89' lang='lat' dir='ltr'>AQUINATEM</span> 
     </span>
    </p>
   </div>
   <div class='ocr_carea' id='block_1_2' title="bbox 121 333 1257 3352">
    <p class='ocr_par' dir='ltr' id='par_1_2' title="bbox 175 333 1257 498">
     <span class='ocr_line' id='line_1_2' title="bbox 177 333 1255 375; baseline 0 -11"><span class='ocrx_word' id='word_1_5' title='bbox 177 334 360 375; x_wconf 89' lang='lat' dir='ltr'>parentibus</span> <span class='ocrx_word' id='word_1_6' title='bbox 383 333 488 372; x_wconf 87' lang='lat' dir='ltr'>fuerit,</span> <span class='ocrx_word' id='word_1_7' title='bbox 508 333 568 364; x_wconf 89' lang='lat' dir='ltr'>iuri</span> <span class='ocrx_word' id='word_1_8' title='bbox 593 334 714 372; x_wconf 82' lang='lat' dir='ltr'>cedere,</span> <span class='ocrx_word' id='word_1_9' title='bbox 734 333 759 364; x_wconf 87' lang='lat' dir='ltr'>si</span> <span class='ocrx_word' id='word_1_10' title='bbox 783 334 873 374; x_wconf 93' lang='lat' dir='ltr'>quod</span> <span class='ocrx_word' id='word_1_11' title='bbox 896 333 929 364; x_wconf 91' lang='lat' dir='ltr'>in</span> <span class='ocrx_word' id='word_1_12' title='bbox 952 333 1060 374; x_wconf 91' lang='lat' dir='ltr'>ipsum</span> <span class='ocrx_word' id='word_1_13' title='bbox 1084 334 1255 374; x_wconf 88' lang='lat' dir='ltr'>acquisive-</span> 
     </span>
     <span class='ocr_line' id='line_1_3' title="bbox 175 377 1257 417; baseline 0 -9"><span class='ocrx_word' id='word_1_14' title='bbox 175 385 242 416; x_wconf 87' lang='lat' dir='ltr'>rat,</span> <span class='ocrx_word' id='word_1_15' title='bbox 270 378 407 409; x_wconf 89' lang='lat' dir='ltr'>voluerit</span> <span class='ocrx_word' id='word_1_16' title='bbox 430 379 547 409; x_wconf 89' lang='lat' dir='ltr'>Abbas.</span> <span class='ocrx_word' id='word_1_17' title='bbox 572 377 635 409; x_wconf 88' lang='lat' dir='ltr'>Sed</span> <span class='ocrx_word' id='word_1_18' title='bbox 658 378 735 408; x_wconf 90' lang='lat' dir='ltr'>haec</span> <span class='ocrx_word' id='word_1_19' title='bbox 759 378 871 417; x_wconf 88' lang='lat' dir='ltr'>agendi</span> <span class='ocrx_word' id='word_1_20' title='bbox 903 378 983 409; x_wconf 92' lang='lat' dir='ltr'>ratio</span> <span class='ocrx_word' id='word_1_21' title='bbox 1007 378 1040 408; x_wconf 90' lang='lat' dir='ltr'>in</span> <span class='ocrx_word' id='word_1_22' title='bbox 1062 378 1206 416; x_wconf 81' lang='lat' dir='ltr'>Abbate,</span> <span class='ocrx_word' id='word_1_23' title='bbox 1231 378 1257 408; x_wconf 90' lang='lat' dir='ltr'>si</span> 
     </span>
     <span class='ocr_line' id='line_1_4' title="bbox 175 422 1256 463; baseline 0 -10"><span class='ocrx_word' id='word_1_24' title='bbox 175 422 422 463; x_wconf 88' lang='lat' dir='ltr'>Disquisitorem</span> <span class='ocrx_word' id='word_1_25' title='bbox 454 422 565 460; x_wconf 88' lang='lat' dir='ltr'>audis,</span> <span class='ocrx_word' id='word_1_26' title='bbox 592 422 632 452; x_wconf 91' lang='lat' dir='ltr'>ad</span> <span class='ocrx_word' id='word_1_27' title='bbox 672 422 771 452; x_wconf 89' lang='lat' dir='ltr'>solius</span> <span class='ocrx_word' id='word_1_28' title='bbox 806 422 1001 453; x_wconf 82' lang='lat' dir='ltr'><em>urbanitatis</em></span> <span class='ocrx_word' id='word_1_29' title='bbox 1035 422 1145 463; x_wconf 88' lang='lat' dir='ltr'>officia</span> <span class='ocrx_word' id='word_1_30' title='bbox 1178 422 1256 453; x_wconf 91' lang='lat' dir='ltr'>refe-</span> 
     </span>
     <span class='ocr_line' id='line_1_5' title="bbox 176 466 356 498; baseline 0.006 -2"><span class='ocrx_word' id='word_1_31' title='bbox 176 466 275 497; x_wconf 89' lang='lat' dir='ltr'>renda</span> <span class='ocrx_word' id='word_1_32' title='bbox 299 473 356 498; x_wconf 89' lang='lat' dir='ltr'>est.</span> 
     </span>
    </p>

    <p class='ocr_par' dir='ltr' id='par_1_3' title="bbox 174 510 1255 1351">
     <span class='ocr_line' id='line_1_6' title="bbox 243 510 1255 551; baseline 0 -10"><span class='ocrx_word' id='word_1_33' title='bbox 243 511 281 542; x_wconf 90' lang='lat'>11.</span> <span class='ocrx_word' id='word_1_34' title='bbox 301 511 387 542; x_wconf 92' lang='lat' dir='ltr'>Hinc</span> <span class='ocrx_word' id='word_1_35' title='bbox 405 510 597 541; x_wconf 88' lang='lat' dir='ltr'>monasticas</span> <span class='ocrx_word' id='word_1_36' title='bbox 616 510 762 551; x_wconf 89' lang='lat' dir='ltr'>intelligit</span> <span class='ocrx_word' id='word_1_37' title='bbox 785 510 837 541; x_wconf 87' lang='lat' dir='ltr'>ine</span> <span class='ocrx_word' id='word_1_38' title='bbox 862 510 997 549; x_wconf 88' lang='lat' dir='ltr'>scholas,</span> <span class='ocrx_word' id='word_1_39' title='bbox 1017 521 1097 551; x_wconf 87' lang='lat' dir='ltr'>quas</span> <span class='ocrx_word' id='word_1_40' title='bbox 1121 511 1255 551; x_wconf 82' lang='lat' dir='ltr'>Neapoli</span> 
     </span>
     <span class='ocr_line' id='line_1_7' title="bbox 176 554 1254 596; baseline 0.001 -11"><span class='ocrx_word' id='word_1_41' title='bbox 176 554 283 586; x_wconf 88' lang='lat' dir='ltr'>adibat</span> <span class='ocrx_word' id='word_1_42' title='bbox 305 555 451 586; x_wconf 85' lang='lat' dir='ltr'><strong>Thomas</strong></span> <span class='ocrx_word' id='word_1_43' title='bbox 483 565 520 585; x_wconf 87' lang='lat' dir='ltr'>ac</span> <span class='ocrx_word' id='word_1_44' title='bbox 548 555 725 586; x_wconf 89' lang='lat' dir='ltr'>monachos</span> <span class='ocrx_word' id='word_1_45' title='bbox 749 562 967 595; x_wconf 88' lang='lat' dir='ltr'>praeceptores</span> <span class='ocrx_word' id='word_1_46' title='bbox 990 565 1074 596; x_wconf 93' lang='lat' dir='ltr'>quos</span> <span class='ocrx_word' id='word_1_47' title='bbox 1098 555 1254 586; x_wconf 81' lang='lat' dir='ltr'>audiebat.</span> 
     </span>
     <span class='ocr_line' id='line_1_8' title="bbox 177 599 1255 641; baseline 0.001 -11"><span class='ocrx_word' id='word_1_48' title='bbox 177 599 282 630; x_wconf 88' lang='lat' dir='ltr'>Verba</span> <span class='ocrx_word' id='word_1_49' title='bbox 303 599 372 630; x_wconf 91' lang='lat' dir='ltr'>eius</span> <span class='ocrx_word' id='word_1_50' title='bbox 391 605 476 638; x_wconf 89' lang='lat' dir='ltr'>sunt,</span> <span class='ocrx_word' id='word_1_51' title='bbox 496 609 564 639; x_wconf 88' lang='lat' dir='ltr'>cap.</span> <span class='ocrx_word' id='word_1_52' title='bbox 584 610 634 638; x_wconf 88' lang='lat'>111,</span> <span class='ocrx_word' id='word_1_53' title='bbox 659 609 749 630; x_wconf 91' lang='lat' dir='ltr'>num.</span> <span class='ocrx_word' id='word_1_54' title='bbox 770 607 806 638; x_wconf 89' lang='lat'>4:</span> <span class='ocrx_word' id='word_1_55' title='bbox 831 612 845 627; x_wconf 72' lang='grc' dir='ltr'><em>α</em></span> <span class='ocrx_word' id='word_1_56' title='bbox 863 599 988 640; x_wconf 91' lang='lat' dir='ltr'>Ecquid</span> <span class='ocrx_word' id='word_1_57' title='bbox 1011 610 1131 641; x_wconf 86' lang='lat' dir='ltr'>quaeso</span> <span class='ocrx_word' id='word_1_58' title='bbox 1155 607 1255 638; x_wconf 84' lang='lat' dir='ltr'>vetat,</span> 
     </span>
     <span class='ocr_line' id='line_1_9' title="bbox 179 643 1255 684; baseline 0.002 -11"><span class='ocrx_word' id='word_1_59' title='bbox 179 655 195 671; x_wconf 69' lang='grc' dir='ltr'>ιν</span> <span class='ocrx_word' id='word_1_60' title='bbox 217 654 356 684; x_wconf 86' lang='lat' dir='ltr'>puerum</span> <span class='ocrx_word' id='word_1_61' title='bbox 378 643 555 682; x_wconf 87' lang='lat' dir='ltr'>Thomam,</span> <span class='ocrx_word' id='word_1_62' title='bbox 575 644 772 675; x_wconf 90' lang='lat' dir='ltr'>cucullatum</span> <span class='ocrx_word' id='word_1_63' title='bbox 789 643 862 674; x_wconf 89' lang='lat' dir='ltr'>licet</span> <span class='ocrx_word' id='word_1_64' title='bbox 885 654 921 674; x_wconf 91' lang='lat' dir='ltr'>ac</span> <span class='ocrx_word' id='word_1_65' title='bbox 940 651 1083 683; x_wconf 87' lang='lat' dir='ltr'>tonsum,</span> <span class='ocrx_word' id='word_1_66' title='bbox 1104 655 1120 675; x_wconf 94' lang='lat' dir='ltr'>e</span> <span class='ocrx_word' id='word_1_67' title='bbox 1144 645 1255 676; x_wconf 87' lang='lat' dir='ltr'>Monte</span> 
     </span>
     <span class='ocr_line' id='line_1_10' title="bbox 179 687 1255 728; baseline 0.001 -9"><span class='ocrx_word' id='word_1_68' title='bbox 179 699 194 715; x_wconf 83' lang='lat'><strong>»</strong></span> <span class='ocrx_word' id='word_1_69' title='bbox 217 688 338 720; x_wconf 84' lang='lat' dir='ltr'>Casino</span> <span class='ocrx_word' id='word_1_70' title='bbox 351 687 523 728; x_wconf 81' lang='lat' dir='ltr'>Neapolim</span> <span class='ocrx_word' id='word_1_71' title='bbox 541 688 582 718; x_wconf 91' lang='lat' dir='ltr'>ad</span> <span class='ocrx_word' id='word_1_72' title='bbox 600 688 711 719; x_wconf 89' lang='lat' dir='ltr'>altiora</span> <span class='ocrx_word' id='word_1_73' title='bbox 730 688 834 719; x_wconf 89' lang='lat' dir='ltr'>studia</span> <span class='ocrx_word' id='word_1_74' title='bbox 848 688 984 719; x_wconf 91' lang='lat' dir='ltr'>missum</span> <span class='ocrx_word' id='word_1_75' title='bbox 1003 699 1081 728; x_wconf 90' lang='lat' dir='ltr'>esse,</span> <span class='ocrx_word' id='word_1_76' title='bbox 1102 696 1137 720; x_wconf 89' lang='lat' dir='ltr'>ut</span> <span class='ocrx_word' id='word_1_77' title='bbox 1151 696 1182 720; x_wconf 93' lang='lat' dir='ltr'>et</span> <span class='ocrx_word' id='word_1_78' title='bbox 1205 689 1255 720; x_wconf 92' lang='lat' dir='ltr'>hic</span> 
     </span>
     <span class='ocr_line' id='line_1_11' title="bbox 179 731 1254 774; baseline 0.001 -11"><span class='ocrx_word' id='word_1_79' title='bbox 179 744 195 759; x_wconf 87' lang='lat'><strong>›</strong></span> <span class='ocrx_word' id='word_1_80' title='bbox 217 732 396 764; x_wconf 82' lang='lat' dir='ltr'>monachus</span> <span class='ocrx_word' id='word_1_81' title='bbox 411 731 598 771; x_wconf 85' lang='lat' dir='ltr'>canditatus,</span> <span class='ocrx_word' id='word_1_82' title='bbox 614 733 673 763; x_wconf 93' lang='lat' dir='ltr'>sub</span> <span class='ocrx_word' id='word_1_83' title='bbox 693 733 928 764; x_wconf 90' lang='lat' dir='ltr'>monachorum</span> <span class='ocrx_word' id='word_1_84' title='bbox 947 733 1062 773; x_wconf 89' lang='lat' dir='ltr'>pariter</span> <span class='ocrx_word' id='word_1_85' title='bbox 1081 733 1254 774; x_wconf 88' lang='lat' dir='ltr'>disciplina,</span> 
     </span>
     <span class='ocr_line' id='line_1_12' title="bbox 179 775 1254 818; baseline 0.002 -11"><span class='ocrx_word' id='word_1_86' title='bbox 179 788 194 803; x_wconf 81' lang='lat'><strong>»</strong></span> <span class='ocrx_word' id='word_1_87' title='bbox 217 783 363 817; x_wconf 85' lang='lat' dir='ltr'>suscepta</span> <span class='ocrx_word' id='word_1_88' title='bbox 386 776 494 807; x_wconf 86' lang='lat' dir='ltr'>Casini</span> <span class='ocrx_word' id='word_1_89' title='bbox 524 777 628 808; x_wconf 92' lang='lat' dir='ltr'>studia</span> <span class='ocrx_word' id='word_1_90' title='bbox 658 775 922 818; x_wconf 87' lang='lat' dir='ltr'>prosequeretur?</span> <span class='ocrx_word' id='word_1_91' title='bbox 941 777 1028 809; x_wconf 91' lang='lat' dir='ltr'>Cum</span> <span class='ocrx_word' id='word_1_92' title='bbox 1051 785 1082 809; x_wconf 91' lang='lat' dir='ltr'>et</span> <span class='ocrx_word' id='word_1_93' title='bbox 1110 778 1174 809; x_wconf 92' lang='lat' dir='ltr'>illic</span> <span class='ocrx_word' id='word_1_94' title='bbox 1196 779 1254 809; x_wconf 89' lang='lat' dir='ltr'>Be-</span> 
     </span>
     <span class='ocr_line' id='line_1_13' title="bbox 178 821 1255 860; baseline 0.003 -9"><span class='ocrx_word' id='word_1_95' title='bbox 178 833 194 848; x_wconf 82' lang='lat'><strong>»</strong></span> <span class='ocrx_word' id='word_1_96' title='bbox 215 821 367 852; x_wconf 86' lang='lat' dir='ltr'>nedictini</span> <span class='ocrx_word' id='word_1_97' title='bbox 389 821 520 852; x_wconf 88' lang='lat' dir='ltr'>Ordinis</span> <span class='ocrx_word' id='word_1_98' title='bbox 548 822 740 852; x_wconf 89' lang='lat' dir='ltr'>monasteria</span> <span class='ocrx_word' id='word_1_99' title='bbox 762 829 839 853; x_wconf 91' lang='lat' dir='ltr'>tunc</span> <span class='ocrx_word' id='word_1_100' title='bbox 870 829 990 860; x_wconf 88' lang='lat' dir='ltr'>essent,</span> <span class='ocrx_word' id='word_1_101' title='bbox 1017 823 1115 854; x_wconf 87' lang='lat' dir='ltr'>sancti</span> <span class='ocrx_word' id='word_1_102' title='bbox 1139 823 1255 854; x_wconf 90' lang='lat' dir='ltr'>scilicet</span> 
     </span>
     <span class='ocr_line' id='line_1_14' title="bbox 178 865 1254 908; baseline 0.003 -13"><span class='ocrx_word' id='word_1_103' title='bbox 178 876 194 893; x_wconf 76' lang='lat'><strong>»</strong></span> <span class='ocrx_word' id='word_1_104' title='bbox 216 865 356 896; x_wconf 87' lang='lat' dir='ltr'>Severini</span> <span class='ocrx_word' id='word_1_105' title='bbox 385 872 416 896; x_wconf 93' lang='lat' dir='ltr'>et</span> <span class='ocrx_word' id='word_1_106' title='bbox 444 865 543 896; x_wconf 90' lang='lat' dir='ltr'>sancti</span> <span class='ocrx_word' id='word_1_107' title='bbox 567 866 737 897; x_wconf 86' lang='lat' dir='ltr'>Demetrii:</span> <span class='ocrx_word' id='word_1_108' title='bbox 771 867 861 908; x_wconf 92' lang='lat' dir='ltr'>quod</span> <span class='ocrx_word' id='word_1_109' title='bbox 894 867 1045 898; x_wconf 80' lang='lat' dir='ltr'>ultimum</span> <span class='ocrx_word' id='word_1_110' title='bbox 1076 867 1154 898; x_wconf 89' lang='lat' dir='ltr'>iuris</span> <span class='ocrx_word' id='word_1_111' title='bbox 1177 875 1254 899; x_wconf 92' lang='lat' dir='ltr'>tunc</span> 
     </span>
     <span class='ocr_line' id='line_1_15' title="bbox 178 909 1254 950; baseline 0.004 -11"><span class='ocrx_word' id='word_1_112' title='bbox 178 921 194 937; x_wconf 75' lang='lat'><strong>»</strong></span> <span class='ocrx_word' id='word_1_113' title='bbox 216 916 282 941; x_wconf 85' lang='lat' dir='ltr'>erat</span> <span class='ocrx_word' id='word_1_114' title='bbox 295 909 455 941; x_wconf 91' lang='lat' dir='ltr'>Coenobii</span> <span class='ocrx_word' id='word_1_115' title='bbox 470 909 661 941; x_wconf 81' lang='lat' dir='ltr'>Casinensis.</span> <span class='ocrx_word' id='word_1_116' title='bbox 673 933 682 941; x_wconf 91' lang='lat'>.</span> <span class='ocrx_word' id='word_1_117' title='bbox 695 933 702 941; x_wconf 95' lang='lat'>.</span> <span class='ocrx_word' id='word_1_118' title='bbox 721 911 860 942; x_wconf 88' lang='lat' dir='ltr'>Aliunde</span> <span class='ocrx_word' id='word_1_119' title='bbox 875 911 970 942; x_wconf 90' lang='lat' dir='ltr'>etiam</span> <span class='ocrx_word' id='word_1_120' title='bbox 984 911 1184 943; x_wconf 90' lang='lat' dir='ltr'>verisimilius</span> <span class='ocrx_word' id='word_1_121' title='bbox 1204 912 1254 950; x_wconf 91' lang='lat' dir='ltr'>sit,</span> 
     </span>
     <span class='ocr_line' id='line_1_16' title="bbox 177 954 1254 996; baseline 0.003 -12"><span class='ocrx_word' id='word_1_122' title='bbox 177 965 193 981; x_wconf 84' lang='lat'><strong>›</strong></span> <span class='ocrx_word' id='word_1_123' title='bbox 215 954 391 985; x_wconf 86' lang='lat' dir='ltr'>Martinum</span> <span class='ocrx_word' id='word_1_124' title='bbox 423 954 516 985; x_wconf 90' lang='lat' dir='ltr'>illum</span> <span class='ocrx_word' id='word_1_125' title='bbox 549 962 580 986; x_wconf 94' lang='lat' dir='ltr'>et</span> <span class='ocrx_word' id='word_1_126' title='bbox 611 955 743 986; x_wconf 88' lang='lat' dir='ltr'>Petrum</span> <span class='ocrx_word' id='word_1_127' title='bbox 773 955 952 986; x_wconf 89' lang='lat' dir='ltr'>Hibernum</span> <span class='ocrx_word' id='word_1_128' title='bbox 965 978 973 994; x_wconf 91' lang='lat'>,</span> <span class='ocrx_word' id='word_1_129' title='bbox 1002 966 1086 996; x_wconf 93' lang='lat' dir='ltr'>quos</span> <span class='ocrx_word' id='word_1_130' title='bbox 1118 957 1254 996; x_wconf 82' lang='lat' dir='ltr'>Neapoli</span> 
     </span>
     <span class='ocr_line' id='line_1_17' title="bbox 178 999 1254 1039; baseline 0.003 -11"><span class='ocrx_word' id='word_1_131' title='bbox 178 1010 193 1026; x_wconf 70' lang='grc' dir='ltr'>ιν</span> <span class='ocrx_word' id='word_1_132' title='bbox 215 1005 435 1039; x_wconf 84' lang='lat' dir='ltr'>praeceptores</span> <span class='ocrx_word' id='word_1_133' title='bbox 459 999 606 1030; x_wconf 88' lang='lat' dir='ltr'>habuisse</span> <span class='ocrx_word' id='word_1_134' title='bbox 625 999 740 1030; x_wconf 86' lang='lat' dir='ltr'>dicitur</span> <span class='ocrx_word' id='word_1_135' title='bbox 758 1000 903 1030; x_wconf 88' lang='lat' dir='ltr'>Thomas</span> <span class='ocrx_word' id='word_1_136' title='bbox 922 1000 1039 1038; x_wconf 90' lang='lat' dir='ltr'>iunior,</span> <span class='ocrx_word' id='word_1_137' title='bbox 1059 1000 1254 1031; x_wconf 89' lang='lat' dir='ltr'>Benedictini</span> 
     </span>
     <span class='ocr_line' id='line_1_18' title="bbox 177 1042 1254 1082; baseline 0.002 -9"><span class='ocrx_word' id='word_1_138' title='bbox 177 1054 192 1070; x_wconf 82' lang='grc'><strong>»</strong></span> <span class='ocrx_word' id='word_1_139' title='bbox 215 1042 345 1074; x_wconf 87' lang='lat' dir='ltr'>Ordinis</span> <span class='ocrx_word' id='word_1_140' title='bbox 360 1042 537 1074; x_wconf 82' lang='lat' dir='ltr'>monachos</span> <span class='ocrx_word' id='word_1_141' title='bbox 561 1043 730 1082; x_wconf 74' lang='lat' dir='ltr'>exstitisse:</span> <span class='ocrx_word' id='word_1_142' title='bbox 751 1044 797 1074; x_wconf 90' lang='lat' dir='ltr'>uti</span> <span class='ocrx_word' id='word_1_143' title='bbox 812 1044 1042 1075; x_wconf 88' lang='lat' dir='ltr'>Constantinus</span> <span class='ocrx_word' id='word_1_144' title='bbox 1065 1045 1173 1075; x_wconf 83' lang='lat' dir='ltr'>Abbas</span> <span class='ocrx_word' id='word_1_145' title='bbox 1193 1044 1254 1075; x_wconf 91' lang='lat' dir='ltr'>Ca-</span> 
     </span>
     <span class='ocr_line' id='line_1_19' title="bbox 176 1087 1252 1129; baseline 0.001 -11"><span class='ocrx_word' id='word_1_146' title='bbox 176 1099 192 1116; x_wconf 72' lang='lat'><strong>»</strong></span> <span class='ocrx_word' id='word_1_147' title='bbox 213 1087 337 1118; x_wconf 84' lang='lat' dir='ltr'>ietanus</span> <span class='ocrx_word' id='word_1_148' title='bbox 372 1094 404 1118; x_wconf 91' lang='lat' dir='ltr'>et</span> <span class='ocrx_word' id='word_1_149' title='bbox 425 1087 596 1118; x_wconf 87' lang='lat' dir='ltr'>Bucelinus</span> <span class='ocrx_word' id='word_1_150' title='bbox 619 1087 654 1118; x_wconf 91' lang='lat' dir='ltr'>in</span> <span class='ocrx_word' id='word_1_151' title='bbox 677 1088 907 1129; x_wconf 88' lang='lat' dir='ltr'>martyrologio</span> <span class='ocrx_word' id='word_1_152' title='bbox 935 1089 1143 1119; x_wconf 90' lang='lat' dir='ltr'>Benedictino</span> <span class='ocrx_word' id='word_1_153' title='bbox 1177 1099 1252 1120; x_wconf 92' lang='lat' dir='ltr'>con-</span> 
     </span>
     <span class='ocr_line' id='line_1_20' title="bbox 176 1131 1253 1174; baseline 0.002 -13"><span class='ocrx_word' id='word_1_154' title='bbox 176 1143 192 1158; x_wconf 79' lang='lat'><strong>»</strong></span> <span class='ocrx_word' id='word_1_155' title='bbox 213 1132 358 1162; x_wconf 82' lang='lat' dir='ltr'>tendunt.</span> <span class='ocrx_word' id='word_1_156' title='bbox 375 1131 446 1162; x_wconf 88' lang='lat' dir='ltr'>lmo</span> <span class='ocrx_word' id='word_1_157' title='bbox 460 1131 500 1162; x_wconf 92' lang='lat' dir='ltr'>de</span> <span class='ocrx_word' id='word_1_158' title='bbox 514 1132 576 1163; x_wconf 87' lang='lat' dir='ltr'>hoc</span> <span class='ocrx_word' id='word_1_159' title='bbox 591 1131 707 1162; x_wconf 91' lang='lat' dir='ltr'>ultimo</span> <span class='ocrx_word' id='word_1_160' title='bbox 721 1132 822 1173; x_wconf 92' lang='lat' dir='ltr'>liquet</span> <span class='ocrx_word' id='word_1_161' title='bbox 836 1132 940 1172; x_wconf 89' lang='lat' dir='ltr'>plane:</span> <span class='ocrx_word' id='word_1_162' title='bbox 956 1143 1023 1164; x_wconf 90' lang='lat' dir='ltr'>non</span> <span class='ocrx_word' id='word_1_163' title='bbox 1038 1133 1118 1163; x_wconf 90' lang='lat' dir='ltr'>alius</span> <span class='ocrx_word' id='word_1_164' title='bbox 1132 1133 1253 1174; x_wconf 90' lang='lat' dir='ltr'>quippe</span> 
     </span>
     <span class='ocr_line' id='line_1_21' title="bbox 175 1175 1253 1217; baseline 0 -10"><span class='ocrx_word' id='word_1_165' title='bbox 175 1186 191 1202; x_wconf 81' lang='lat'><strong>›</strong></span> <span class='ocrx_word' id='word_1_166' title='bbox 213 1181 262 1208; x_wconf 74' lang='lat' dir='ltr'>est</span> <span class='ocrx_word' id='word_1_167' title='bbox 283 1175 336 1206; x_wconf 86' lang='lat' dir='ltr'>ille</span> <span class='ocrx_word' id='word_1_168' title='bbox 358 1175 470 1206; x_wconf 89' lang='lat' dir='ltr'>Petrus</span> <span class='ocrx_word' id='word_1_169' title='bbox 492 1175 675 1214; x_wconf 90' lang='lat' dir='ltr'>Hibernus,</span> <span class='ocrx_word' id='word_1_170' title='bbox 695 1186 795 1217; x_wconf 86' lang='lat' dir='ltr'>quam</span> <span class='ocrx_word' id='word_1_171' title='bbox 818 1177 929 1207; x_wconf 88' lang='lat' dir='ltr'>Petrus</span> <span class='ocrx_word' id='word_1_172' title='bbox 953 1177 992 1208; x_wconf 90' lang='lat' dir='ltr'>de</span> <span class='ocrx_word' id='word_1_173' title='bbox 1015 1177 1133 1215; x_wconf 91' lang='lat' dir='ltr'>Donis,</span> <span class='ocrx_word' id='word_1_174' title='bbox 1154 1177 1253 1217; x_wconf 79' lang='lat' dir='ltr'>patria</span> 
     </span>
     <span class='ocr_line' id='line_1_22' title="bbox 175 1219 1252 1262; baseline 0.001 -11"><span class='ocrx_word' id='word_1_175' title='bbox 175 1230 192 1247; x_wconf 65' lang='lat' dir='ltr'><strong>t</strong></span> <span class='ocrx_word' id='word_1_176' title='bbox 214 1219 422 1258; x_wconf 88' lang='lat' dir='ltr'>Ultoniensis,</span> <span class='ocrx_word' id='word_1_177' title='bbox 441 1230 524 1261; x_wconf 90' lang='lat' dir='ltr'>quae</span> <span class='ocrx_word' id='word_1_178' title='bbox 547 1220 718 1252; x_wconf 85' lang='lat' dir='ltr'>Hiberniae</span> <span class='ocrx_word' id='word_1_179' title='bbox 740 1221 828 1261; x_wconf 85' lang='lat' dir='ltr'>regio</span> <span class='ocrx_word' id='word_1_180' title='bbox 853 1228 916 1259; x_wconf 73' lang='lat' dir='ltr'>est:</span> <span class='ocrx_word' id='word_1_181' title='bbox 936 1231 1034 1262; x_wconf 88' lang='lat' dir='ltr'>quem</span> <span class='ocrx_word' id='word_1_182' title='bbox 1049 1231 1086 1252; x_wconf 86' lang='lat' dir='ltr'>ex</span> <span class='ocrx_word' id='word_1_183' title='bbox 1101 1221 1252 1252; x_wconf 90' lang='lat' dir='ltr'>Casinen-</span> 
     </span>
     <span class='ocr_line' id='line_1_23' title="bbox 174 1262 1252 1297; baseline 0.003 -3"><span class='ocrx_word' id='word_1_184' title='bbox 174 1275 190 1291; x_wconf 70' lang='grc' dir='ltr'><strong>ι</strong></span> <span class='ocrx_word' id='word_1_185' title='bbox 212 1262 255 1295; x_wconf 68' lang='lat' dir='ltr'>ais</span> <span class='ocrx_word' id='word_1_186' title='bbox 278 1263 432 1295; x_wconf 81' lang='lat' dir='ltr'>Abbatiae</span> <span class='ocrx_word' id='word_1_187' title='bbox 455 1264 571 1295; x_wconf 84' lang='lat' dir='ltr'>tabulis</span> <span class='ocrx_word' id='word_1_188' title='bbox 596 1271 720 1296; x_wconf 88' lang='lat' dir='ltr'>constat</span> <span class='ocrx_word' id='word_1_189' title='bbox 746 1265 943 1296; x_wconf 86' lang='lat' dir='ltr'>monachum</span> <span class='ocrx_word' id='word_1_190' title='bbox 967 1276 991 1296; x_wconf 91' lang='lat' dir='ltr'>s.</span> <span class='ocrx_word' id='word_1_191' title='bbox 1012 1265 1152 1297; x_wconf 86' lang='lat' dir='ltr'>Severini</span> <span class='ocrx_word' id='word_1_192' title='bbox 1176 1273 1252 1297; x_wconf 89' lang='lat' dir='ltr'>tunc</span> 
     </span>
     <span class='ocr_line' id='line_1_24' title="bbox 174 1307 1180 1351; baseline 0.001 -11"><span class='ocrx_word' id='word_1_193' title='bbox 174 1318 191 1337; x_wconf 64' lang='grc' dir='ltr'><strong><em>ι</em></strong></span> <span class='ocrx_word' id='word_1_194' title='bbox 212 1307 579 1350; x_wconf 39' lang='grc' dir='ltr'>ἕιιίεεῆΝΒωεηνείιῑώ</span> <span class='ocrx_word' id='word_1_195' title='bbox 598 1316 630 1340; x_wconf 93' lang='lat' dir='ltr'>et</span> <span class='ocrx_word' id='word_1_196' title='bbox 652 1309 752 1350; x_wconf 87' lang='lat' dir='ltr'>patria</span> <span class='ocrx_word' id='word_1_197' title='bbox 775 1310 970 1341; x_wconf 90' lang='lat' dir='ltr'>conveniunt</span> <span class='ocrx_word' id='word_1_198' title='bbox 993 1310 1147 1351; x_wconf 86' lang='lat' dir='ltr'>apprime.</span> <span class='ocrx_word' id='word_1_199' title='bbox 1166 1323 1180 1337; x_wconf 79' lang='lat'><strong>»</strong></span> 
     </span>
    </p>

    <p class='ocr_par' dir='ltr' id='par_1_4' title="bbox 121 1350 1251 2020">
     <span class='ocr_line' id='line_1_25' title="bbox 203 1350 1250 1395; baseline 0.002 -11"><span class='ocrx_word' id='word_1_200' title='bbox 203 1350 312 1384; x_wconf 65' lang='lat' dir='ltr'>-ffle</span> <span class='ocrx_word' id='word_1_201' title='bbox 323 1353 363 1384; x_wconf 90' lang='lat' dir='ltr'>de</span> <span class='ocrx_word' id='word_1_202' title='bbox 377 1362 410 1384; x_wconf 89' lang='lat' dir='ltr'>re</span> <span class='ocrx_word' id='word_1_203' title='bbox 429 1353 635 1385; x_wconf 84' lang='lat' dir='ltr'>disserentem</span> <span class='ocrx_word' id='word_1_204' title='bbox 649 1364 781 1395; x_wconf 89' lang='lat' dir='ltr'>quoque</span> <span class='ocrx_word' id='word_1_205' title='bbox 796 1354 960 1385; x_wconf 88' lang='lat' dir='ltr'>Gattulam</span> <span class='ocrx_word' id='word_1_206' title='bbox 974 1355 1083 1386; x_wconf 89' lang='lat' dir='ltr'>audire</span> <span class='ocrx_word' id='word_1_207' title='bbox 1099 1361 1250 1395; x_wconf 87' lang='lat' dir='ltr'>praestat:</span> 
     </span>
     <span class='ocr_line' id='line_1_26' title="bbox 174 1397 1250 1439; baseline 0.002 -11"><span class='ocrx_word' id='word_1_208' title='bbox 174 1409 191 1426; x_wconf 69' lang='grc' dir='ltr'>ι</span> <span class='ocrx_word' id='word_1_209' title='bbox 213 1397 393 1437; x_wconf 85' lang='lat' dir='ltr'>Incertum,</span> <span class='ocrx_word' id='word_1_210' title='bbox 421 1399 468 1429; x_wconf 90' lang='lat' dir='ltr'>ait</span> <span class='ocrx_word' id='word_1_211' title='bbox 491 1398 566 1436; x_wconf 89' lang='lat' dir='ltr'>ille,</span> <span class='ocrx_word' id='word_1_212' title='bbox 596 1409 636 1429; x_wconf 89' lang='lat' dir='ltr'>an</span> <span class='ocrx_word' id='word_1_213' title='bbox 659 1399 795 1439; x_wconf 85' lang='lat' dir='ltr'>Neapoli</span> <span class='ocrx_word' id='word_1_214' title='bbox 826 1399 976 1430; x_wconf 88' lang='lat' dir='ltr'>manserit</span> <span class='ocrx_word' id='word_1_215' title='bbox 999 1399 1031 1430; x_wconf 89' lang='lat' dir='ltr'>in</span> <span class='ocrx_word' id='word_1_216' title='bbox 1055 1399 1250 1431; x_wconf 87' lang='lat' dir='ltr'>monasterio</span> 
     </span>
     <span class='ocr_line' id='line_1_27' title="bbox 173 1441 1250 1485; baseline 0.004 -14"><span class='ocrx_word' id='word_1_217' title='bbox 173 1453 191 1471; x_wconf 68' lang='lat'><em>2</em></span> <span class='ocrx_word' id='word_1_218' title='bbox 211 1451 238 1473; x_wconf 76' lang='grc' dir='ltr'>ι.</span> <span class='ocrx_word' id='word_1_219' title='bbox 257 1441 399 1474; x_wconf 83' lang='lat' dir='ltr'>Severini</span> <span class='ocrx_word' id='word_1_220' title='bbox 427 1442 558 1474; x_wconf 88' lang='lat' dir='ltr'>Ordinis</span> <span class='ocrx_word' id='word_1_221' title='bbox 580 1443 680 1474; x_wconf 88' lang='lat' dir='ltr'>nostri</span> <span class='ocrx_word' id='word_1_222' title='bbox 706 1444 757 1474; x_wconf 92' lang='lat' dir='ltr'>vel</span> <span class='ocrx_word' id='word_1_223' title='bbox 776 1454 800 1474; x_wconf 94' lang='lat' dir='ltr'>s.</span> <span class='ocrx_word' id='word_1_224' title='bbox 821 1443 986 1482; x_wconf 86' lang='lat' dir='ltr'>Demetrii,</span> <span class='ocrx_word' id='word_1_225' title='bbox 1006 1444 1095 1485; x_wconf 87' lang='lat' dir='ltr'>quod</span> <span class='ocrx_word' id='word_1_226' title='bbox 1120 1444 1250 1475; x_wconf 87' lang='lat' dir='ltr'>Casina-</span> 
     </span>
     <span class='ocr_line' id='line_1_28' title="bbox 173 1485 1250 1528; baseline 0.001 -10"><span class='ocrx_word' id='word_1_227' title='bbox 173 1497 190 1518; x_wconf 65' lang='grc' dir='ltr'>η</span> <span class='ocrx_word' id='word_1_228' title='bbox 210 1485 295 1519; x_wconf 79' lang='lat' dir='ltr'>tibus</span> <span class='ocrx_word' id='word_1_229' title='bbox 310 1487 446 1518; x_wconf 79' lang='lat' dir='ltr'>suberat.</span> <span class='ocrx_word' id='word_1_230' title='bbox 467 1487 677 1528; x_wconf 83' lang='lat' dir='ltr'>Quamquam</span> <span class='ocrx_word' id='word_1_231' title='bbox 692 1488 784 1528; x_wconf 91' lang='lat' dir='ltr'>probi</span> <span class='ocrx_word' id='word_1_232' title='bbox 803 1488 901 1519; x_wconf 90' lang='lat' dir='ltr'>sancti</span> <span class='ocrx_word' id='word_1_233' title='bbox 916 1488 1124 1520; x_wconf 90' lang='lat' dir='ltr'>adolescentis</span> <span class='ocrx_word' id='word_1_234' title='bbox 1144 1499 1250 1519; x_wconf 91' lang='lat' dir='ltr'>mores</span> 
     </span>
     <span class='ocr_line' id='line_1_29' title="bbox 171 1530 1251 1571; baseline 0.002 -9"><span class='ocrx_word' id='word_1_235' title='bbox 171 1542 188 1567; x_wconf 54' lang='lat'>,»</span> <span class='ocrx_word' id='word_1_236' title='bbox 208 1530 355 1570; x_wconf 73' lang='lat' dir='ltr'>madent,</span> <span class='ocrx_word' id='word_1_237' title='bbox 373 1530 408 1563; x_wconf 89' lang='lat' dir='ltr'>in</span> <span class='ocrx_word' id='word_1_238' title='bbox 422 1541 490 1562; x_wconf 89' lang='lat' dir='ltr'>uno</span> <span class='ocrx_word' id='word_1_239' title='bbox 505 1541 543 1563; x_wconf 85' lang='lat' dir='ltr'>ex</span> <span class='ocrx_word' id='word_1_240' title='bbox 561 1532 647 1564; x_wconf 90' lang='lat' dir='ltr'>hisce</span> <span class='ocrx_word' id='word_1_241' title='bbox 665 1533 883 1571; x_wconf 90' lang='lat' dir='ltr'>monasteriis,</span> <span class='ocrx_word' id='word_1_242' title='bbox 903 1543 970 1564; x_wconf 91' lang='lat' dir='ltr'>non</span> <span class='ocrx_word' id='word_1_243' title='bbox 988 1533 1020 1564; x_wconf 90' lang='lat' dir='ltr'>in</span> <span class='ocrx_word' id='word_1_244' title='bbox 1041 1533 1251 1564; x_wconf 87' lang='lat' dir='ltr'>saecularium</span> 
     </span>
     <span class='ocr_line' id='line_1_30' title="bbox 171 1575 1250 1618; baseline 0.004 -13"><span class='ocrx_word' id='word_1_245' title='bbox 171 1586 191 1604; x_wconf 62' lang='grc' dir='ltr'><strong><em>ι</em></strong></span> <span class='ocrx_word' id='word_1_246' title='bbox 208 1575 312 1607; x_wconf 82' lang='lat' dir='ltr'>domo</span> <span class='ocrx_word' id='word_1_247' title='bbox 336 1582 585 1608; x_wconf 87' lang='lat' dir='ltr'>commoratum.</span> <span class='ocrx_word' id='word_1_248' title='bbox 608 1577 786 1608; x_wconf 89' lang='lat' dir='ltr'>Verisimile</span> <span class='ocrx_word' id='word_1_249' title='bbox 805 1577 902 1608; x_wconf 89' lang='lat' dir='ltr'>etiarn</span> <span class='ocrx_word' id='word_1_250' title='bbox 923 1585 968 1608; x_wconf 92' lang='lat' dir='ltr'>est</span> <span class='ocrx_word' id='word_1_251' title='bbox 992 1578 1127 1618; x_wconf 85' lang='lat' dir='ltr'>Neapoli</span> <span class='ocrx_word' id='word_1_252' title='bbox 1150 1578 1250 1609; x_wconf 91' lang='lat' dir='ltr'>Bene-</span> 
     </span>
     <span class='ocr_line' id='line_1_31' title="bbox 162 1619 1251 1663; baseline 0.003 -12"><span class='ocrx_word' id='word_1_253' title='bbox 162 1630 189 1649; x_wconf 66' lang='grc' dir='ltr'>-ι</span> <span class='ocrx_word' id='word_1_254' title='bbox 210 1619 347 1652; x_wconf 81' lang='lat' dir='ltr'>dictinos</span> <span class='ocrx_word' id='word_1_255' title='bbox 365 1627 585 1661; x_wconf 84' lang='lat' dir='ltr'>praeceptores</span> <span class='ocrx_word' id='word_1_256' title='bbox 604 1621 777 1652; x_wconf 90' lang='lat' dir='ltr'>audivisse:</span> <span class='ocrx_word' id='word_1_257' title='bbox 802 1632 878 1652; x_wconf 88' lang='lat' dir='ltr'>nam</span> <span class='ocrx_word' id='word_1_258' title='bbox 904 1632 990 1653; x_wconf 85' lang='lat' dir='ltr'>anno</span> <span class='ocrx_word' id='word_1_259' title='bbox 1023 1632 1106 1662; x_wconf 86' lang='lat'>1240</span> <span class='ocrx_word' id='word_1_260' title='bbox 1126 1621 1251 1663; x_wconf 88' lang='lat' dir='ltr'>(mense</span> 
     </span>
     <span class='ocr_line' id='line_1_32' title="bbox 171 1664 1250 1709; baseline 0.003 -14"><span class='ocrx_word' id='word_1_261' title='bbox 171 1675 188 1692; x_wconf 69' lang='grc' dir='ltr'><strong><em>ι</em></strong></span> <span class='ocrx_word' id='word_1_262' title='bbox 209 1664 401 1702; x_wconf 73' lang='lat' dir='ltr'>novembris,</span> <span class='ocrx_word' id='word_1_263' title='bbox 429 1665 518 1705; x_wconf 86' lang='lat' dir='ltr'>apud</span> <span class='ocrx_word' id='word_1_264' title='bbox 530 1665 729 1697; x_wconf 85' lang='lat' dir='ltr'>Richardum</span> <span class='ocrx_word' id='word_1_265' title='bbox 749 1666 790 1697; x_wconf 92' lang='lat' dir='ltr'>de</span> <span class='ocrx_word' id='word_1_266' title='bbox 809 1676 835 1697; x_wconf 92' lang='lat' dir='ltr'>s.</span> <span class='ocrx_word' id='word_1_267' title='bbox 859 1666 1038 1709; x_wconf 89' lang='lat' dir='ltr'>Germano)</span> <span class='ocrx_word' id='word_1_268' title='bbox 1059 1677 1156 1707; x_wconf 86' lang='lat' dir='ltr'>regno</span> <span class='ocrx_word' id='word_1_269' title='bbox 1176 1677 1250 1698; x_wconf 86' lang='lat' dir='ltr'>exu-</span> 
     </span>
     <span class='ocr_line' id='line_1_33' title="bbox 171 1707 1250 1749; baseline 0.003 -9"><span class='ocrx_word' id='word_1_270' title='bbox 171 1720 187 1736; x_wconf 74' lang='lat'>=</span> <span class='ocrx_word' id='word_1_271' title='bbox 207 1707 274 1742; x_wconf 66' lang='lat' dir='ltr'>lare</span> <span class='ocrx_word' id='word_1_272' title='bbox 297 1709 456 1749; x_wconf 83' lang='lat' dir='ltr'>compulsi</span> <span class='ocrx_word' id='word_1_273' title='bbox 478 1716 564 1748; x_wconf 90' lang='lat' dir='ltr'>sunt,</span> <span class='ocrx_word' id='word_1_274' title='bbox 585 1709 674 1741; x_wconf 89' lang='lat' dir='ltr'>iussu</span> <span class='ocrx_word' id='word_1_275' title='bbox 699 1710 840 1741; x_wconf 89' lang='lat' dir='ltr'>Federici</span> <span class='ocrx_word' id='word_1_276' title='bbox 859 1711 1001 1749; x_wconf 89' lang='lat' dir='ltr'>secundi,</span> <span class='ocrx_word' id='word_1_277' title='bbox 1024 1711 1133 1742; x_wconf 88' lang='lat' dir='ltr'>fratres</span> <span class='ocrx_word' id='word_1_278' title='bbox 1157 1711 1250 1743; x_wconf 89' lang='lat' dir='ltr'>Ordi-</span> 
     </span>
     <span class='ocr_line' id='line_1_34' title="bbox 171 1751 1250 1796; baseline 0.006 -15"><span class='ocrx_word' id='word_1_279' title='bbox 171 1765 187 1781; x_wconf 78' lang='lat'><strong>&gt;</strong></span> <span class='ocrx_word' id='word_1_280' title='bbox 208 1752 259 1784; x_wconf 69' lang='lat' dir='ltr'>nia</span> <span class='ocrx_word' id='word_1_281' title='bbox 271 1751 530 1786; x_wconf 80' lang='lat' dir='ltr'>Praedicatorum</span> <span class='ocrx_word' id='word_1_282' title='bbox 544 1761 575 1786; x_wconf 89' lang='lat' dir='ltr'>et</span> <span class='ocrx_word' id='word_1_283' title='bbox 597 1765 622 1785; x_wconf 89' lang='lat' dir='ltr'>s.</span> <span class='ocrx_word' id='word_1_284' title='bbox 638 1754 811 1786; x_wconf 88' lang='lat' dir='ltr'>Francisci:</span> <span class='ocrx_word' id='word_1_285' title='bbox 832 1762 928 1796; x_wconf 90' lang='lat' dir='ltr'>atque</span> <span class='ocrx_word' id='word_1_286' title='bbox 941 1756 1152 1796; x_wconf 89' lang='lat' dir='ltr'>Neapolitana</span> <span class='ocrx_word' id='word_1_287' title='bbox 1171 1759 1250 1787; x_wconf 84' lang='lat' dir='ltr'>Aca-</span> 
     </span>
     <span class='ocr_line' id='line_1_35' title="bbox 171 1797 1250 1832; baseline 0.006 -6"><span class='ocrx_word' id='word_1_288' title='bbox 171 1809 187 1826; x_wconf 81' lang='lat'><strong>»</strong></span> <span class='ocrx_word' id='word_1_289' title='bbox 209 1797 314 1831; x_wconf 72' lang='lat' dir='ltr'>demin</span> <span class='ocrx_word' id='word_1_290' title='bbox 348 1797 522 1829; x_wconf 79' lang='lat' dir='ltr'>Erasmum</span> <span class='ocrx_word' id='word_1_291' title='bbox 555 1798 738 1830; x_wconf 83' lang='lat' dir='ltr'>Casinatem</span> <span class='ocrx_word' id='word_1_292' title='bbox 768 1800 966 1830; x_wconf 88' lang='lat' dir='ltr'>monachum</span> <span class='ocrx_word' id='word_1_293' title='bbox 996 1800 1036 1830; x_wconf 86' lang='lat' dir='ltr'>ad</span> <span class='ocrx_word' id='word_1_294' title='bbox 1067 1800 1250 1832; x_wconf 89' lang='lat' dir='ltr'>docendum</span> 
     </span>
     <span class='ocr_line' id='line_1_36' title="bbox 170 1841 1249 1886; baseline 0.004 -14"><span class='ocrx_word' id='word_1_295' title='bbox 170 1853 187 1873; x_wconf 60' lang='grc' dir='ltr'><strong>ι</strong></span> <span class='ocrx_word' id='word_1_296' title='bbox 205 1841 327 1877; x_wconf 75' lang='lat' dir='ltr'>ibidem</span> <span class='ocrx_word' id='word_1_297' title='bbox 345 1851 467 1873; x_wconf 82' lang='lat' dir='ltr'>sacram</span> <span class='ocrx_word' id='word_1_298' title='bbox 489 1842 687 1883; x_wconf 81' lang='lat' dir='ltr'>theologiam</span> <span class='ocrx_word' id='word_1_299' title='bbox 712 1853 769 1884; x_wconf 89' lang='lat' dir='ltr'>per</span> <span class='ocrx_word' id='word_1_300' title='bbox 788 1843 906 1875; x_wconf 84' lang='lat' dir='ltr'>litteras</span> <span class='ocrx_word' id='word_1_301' title='bbox 925 1844 1054 1876; x_wconf 85' lang='lat' dir='ltr'>accersit</span> <span class='ocrx_word' id='word_1_302' title='bbox 1077 1844 1182 1886; x_wconf 88' lang='lat' dir='ltr'>(quas</span> <span class='ocrx_word' id='word_1_303' title='bbox 1200 1855 1249 1876; x_wconf 91' lang='lat' dir='ltr'>re-</span> 
     </span>
     <span class='ocr_line' id='line_1_37' title="bbox 169 1885 1249 1930; baseline 0.006 -16"><span class='ocrx_word' id='word_1_304' title='bbox 169 1897 188 1914; x_wconf 79' lang='lat'><strong>»</strong></span> <span class='ocrx_word' id='word_1_305' title='bbox 204 1885 287 1919; x_wconf 76' lang='lat' dir='ltr'>citat</span> <span class='ocrx_word' id='word_1_306' title='bbox 307 1885 422 1918; x_wconf 78' lang='lat' dir='ltr'>ibidem</span> <span class='ocrx_word' id='word_1_307' title='bbox 446 1895 534 1918; x_wconf 90' lang='lat' dir='ltr'>num.</span> <span class='ocrx_word' id='word_1_308' title='bbox 557 1886 610 1930; x_wconf 84' lang='lat'>6).</span> <span class='ocrx_word' id='word_1_309' title='bbox 630 1888 677 1918; x_wconf 84' lang='lat' dir='ltr'>Ex</span> <span class='ocrx_word' id='word_1_310' title='bbox 701 1898 768 1929; x_wconf 93' lang='lat' dir='ltr'>quo</span> <span class='ocrx_word' id='word_1_311' title='bbox 792 1888 888 1919; x_wconf 90' lang='lat' dir='ltr'>etiam</span> <span class='ocrx_word' id='word_1_312' title='bbox 911 1896 1050 1927; x_wconf 89' lang='lat' dir='ltr'>constat,</span> <span class='ocrx_word' id='word_1_313' title='bbox 1074 1890 1161 1920; x_wconf 90' lang='lat' dir='ltr'>haud</span> <span class='ocrx_word' id='word_1_314' title='bbox 1185 1897 1249 1921; x_wconf 88' lang='lat' dir='ltr'>stu-</span> 
     </span>
     <span class='ocr_line' id='line_1_38' title="bbox 127 1929 1214 1973; baseline 0.005 -13"><span class='ocrx_word' id='word_1_315' title='bbox 127 1945 130 1949; x_wconf 43' lang='lat'>*</span> <span class='ocrx_word' id='word_1_316' title='bbox 169 1942 187 1960; x_wconf 69' lang='grc' dir='ltr'>ι»</span> <span class='ocrx_word' id='word_1_317' title='bbox 206 1929 338 1962; x_wconf 82' lang='lat' dir='ltr'>diorum</span> <span class='ocrx_word' id='word_1_318' title='bbox 359 1940 455 1961; x_wconf 87' lang='lat' dir='ltr'>causa</span> <span class='ocrx_word' id='word_1_319' title='bbox 477 1931 613 1963; x_wconf 88' lang='lat' dir='ltr'>missum</span> <span class='ocrx_word' id='word_1_320' title='bbox 636 1932 808 1973; x_wconf 88' lang='lat' dir='ltr'>Neapolim</span> <span class='ocrx_word' id='word_1_321' title='bbox 832 1940 978 1964; x_wconf 88' lang='lat' dir='ltr'>sanctum</span> <span class='ocrx_word' id='word_1_322' title='bbox 1002 1934 1176 1965; x_wconf 89' lang='lat' dir='ltr'>Thomam.</span> <span class='ocrx_word' id='word_1_323' title='bbox 1200 1948 1214 1962; x_wconf 69' lang='lat'>1&gt;</span> 
     </span>
     <span class='ocr_line' id='line_1_39' title="bbox 121 1973 1249 2020; baseline 0.004 -15"><span class='ocrx_word' id='word_1_324' title='bbox 121 2005 127 2011; x_wconf 74' lang='grc'><strong>,</strong></span> <span class='ocrx_word' id='word_1_325' title='bbox 184 1994 188 1999; x_wconf 88' lang='grc'>-</span> <span class='ocrx_word' id='word_1_326' title='bbox 232 1973 368 2006; x_wconf 84' lang='lat' dir='ltr'>Constat</span> <span class='ocrx_word' id='word_1_327' title='bbox 398 1975 466 2006; x_wconf 89' lang='lat' dir='ltr'>imo</span> <span class='ocrx_word' id='word_1_328' title='bbox 499 1986 524 2007; x_wconf 78' lang='lat' dir='ltr'>s,</span> <span class='ocrx_word' id='word_1_329' title='bbox 551 1976 717 2008; x_wconf 90' lang='lat' dir='ltr'>Thomam</span> <span class='ocrx_word' id='word_1_330' title='bbox 748 1978 930 2009; x_wconf 87' lang='lat' dir='ltr'>studiorum</span> <span class='ocrx_word' id='word_1_331' title='bbox 960 1988 1054 2009; x_wconf 87' lang='lat' dir='ltr'>causa</span> <span class='ocrx_word' id='word_1_332' title='bbox 1077 1979 1249 2020; x_wconf 89' lang='lat' dir='ltr'>Neapolim</span> 
     </span>
    </p>

    <p class='ocr_par' dir='ltr' id='par_1_5' title="bbox 139 2018 1248 3352">
     <span class='ocr_line' id='line_1_40' title="bbox 164 2018 1246 2059; baseline 0.005 -9"><span class='ocrx_word' id='word_1_333' title='bbox 164 2018 302 2054; x_wconf 63' lang='lat' dir='ltr'>uinum</span> <span class='ocrx_word' id='word_1_334' title='bbox 315 2029 395 2059; x_wconf 81' lang='lat' dir='ltr'>esse,</span> <span class='ocrx_word' id='word_1_335' title='bbox 414 2019 668 2052; x_wconf 87' lang='lat' dir='ltr'>luculentissimo</span> <span class='ocrx_word' id='word_1_336' title='bbox 683 2021 847 2053; x_wconf 89' lang='lat' dir='ltr'>Guillelmi</span> <span class='ocrx_word' id='word_1_337' title='bbox 862 2023 901 2053; x_wconf 92' lang='lat' dir='ltr'>de</span> <span class='ocrx_word' id='word_1_338' title='bbox 915 2023 1027 2054; x_wconf 90' lang='lat' dir='ltr'>Tocco</span> <span class='ocrx_word' id='word_1_339' title='bbox 1043 2023 1246 2055; x_wconf 86' lang='lat' dir='ltr'>testimonio:</span> 
     </span>
     <span class='ocr_line' id='line_1_41' title="bbox 163 2063 1248 2108; baseline 0.004 -12"><span class='ocrx_word' id='word_1_340' title='bbox 163 2063 303 2096; x_wconf 52' lang='lat' dir='ltr'>&amp;avide</span> <span class='ocrx_word' id='word_1_341' title='bbox 325 2065 356 2095; x_wconf 89' lang='lat' dir='ltr'>ei</span> <span class='ocrx_word' id='word_1_342' title='bbox 373 2065 536 2097; x_wconf 87' lang='lat' dir='ltr'>consuluit</span> <span class='ocrx_word' id='word_1_343' title='bbox 553 2066 681 2104; x_wconf 80' lang='lat' dir='ltr'>Abbas,</span> <span class='ocrx_word' id='word_1_344' title='bbox 705 2065 888 2107; x_wconf 89' lang='lat' dir='ltr'>inquientis,</span> <span class='ocrx_word' id='word_1_345' title='bbox 909 2073 944 2098; x_wconf 89' lang='lat' dir='ltr'>ut</span> <span class='ocrx_word' id='word_1_346' title='bbox 960 2077 1048 2108; x_wconf 83' lang='lat' dir='ltr'>puer</span> <span class='ocrx_word' id='word_1_347' title='bbox 1066 2069 1248 2100; x_wconf 86' lang='lat' dir='ltr'>mitteretur</span> 
     </span>
     <span class='ocr_line' id='line_1_42' title="bbox 162 2107 1246 2154; baseline 0.003 -12"><span class='ocrx_word' id='word_1_348' title='bbox 162 2107 334 2149; x_wconf 56' lang='lat' dir='ltr'>Neapolim</span> <span class='ocrx_word' id='word_1_349' title='bbox 348 2109 394 2140; x_wconf 88' lang='lat' dir='ltr'>ad</span> <span class='ocrx_word' id='word_1_350' title='bbox 407 2109 630 2142; x_wconf 80' lang='lat' dir='ltr'>studendum..</span> <span class='ocrx_word' id='word_1_351' title='bbox 640 2133 648 2142; x_wconf 91' lang='lat'>.</span> <span class='ocrx_word' id='word_1_352' title='bbox 679 2110 772 2142; x_wconf 89' lang='lat' dir='ltr'>Unde</span> <span class='ocrx_word' id='word_1_353' title='bbox 779 2121 868 2152; x_wconf 83' lang='lat' dir='ltr'>puer</span> <span class='ocrx_word' id='word_1_354' title='bbox 885 2111 925 2143; x_wconf 89' lang='lat' dir='ltr'>de</span> <span class='ocrx_word' id='word_1_355' title='bbox 944 2113 1112 2154; x_wconf 87' lang='lat' dir='ltr'>utriusque</span> <span class='ocrx_word' id='word_1_356' title='bbox 1123 2123 1246 2154; x_wconf 89' lang='lat' dir='ltr'>paren-</span> 
     </span>
     <span class='ocr_line' id='line_1_43' title="bbox 162 2153 1247 2198; baseline 0.006 -15"><span class='ocrx_word' id='word_1_357' title='bbox 162 2153 206 2188; x_wconf 69' lang='lat' dir='ltr'>tis</span> <span class='ocrx_word' id='word_1_358' title='bbox 226 2153 361 2184; x_wconf 82' lang='lat' dir='ltr'>consilio</span> <span class='ocrx_word' id='word_1_359' title='bbox 384 2153 554 2195; x_wconf 80' lang='lat' dir='ltr'>Neapolim</span> <span class='ocrx_word' id='word_1_360' title='bbox 579 2156 736 2193; x_wconf 83' lang='lat' dir='ltr'>mittitur,</span> <span class='ocrx_word' id='word_1_361' title='bbox 767 2156 822 2186; x_wconf 88' lang='lat' dir='ltr'>ubi</span> <span class='ocrx_word' id='word_1_362' title='bbox 843 2156 902 2187; x_wconf 87' lang='lat' dir='ltr'>sub</span> <span class='ocrx_word' id='word_1_363' title='bbox 933 2158 1084 2198; x_wconf 79' lang='lat' dir='ltr'>magistri</span> <span class='ocrx_word' id='word_1_364' title='bbox 1106 2158 1247 2189; x_wconf 88' lang='lat' dir='ltr'>Martini</span> 
     </span>
     <span class='ocr_line' id='line_1_44' title="bbox 139 2197 1245 2243; baseline 0.005 -15"><span class='ocrx_word' id='word_1_365' title='bbox 139 2214 144 2218; x_wconf 54' lang='grc' dir='ltr'><em>ι</em></span> <span class='ocrx_word' id='word_1_366' title='bbox 163 2197 198 2234; x_wconf 74' lang='lat' dir='ltr'>in</span> <span class='ocrx_word' id='word_1_367' title='bbox 218 2199 523 2239; x_wconf 72' lang='lat' dir='ltr'>grammaticalibus</span> <span class='ocrx_word' id='word_1_368' title='bbox 545 2204 576 2230; x_wconf 89' lang='lat' dir='ltr'>et</span> <span class='ocrx_word' id='word_1_369' title='bbox 610 2200 820 2242; x_wconf 78' lang='lat' dir='ltr'>logicalibus,</span> <span class='ocrx_word' id='word_1_370' title='bbox 854 2206 885 2232; x_wconf 88' lang='lat' dir='ltr'>et</span> <span class='ocrx_word' id='word_1_371' title='bbox 912 2202 1064 2243; x_wconf 79' lang='lat' dir='ltr'>magistri</span> <span class='ocrx_word' id='word_1_372' title='bbox 1093 2203 1182 2234; x_wconf 88' lang='lat' dir='ltr'>Petri</span> <span class='ocrx_word' id='word_1_373' title='bbox 1204 2203 1245 2234; x_wconf 88' lang='lat' dir='ltr'>de</span> 
     </span>
     <span class='ocr_line' id='line_1_45' title="bbox 160 2240 1244 2279; baseline 0.006 -7"><span class='ocrx_word' id='word_1_374' title='bbox 160 2240 324 2273; x_wconf 72' lang='lat' dir='ltr'>Iiibernia</span> <span class='ocrx_word' id='word_1_375' title='bbox 354 2243 470 2275; x_wconf 86' lang='lat' dir='ltr'>studiis</span> <span class='ocrx_word' id='word_1_376' title='bbox 497 2244 530 2275; x_wconf 86' lang='lat' dir='ltr'>in</span> <span class='ocrx_word' id='word_1_377' title='bbox 562 2245 767 2279; x_wconf 83' lang='lat' dir='ltr'>naturalibus</span> <span class='ocrx_word' id='word_1_378' title='bbox 789 2245 988 2277; x_wconf 84' lang='lat' dir='ltr'>edoceretur.</span> <span class='ocrx_word' id='word_1_379' title='bbox 1012 2247 1063 2277; x_wconf 90' lang='lat' dir='ltr'>Ad</span> <span class='ocrx_word' id='word_1_380' title='bbox 1087 2257 1154 2278; x_wconf 90' lang='lat' dir='ltr'>rem</span> <span class='ocrx_word' id='word_1_381' title='bbox 1177 2258 1244 2278; x_wconf 92' lang='lat' dir='ltr'>non</span> 
     </span>
     <span class='ocr_line' id='line_1_46' title="bbox 161 2285 1243 2332; baseline 0.006 -15"><span class='ocrx_word' id='word_1_382' title='bbox 161 2285 284 2324; x_wconf 72' lang='lat' dir='ltr'>attinet,</span> <span class='ocrx_word' id='word_1_383' title='bbox 310 2285 420 2318; x_wconf 87' lang='lat' dir='ltr'>fratres</span> <span class='ocrx_word' id='word_1_384' title='bbox 442 2287 584 2320; x_wconf 89' lang='lat' dir='ltr'>Minores</span> <span class='ocrx_word' id='word_1_385' title='bbox 607 2299 643 2320; x_wconf 89' lang='lat' dir='ltr'>ac</span> <span class='ocrx_word' id='word_1_386' title='bbox 665 2289 899 2321; x_wconf 88' lang='lat' dir='ltr'>Praedicatores</span> <span class='ocrx_word' id='word_1_387' title='bbox 922 2300 1008 2322; x_wconf 89' lang='lat' dir='ltr'>anno</span> <span class='ocrx_word' id='word_1_388' title='bbox 1041 2301 1124 2331; x_wconf 88' lang='lat'><strong>¹²40</strong></span> <span class='ocrx_word' id='word_1_389' title='bbox 1145 2302 1243 2332; x_wconf 87' lang='lat' dir='ltr'>regno</span> 
     </span>
     <span class='ocr_line' id='line_1_47' title="bbox 161 2329 1243 2378; baseline 0.006 -17"><span class='ocrx_word' id='word_1_390' title='bbox 161 2329 286 2370; x_wconf 53' lang='lat' dir='ltr'>anulare</span> <span class='ocrx_word' id='word_1_391' title='bbox 304 2330 394 2362; x_wconf 91' lang='lat' dir='ltr'>iussu</span> <span class='ocrx_word' id='word_1_392' title='bbox 412 2332 438 2363; x_wconf 94' lang='lat' dir='ltr'>F</span> <span class='ocrx_word' id='word_1_393' title='bbox 439 2332 562 2364; x_wconf 90' lang='lat' dir='ltr'>riderici</span> <span class='ocrx_word' id='word_1_394' title='bbox 581 2333 711 2365; x_wconf 88' lang='lat' dir='ltr'>secundi</span> <span class='ocrx_word' id='word_1_395' title='bbox 731 2334 918 2375; x_wconf 90' lang='lat' dir='ltr'>compulsos</span> <span class='ocrx_word' id='word_1_396' title='bbox 937 2342 1020 2374; x_wconf 90' lang='lat' dir='ltr'>esse;</span> <span class='ocrx_word' id='word_1_397' title='bbox 1044 2346 1243 2378; x_wconf 86' lang='lat' dir='ltr'>quamquam</span> 
     </span>
     <span class='ocr_line' id='line_1_48' title="bbox 161 2374 1242 2421; baseline 0.006 -15"><span class='ocrx_word' id='word_1_398' title='bbox 161 2374 339 2407; x_wconf 68' lang='lat' dir='ltr'>Richardus</span> <span class='ocrx_word' id='word_1_399' title='bbox 370 2377 458 2408; x_wconf 84' lang='lat' dir='ltr'>addit</span> <span class='ocrx_word' id='word_1_400' title='bbox 487 2377 562 2408; x_wconf 91' lang='lat' dir='ltr'>loco</span> <span class='ocrx_word' id='word_1_401' title='bbox 595 2378 708 2417; x_wconf 86' lang='lat' dir='ltr'>citato,</span> <span class='ocrx_word' id='word_1_402' title='bbox 742 2389 809 2410; x_wconf 90' lang='lat' dir='ltr'>non</span> <span class='ocrx_word' id='word_1_403' title='bbox 842 2389 955 2410; x_wconf 88' lang='lat' dir='ltr'>omnes</span> <span class='ocrx_word' id='word_1_404' title='bbox 985 2380 1079 2411; x_wconf 84' lang='lat' dir='ltr'>exilio</span> <span class='ocrx_word' id='word_1_405' title='bbox 1110 2381 1242 2421; x_wconf 92' lang='lat' dir='ltr'>pulsos,</span> 
     </span>
     <span class='ocr_line' id='line_1_49' title="bbox 161 2418 1242 2465; baseline 0.003 -12"><span class='ocrx_word' id='word_1_406' title='bbox 161 2418 287 2453; x_wconf 73' lang='lat' dir='ltr'>duobus</span> <span class='ocrx_word' id='word_1_407' title='bbox 309 2425 435 2452; x_wconf 88' lang='lat' dir='ltr'>tantum</span> <span class='ocrx_word' id='word_1_408' title='bbox 459 2422 590 2460; x_wconf 87' lang='lat' dir='ltr'>relictis,</span> <span class='ocrx_word' id='word_1_409' title='bbox 615 2424 672 2464; x_wconf 84' lang='lat' dir='ltr'>qui</span> <span class='ocrx_word' id='word_1_410' title='bbox 692 2424 758 2454; x_wconf 87' lang='lat' dir='ltr'>sint</span> <span class='ocrx_word' id='word_1_411' title='bbox 780 2424 821 2454; x_wconf 86' lang='lat' dir='ltr'>de</span> <span class='ocrx_word' id='word_1_412' title='bbox 842 2424 958 2465; x_wconf 84' lang='lat' dir='ltr'>Regno</span> <span class='ocrx_word' id='word_1_413' title='bbox 982 2426 1094 2463; x_wconf 83' lang='lat' dir='ltr'>nativi,</span> <span class='ocrx_word' id='word_1_414' title='bbox 1124 2427 1156 2456; x_wconf 90' lang='lat' dir='ltr'>in</span> <span class='ocrx_word' id='word_1_415' title='bbox 1175 2427 1242 2456; x_wconf 86' lang='lat' dir='ltr'>sin—</span> 
     </span>
     <span class='ocr_line' id='line_1_50' title="bbox 159 2462 1240 2506; baseline 0.006 -12"><span class='ocrx_word' id='word_1_416' title='bbox 159 2462 252 2505; x_wconf 71' lang='lat' dir='ltr'>gulis</span> <span class='ocrx_word' id='word_1_417' title='bbox 267 2464 445 2506; x_wconf 77' lang='lat' dir='ltr'>quibusque</span> <span class='ocrx_word' id='word_1_418' title='bbox 463 2466 594 2498; x_wconf 88' lang='lat' dir='ltr'>illorum</span> <span class='ocrx_word' id='word_1_419' title='bbox 613 2467 770 2505; x_wconf 84' lang='lat' dir='ltr'>domibus,</span> <span class='ocrx_word' id='word_1_420' title='bbox 786 2468 831 2499; x_wconf 87' lang='lat' dir='ltr'>ad</span> <span class='ocrx_word' id='word_1_421' title='bbox 848 2469 1025 2499; x_wconf 85' lang='lat' dir='ltr'>custodiam</span> <span class='ocrx_word' id='word_1_422' title='bbox 1043 2470 1240 2501; x_wconf 87' lang='lat' dir='ltr'>earumdem.</span> 
     </span>
     <span class='ocr_line' id='line_1_51' title="bbox 160 2507 1240 2554; baseline 0.006 -16"><span class='ocrx_word' id='word_1_423' title='bbox 160 2507 224 2540; x_wconf 84' lang='lat' dir='ltr'>Pro</span> <span class='ocrx_word' id='word_1_424' title='bbox 247 2508 371 2540; x_wconf 85' lang='lat' dir='ltr'>incerto</span> <span class='ocrx_word' id='word_1_425' title='bbox 401 2510 535 2541; x_wconf 90' lang='lat' dir='ltr'>demum</span> <span class='ocrx_word' id='word_1_426' title='bbox 562 2511 657 2542; x_wconf 92' lang='lat' dir='ltr'>habet</span> <span class='ocrx_word' id='word_1_427' title='bbox 680 2511 810 2543; x_wconf 90' lang='lat' dir='ltr'>Gattula</span> <span class='ocrx_word' id='word_1_428' title='bbox 833 2510 937 2554; x_wconf 92' lang='lat' dir='ltr'>(quod</span> <span class='ocrx_word' id='word_1_429' title='bbox 967 2513 1240 2545; x_wconf 87' lang='lat' dir='ltr'>animadversione</span> 
     </span>
     <span class='ocr_line' id='line_1_52' title="bbox 161 2551 1240 2596; baseline 0.006 -13"><span class='ocrx_word' id='word_1_430' title='bbox 161 2551 296 2594; x_wconf 63' lang='lat' dir='ltr'>dignum</span> <span class='ocrx_word' id='word_1_431' title='bbox 319 2551 379 2596; x_wconf 89' lang='lat' dir='ltr'>est)</span> <span class='ocrx_word' id='word_1_432' title='bbox 404 2564 444 2585; x_wconf 92' lang='lat' dir='ltr'>an</span> <span class='ocrx_word' id='word_1_433' title='bbox 471 2555 608 2596; x_wconf 91' lang='lat' dir='ltr'>Neapoli</span> <span class='ocrx_word' id='word_1_434' title='bbox 638 2556 789 2587; x_wconf 86' lang='lat' dir='ltr'>manserit</span> <span class='ocrx_word' id='word_1_435' title='bbox 812 2557 956 2587; x_wconf 85' lang='lat' dir='ltr'>Thomas</span> <span class='ocrx_word' id='word_1_436' title='bbox 981 2559 1013 2588; x_wconf 90' lang='lat' dir='ltr'>in</span> <span class='ocrx_word' id='word_1_437' title='bbox 1045 2561 1240 2590; x_wconf 88' lang='lat' dir='ltr'>monasterio</span> 
     </span>
     <span class='ocr_line' id='line_1_53' title="bbox 159 2596 1240 2644; baseline 0.007 -17"><span class='ocrx_word' id='word_1_438' title='bbox 159 2605 187 2628; x_wconf 85' lang='lat' dir='ltr'>s.</span> <span class='ocrx_word' id='word_1_439' title='bbox 210 2596 358 2628; x_wconf 76' lang='lat' dir='ltr'>Severini</span> <span class='ocrx_word' id='word_1_440' title='bbox 393 2598 527 2631; x_wconf 83' lang='lat' dir='ltr'>Ordinis</span> <span class='ocrx_word' id='word_1_441' title='bbox 562 2600 764 2632; x_wconf 89' lang='lat' dir='ltr'>Benedictini</span> <span class='ocrx_word' id='word_1_442' title='bbox 796 2601 847 2632; x_wconf 88' lang='lat' dir='ltr'>vel</span> <span class='ocrx_word' id='word_1_443' title='bbox 877 2611 903 2633; x_wconf 87' lang='lat' dir='ltr'>s.</span> <span class='ocrx_word' id='word_1_444' title='bbox 931 2602 1112 2641; x_wconf 89' lang='lat' dir='ltr'>Demetrii,</span> <span class='ocrx_word' id='word_1_445' title='bbox 1155 2604 1240 2644; x_wconf 86' lang='lat' dir='ltr'>quod</span> 
     </span>
     <span class='ocr_line' id='line_1_54' title="bbox 161 2640 1239 2686; baseline 0.006 -14"><span class='ocrx_word' id='word_1_446' title='bbox 161 2640 370 2679; x_wconf 78' lang='lat' dir='ltr'>Casinatibus</span> <span class='ocrx_word' id='word_1_447' title='bbox 397 2643 538 2675; x_wconf 84' lang='lat' dir='ltr'>suberat.</span> <span class='ocrx_word' id='word_1_448' title='bbox 569 2645 723 2676; x_wconf 88' lang='lat' dir='ltr'>Mansisse</span> <span class='ocrx_word' id='word_1_449' title='bbox 755 2655 831 2676; x_wconf 91' lang='lat' dir='ltr'>vero</span> <span class='ocrx_word' id='word_1_450' title='bbox 860 2646 988 2678; x_wconf 92' lang='lat' dir='ltr'>coniicit</span> <span class='ocrx_word' id='word_1_451' title='bbox 1010 2647 1080 2686; x_wconf 88' lang='lat' dir='ltr'>ille,</span> <span class='ocrx_word' id='word_1_452' title='bbox 1112 2648 1239 2679; x_wconf 90' lang='lat' dir='ltr'>coniicit</span> 
     </span>
     <span class='ocr_line' id='line_1_55' title="bbox 158 2684 1238 2730; baseline 0.005 -11"><span class='ocrx_word' id='word_1_453' title='bbox 158 2684 363 2728; x_wconf 79' lang='lat' dir='ltr'>D’uquisitor‚</span> <span class='ocrx_word' id='word_1_454' title='bbox 377 2688 572 2728; x_wconf 89' lang='lat' dir='ltr'>praeiudicio</span> <span class='ocrx_word' id='word_1_455' title='bbox 597 2689 743 2730; x_wconf 87' lang='lat' dir='ltr'>occupati</span> <span class='ocrx_word' id='word_1_456' title='bbox 767 2690 806 2721; x_wconf 93' lang='lat' dir='ltr'>de</span> <span class='ocrx_word' id='word_1_457' title='bbox 830 2691 991 2722; x_wconf 90' lang='lat' dir='ltr'>oblatione</span> <span class='ocrx_word' id='word_1_458' title='bbox 1006 2692 1154 2724; x_wconf 88' lang='lat' dir='ltr'>Thomae</span> <span class='ocrx_word' id='word_1_459' title='bbox 1177 2693 1238 2724; x_wconf 88' lang='lat' dir='ltr'>Ca-</span> 
     </span>
     <span class='ocr_line' id='line_1_56' title="bbox 159 2729 1237 2777; baseline 0.007 -16"><span class='ocrx_word' id='word_1_460' title='bbox 159 2729 221 2765; x_wconf 61' lang='lat' dir='ltr'>sini</span> <span class='ocrx_word' id='word_1_461' title='bbox 243 2740 262 2761; x_wconf 76' lang='lat' dir='ltr'>a</span> <span class='ocrx_word' id='word_1_462' title='bbox 284 2732 468 2772; x_wconf 91' lang='lat' dir='ltr'>parentibus</span> <span class='ocrx_word' id='word_1_463' title='bbox 490 2733 561 2764; x_wconf 91' lang='lat' dir='ltr'>Deo</span> <span class='ocrx_word' id='word_1_464' title='bbox 585 2733 676 2773; x_wconf 82' lang='lat' dir='ltr'>facta,</span> <span class='ocrx_word' id='word_1_465' title='bbox 701 2735 804 2775; x_wconf 91' lang='lat' dir='ltr'>deque</span> <span class='ocrx_word' id='word_1_466' title='bbox 832 2736 1009 2768; x_wconf 88' lang='lat' dir='ltr'>monastica</span> <span class='ocrx_word' id='word_1_467' title='bbox 1039 2737 1237 2777; x_wconf 88' lang='lat' dir='ltr'>professione</span> 
     </span>
     <span class='ocr_line' id='line_1_57' title="bbox 159 2775 1237 2823; baseline 0.006 -17"><span class='ocrx_word' id='word_1_468' title='bbox 159 2780 238 2807; x_wconf 85' lang='lat' dir='ltr'>voto</span> <span class='ocrx_word' id='word_1_469' title='bbox 261 2775 398 2808; x_wconf 88' lang='lat' dir='ltr'>solemni</span> <span class='ocrx_word' id='word_1_470' title='bbox 417 2777 456 2808; x_wconf 90' lang='lat' dir='ltr'>ab</span> <span class='ocrx_word' id='word_1_471' title='bbox 479 2777 693 2818; x_wconf 74' lang='lat' dir='ltr'>illofirmata:</span> <span class='ocrx_word' id='word_1_472' title='bbox 713 2789 796 2820; x_wconf 87' lang='lat' dir='ltr'>quae</span> <span class='ocrx_word' id='word_1_473' title='bbox 815 2780 881 2810; x_wconf 93' lang='lat' dir='ltr'>duo</span> <span class='ocrx_word' id='word_1_474' title='bbox 900 2780 1044 2821; x_wconf 88' lang='lat' dir='ltr'>pluribus</span> <span class='ocrx_word' id='word_1_475' title='bbox 1062 2781 1127 2812; x_wconf 91' lang='lat' dir='ltr'>iam</span> <span class='ocrx_word' id='word_1_476' title='bbox 1146 2792 1237 2823; x_wconf 87' lang='lat' dir='ltr'>argu-</span> 
     </span>
     <span class='ocr_line' id='line_1_58' title="bbox 159 2818 1235 2866; baseline 0.008 -16"><span class='ocrx_word' id='word_1_477' title='bbox 159 2818 277 2851; x_wconf 78' lang='lat' dir='ltr'>mentis</span> <span class='ocrx_word' id='word_1_478' title='bbox 293 2820 428 2852; x_wconf 83' lang='lat' dir='ltr'>refutata</span> <span class='ocrx_word' id='word_1_479' title='bbox 451 2829 527 2853; x_wconf 87' lang='lat' dir='ltr'>sunt</span> <span class='ocrx_word' id='word_1_480' title='bbox 557 2833 593 2854; x_wconf 93' lang='lat' dir='ltr'>ac</span> <span class='ocrx_word' id='word_1_481' title='bbox 616 2823 821 2855; x_wconf 88' lang='lat' dir='ltr'>validioribus</span> <span class='ocrx_word' id='word_1_482' title='bbox 840 2825 988 2866; x_wconf 90' lang='lat' dir='ltr'>deinceps</span> <span class='ocrx_word' id='word_1_483' title='bbox 1003 2825 1235 2859; x_wconf 89' lang='lat' dir='ltr'>refutabuntur.</span> 
     </span>
     <span class='ocr_line' id='line_1_59' title="bbox 163 2863 1236 2910; baseline 0.007 -15"><span class='ocrx_word' id='word_1_484' title='bbox 163 2894 167 2895; x_wconf 23' lang='lat'><em>⁷</em></span> <span class='ocrx_word' id='word_1_485' title='bbox 227 2863 358 2896; x_wconf 78' lang='lat' dir='ltr'>scholas</span> <span class='ocrx_word' id='word_1_486' title='bbox 387 2865 526 2906; x_wconf 82' lang='lat' dir='ltr'>interim,</span> <span class='ocrx_word' id='word_1_487' title='bbox 556 2877 636 2908; x_wconf 90' lang='lat' dir='ltr'>quas</span> <span class='ocrx_word' id='word_1_488' title='bbox 666 2868 802 2909; x_wconf 85' lang='lat' dir='ltr'>Neapoli</span> <span class='ocrx_word' id='word_1_489' title='bbox 832 2869 938 2901; x_wconf 89' lang='lat' dir='ltr'>adibat</span> <span class='ocrx_word' id='word_1_490' title='bbox 969 2870 1126 2910; x_wconf 89' lang='lat' dir='ltr'>Thomas,</span> <span class='ocrx_word' id='word_1_491' title='bbox 1157 2872 1236 2902; x_wconf 91' lang='lat' dir='ltr'>dum</span> 
     </span>
     <span class='ocr_line' id='line_1_60' title="bbox 159 2909 1236 2954; baseline 0.007 -15"><span class='ocrx_word' id='word_1_492' title='bbox 159 2909 322 2950; x_wconf 62' lang='lat' dir='ltr'>perquiro,</span> <span class='ocrx_word' id='word_1_493' title='bbox 341 2911 515 2942; x_wconf 83' lang='lat' dir='ltr'>saeculares</span> <span class='ocrx_word' id='word_1_494' title='bbox 537 2911 609 2943; x_wconf 88' lang='lat' dir='ltr'>illae</span> <span class='ocrx_word' id='word_1_495' title='bbox 628 2920 810 2952; x_wconf 88' lang='lat' dir='ltr'>occurrunt,</span> <span class='ocrx_word' id='word_1_496' title='bbox 832 2924 912 2954; x_wconf 86' lang='lat' dir='ltr'>quas</span> <span class='ocrx_word' id='word_1_497' title='bbox 935 2915 1112 2947; x_wconf 89' lang='lat' dir='ltr'>Fridericus</span> <span class='ocrx_word' id='word_1_498' title='bbox 1132 2916 1158 2946; x_wconf 92' lang='lat'>11</span> <span class='ocrx_word' id='word_1_499' title='bbox 1174 2917 1236 2947; x_wconf 87' lang='lat' dir='ltr'>Im—</span> 
     </span>
     <span class='ocr_line' id='line_1_61' title="bbox 159 2953 1236 3001; baseline 0.007 -17"><span class='ocrx_word' id='word_1_500' title='bbox 159 2953 287 2992; x_wconf 57' lang='lat' dir='ltr'>perator</span> <span class='ocrx_word' id='word_1_501' title='bbox 309 2963 346 2984; x_wconf 84' lang='lat' dir='ltr'>ea</span> <span class='ocrx_word' id='word_1_502' title='bbox 363 2954 397 2985; x_wconf 92' lang='lat' dir='ltr'>in</span> <span class='ocrx_word' id='word_1_503' title='bbox 420 2955 499 2986; x_wconf 87' lang='lat' dir='ltr'>urbe</span> <span class='ocrx_word' id='word_1_504' title='bbox 517 2964 692 2997; x_wconf 86' lang='lat' dir='ltr'>aperuerat,</span> <span class='ocrx_word' id='word_1_505' title='bbox 717 2964 753 2988; x_wconf 94' lang='lat' dir='ltr'>ut</span> <span class='ocrx_word' id='word_1_506' title='bbox 771 2958 872 2988; x_wconf 89' lang='lat' dir='ltr'>bonas</span> <span class='ocrx_word' id='word_1_507' title='bbox 895 2958 1012 2990; x_wconf 87' lang='lat' dir='ltr'>litteras</span> <span class='ocrx_word' id='word_1_508' title='bbox 1031 2967 1086 2991; x_wconf 91' lang='lat' dir='ltr'>aut</span> <span class='ocrx_word' id='word_1_509' title='bbox 1114 2968 1236 3001; x_wconf 88' lang='lat' dir='ltr'>ereptas</span> 
     </span>
     <span class='ocr_line' id='line_1_62' title="bbox 160 2996 1235 3044; baseline 0.008 -17"><span class='ocrx_word' id='word_1_510' title='bbox 160 3002 216 3028; x_wconf 85' lang='lat' dir='ltr'>aut</span> <span class='ocrx_word' id='word_1_511' title='bbox 237 2996 373 3029; x_wconf 77' lang='lat' dir='ltr'>iacentes</span> <span class='ocrx_word' id='word_1_512' title='bbox 395 2999 572 3032; x_wconf 89' lang='lat' dir='ltr'>restitueret</span> <span class='ocrx_word' id='word_1_513' title='bbox 594 3008 625 3032; x_wconf 90' lang='lat' dir='ltr'>et</span> <span class='ocrx_word' id='word_1_514' title='bbox 648 3001 804 3041; x_wconf 82' lang='lat' dir='ltr'>excitaret,</span> <span class='ocrx_word' id='word_1_515' title='bbox 819 3002 968 3034; x_wconf 88' lang='lat' dir='ltr'>Thomae</span> <span class='ocrx_word' id='word_1_516' title='bbox 986 3005 1077 3044; x_wconf 76' lang='lat' dir='ltr'>paeri</span> <span class='ocrx_word' id='word_1_517' title='bbox 1100 3015 1136 3036; x_wconf 91' lang='lat' dir='ltr'>ac</span> <span class='ocrx_word' id='word_1_518' title='bbox 1159 3006 1235 3036; x_wconf 89' lang='lat' dir='ltr'>ado-</span> 
     </span>
     <span class='ocr_line' id='line_1_63' title="bbox 159 3040 1235 3081; baseline 0.009 -10"><span class='ocrx_word' id='word_1_519' title='bbox 159 3040 305 3072; x_wconf 83' lang='lat' dir='ltr'>lescentis</span> <span class='ocrx_word' id='word_1_520' title='bbox 327 3048 427 3074; x_wconf 86' lang='lat' dir='ltr'>aetate</span> <span class='ocrx_word' id='word_1_521' title='bbox 457 3043 614 3076; x_wconf 89' lang='lat' dir='ltr'>florentes.</span> <span class='ocrx_word' id='word_1_522' title='bbox 646 3046 695 3076; x_wconf 95' lang='lat' dir='ltr'>De</span> <span class='ocrx_word' id='word_1_523' title='bbox 717 3046 767 3077; x_wconf 91' lang='lat' dir='ltr'>his</span> <span class='ocrx_word' id='word_1_524' title='bbox 797 3047 892 3078; x_wconf 89' lang='lat' dir='ltr'>verba</span> <span class='ocrx_word' id='word_1_525' title='bbox 919 3048 1036 3079; x_wconf 90' lang='lat' dir='ltr'>faciens</span> <span class='ocrx_word' id='word_1_526' title='bbox 1059 3049 1235 3081; x_wconf 88' lang='lat' dir='ltr'>Richardus</span> 
     </span>
     <span class='ocr_line' id='line_1_64' title="bbox 161 3084 1236 3133; baseline 0.009 -18"><span class='ocrx_word' id='word_1_527' title='bbox 161 3084 200 3116; x_wconf 84' lang='lat' dir='ltr'>de</span> <span class='ocrx_word' id='word_1_528' title='bbox 224 3095 249 3116; x_wconf 89' lang='lat' dir='ltr'>s.</span> <span class='ocrx_word' id='word_1_529' title='bbox 274 3085 436 3118; x_wconf 78' lang='lat' dir='ltr'>Germano</span> <span class='ocrx_word' id='word_1_530' title='bbox 459 3088 493 3118; x_wconf 89' lang='lat' dir='ltr'>in</span> <span class='ocrx_word' id='word_1_531' title='bbox 516 3088 679 3121; x_wconf 88' lang='lat' dir='ltr'>Chronico</span> <span class='ocrx_word' id='word_1_532' title='bbox 703 3091 743 3121; x_wconf 91' lang='lat' dir='ltr'>ad</span> <span class='ocrx_word' id='word_1_533' title='bbox 765 3101 889 3122; x_wconf 90' lang='lat' dir='ltr'>annum</span> <span class='ocrx_word' id='word_1_534' title='bbox 917 3102 1001 3133; x_wconf 86' lang='lat'>1224</span> <span class='ocrx_word' id='word_1_535' title='bbox 1025 3094 1149 3125; x_wconf 84' lang='lat' dir='ltr'>scribit:</span> <span class='ocrx_word' id='word_1_536' title='bbox 1174 3095 1236 3125; x_wconf 87' lang='lat' dir='ltr'>Im-</span> 
     </span>
     <span class='ocr_line' id='line_1_65' title="bbox 160 3134 1236 3180; baseline 0.01 -21"><span class='ocrx_word' id='word_1_537' title='bbox 160 3135 340 3170; x_wconf 84' lang='lat' dir='ltr'>peratorem</span> <span class='ocrx_word' id='word_1_538' title='bbox 372 3141 480 3163; x_wconf 86' lang='lat' dir='ltr'>mense</span> <span class='ocrx_word' id='word_1_539' title='bbox 517 3134 596 3165; x_wconf 86' lang='lat' dir='ltr'>iulio</span> <span class='ocrx_word' id='word_1_540' title='bbox 624 3144 690 3175; x_wconf 89' lang='lat' dir='ltr'>pro</span> <span class='ocrx_word' id='word_1_541' title='bbox 722 3136 905 3171; x_wconf 81' lang='lat' dir='ltr'>ordinando</span> <span class='ocrx_word' id='word_1_542' title='bbox 941 3138 1048 3169; x_wconf 86' lang='lat' dir='ltr'>studio</span> <span class='ocrx_word' id='word_1_543' title='bbox 1082 3139 1236 3180; x_wconf 86' lang='lat' dir='ltr'>Neapoli-</span> 
     </span>
     <span class='ocr_line' id='line_1_66' title="bbox 160 3174 1236 3223; baseline 0.011 -20"><span class='ocrx_word' id='word_1_544' title='bbox 160 3179 237 3205; x_wconf 88' lang='lat' dir='ltr'>tano</span> <span class='ocrx_word' id='word_1_545' title='bbox 260 3174 376 3215; x_wconf 84' lang='lat' dir='ltr'>ubique</span> <span class='ocrx_word' id='word_1_546' title='bbox 390 3185 456 3215; x_wconf 83' lang='lat' dir='ltr'>per</span> <span class='ocrx_word' id='word_1_547' title='bbox 479 3176 630 3218; x_wconf 80' lang='lat' dir='ltr'>Regnum</span> <span class='ocrx_word' id='word_1_548' title='bbox 657 3180 781 3211; x_wconf 86' lang='lat' dir='ltr'>misisse</span> <span class='ocrx_word' id='word_1_549' title='bbox 803 3181 929 3212; x_wconf 84' lang='lat' dir='ltr'>litteras</span> <span class='ocrx_word' id='word_1_550' title='bbox 951 3183 1125 3223; x_wconf 84' lang='lat' dir='ltr'>generales</span> <span class='ocrx_word' id='word_1_551' title='bbox 1131 3191 1145 3222; x_wconf 92' lang='lat'><em>;</em></span> <span class='ocrx_word' id='word_1_552' title='bbox 1167 3183 1236 3214; x_wconf 87' lang='lat' dir='ltr'>illas</span> 
     </span>
     <span class='ocr_line' id='line_1_67' title="bbox 158 3217 1235 3266; baseline 0.011 -18"><span class='ocrx_word' id='word_1_553' title='bbox 158 3217 302 3257; x_wconf 88' lang='lat' dir='ltr'>fortasse,</span> <span class='ocrx_word' id='word_1_554' title='bbox 326 3229 408 3260; x_wconf 88' lang='lat' dir='ltr'>quae</span> <span class='ocrx_word' id='word_1_555' title='bbox 430 3219 512 3251; x_wconf 87' lang='lat' dir='ltr'>libro</span> <span class='ocrx_word' id='word_1_556' title='bbox 536 3221 578 3252; x_wconf 87' lang='lat'>111</span> <span class='ocrx_word' id='word_1_557' title='bbox 601 3223 819 3263; x_wconf 89' lang='lat' dir='ltr'>Epistolarum</span> <span class='ocrx_word' id='word_1_558' title='bbox 837 3225 920 3256; x_wconf 87' lang='lat' dir='ltr'>Petri</span> <span class='ocrx_word' id='word_1_559' title='bbox 943 3227 983 3257; x_wconf 94' lang='lat' dir='ltr'>de</span> <span class='ocrx_word' id='word_1_560' title='bbox 1006 3227 1126 3266; x_wconf 90' lang='lat' dir='ltr'>Vineis,</span> <span class='ocrx_word' id='word_1_561' title='bbox 1155 3229 1235 3260; x_wconf 91' lang='lat' dir='ltr'>eius-</span> 
     </span>
     <span class='ocr_line' id='line_1_68' title="bbox 159 3262 1237 3306; baseline 0.01 -14"><span class='ocrx_word' id='word_1_562' title='bbox 159 3262 234 3294; x_wconf 87' lang='lat' dir='ltr'>dem</span> <span class='ocrx_word' id='word_1_563' title='bbox 266 3263 467 3304; x_wconf 84' lang='lat' dir='ltr'>Imperatoris</span> <span class='ocrx_word' id='word_1_564' title='bbox 500 3266 675 3298; x_wconf 87' lang='lat' dir='ltr'>cancellarii</span> <span class='ocrx_word' id='word_1_565' title='bbox 690 3290 699 3306; x_wconf 92' lang='lat'>,</span> <span class='ocrx_word' id='word_1_566' title='bbox 736 3276 938 3301; x_wconf 89' lang='lat' dir='ltr'>recensentur</span> <span class='ocrx_word' id='word_1_567' title='bbox 974 3281 1110 3302; x_wconf 91' lang='lat' dir='ltr'>numero</span> <span class='ocrx_word' id='word_1_568' title='bbox 1141 3283 1174 3302; x_wconf 81' lang='lat'>11</span> <span class='ocrx_word' id='word_1_569' title='bbox 1206 3280 1237 3303; x_wconf 91' lang='lat' dir='ltr'>et</span> 
     </span>
     <span class='ocr_line' id='line_1_69' title="bbox 159 3307 1234 3352; baseline 0.011 -16"><span class='ocrx_word' id='word_1_570' title='bbox 159 3307 375 3348; x_wconf 75' lang='lat' dir='ltr'>sequentibus.</span> <span class='ocrx_word' id='word_1_571' title='bbox 401 3308 483 3339; x_wconf 89' lang='lat' dir='ltr'>Sunt</span> <span class='ocrx_word' id='word_1_572' title='bbox 500 3309 582 3349; x_wconf 84' lang='lat' dir='ltr'>illae,</span> <span class='ocrx_word' id='word_1_573' title='bbox 601 3312 692 3352; x_wconf 87' lang='lat' dir='ltr'>queis</span> <span class='ocrx_word' id='word_1_574' title='bbox 711 3313 827 3344; x_wconf 82' lang='lat' dir='ltr'>invitat</span> <span class='ocrx_word' id='word_1_575' title='bbox 843 3315 1007 3346; x_wconf 84' lang='lat' dir='ltr'>scholares</span> <span class='ocrx_word' id='word_1_576' title='bbox 1025 3316 1070 3347; x_wconf 88' lang='lat' dir='ltr'>ad</span> <span class='ocrx_word' id='word_1_577' title='bbox 1092 3317 1234 3348; x_wconf 88' lang='lat' dir='ltr'>studium</span> 
     </span>
    </p>
   </div>
   <div class='ocr_carea' id='block_1_3' title="bbox 101 3351 1236 3401">
    <p class='ocr_par' dir='ltr' id='par_1_6' title="bbox 101 3351 1236 3401">
     <span class='ocr_line' id='line_1_70' title="bbox 101 3351 1236 3401; baseline 0.01 -20"><span class='ocrx_word' id='word_1_578' title='bbox 101 3359 104 3362; x_wconf 90' lang='grc'><strong>’</strong></span> <span class='ocrx_word' id='word_1_579' title='bbox 158 3351 422 3392; x_wconf 85' lang='lat' dir='ltr'>Neapolitanum,</span> <span class='ocrx_word' id='word_1_580' title='bbox 454 3353 487 3383; x_wconf 91' lang='lat' dir='ltr'>in</span> <span class='ocrx_word' id='word_1_581' title='bbox 520 3354 628 3395; x_wconf 88' lang='lat' dir='ltr'>eisque</span> <span class='ocrx_word' id='word_1_582' title='bbox 660 3356 741 3388; x_wconf 87' lang='lat' dir='ltr'>inter</span> <span class='ocrx_word' id='word_1_583' title='bbox 772 3358 833 3388; x_wconf 87' lang='lat' dir='ltr'>alia</span> <span class='ocrx_word' id='word_1_584' title='bbox 863 3359 1016 3399; x_wconf 89' lang='lat' dir='ltr'>legimus:</span> <span class='ocrx_word' id='word_1_585' title='bbox 1049 3360 1090 3390; x_wconf 87' lang='lat' dir='ltr'>In</span> <span class='ocrx_word' id='word_1_586' title='bbox 1117 3362 1236 3401; x_wconf 83' lang='lat' dir='ltr'>primis</span> 
     </span>
    </p>
   </div>
   <div class='ocr_carea' id='block_1_4' title="bbox 155 3396 1236 3665">
    <p class='ocr_par' dir='ltr' id='par_1_7' title="bbox 155 3396 1236 3665">
     <span class='ocr_line' id='line_1_71' title="bbox 159 3396 1236 3444; baseline 0.008 -17"><span class='ocrx_word' id='word_1_587' title='bbox 159 3396 246 3437; x_wconf 80' lang='lat' dir='ltr'>quod</span> <span class='ocrx_word' id='word_1_588' title='bbox 277 3397 310 3427; x_wconf 87' lang='lat' dir='ltr'>in</span> <span class='ocrx_word' id='word_1_589' title='bbox 344 3398 472 3428; x_wconf 80' lang='lat' dir='ltr'>civitate</span> <span class='ocrx_word' id='word_1_590' title='bbox 497 3399 687 3438; x_wconf 63' lang='lat' dir='ltr'>praedicta*</span> <span class='ocrx_word' id='word_1_591' title='bbox 705 3401 852 3433; x_wconf 87' lang='lat' dir='ltr'>doctores</span> <span class='ocrx_word' id='word_1_592' title='bbox 890 3408 921 3433; x_wconf 91' lang='lat' dir='ltr'>et</span> <span class='ocrx_word' id='word_1_593' title='bbox 952 3405 1103 3444; x_wconf 85' lang='lat' dir='ltr'>magistri</span> <span class='ocrx_word' id='word_1_594' title='bbox 1139 3411 1236 3436; x_wconf 87' lang='lat' dir='ltr'>erunt</span> 
     </span>
     <span class='ocr_line' id='line_1_72' title="bbox 158 3441 1234 3488; baseline 0.009 -18"><span class='ocrx_word' id='word_1_595' title='bbox 158 3441 191 3471; x_wconf 87' lang='lat' dir='ltr'>in</span> <span class='ocrx_word' id='word_1_596' title='bbox 219 3441 361 3482; x_wconf 84' lang='lat' dir='ltr'>qualibet</span> <span class='ocrx_word' id='word_1_597' title='bbox 381 3441 557 3482; x_wconf 86' lang='lat' dir='ltr'>facultate.</span> <span class='ocrx_word' id='word_1_598' title='bbox 588 3443 759 3476; x_wconf 82' lang='lat' dir='ltr'>Scholares</span> <span class='ocrx_word' id='word_1_599' title='bbox 782 3451 901 3484; x_wconf 87' lang='lat' dir='ltr'>autem,</span> <span class='ocrx_word' id='word_1_600' title='bbox 934 3447 1155 3488; x_wconf 86' lang='lat' dir='ltr'>undecumque</span> <span class='ocrx_word' id='word_1_601' title='bbox 1182 3459 1234 3480; x_wconf 81' lang='lat' dir='ltr'>ve-</span> 
     </span>
     <span class='ocr_line' id='line_1_73' title="bbox 158 3485 1233 3530; baseline 0.008 -15"><span class='ocrx_word' id='word_1_602' title='bbox 158 3485 277 3523; x_wconf 85' lang='lat' dir='ltr'>nerint,</span> <span class='ocrx_word' id='word_1_603' title='bbox 301 3495 415 3517; x_wconf 89' lang='lat' dir='ltr'>secure</span> <span class='ocrx_word' id='word_1_604' title='bbox 434 3487 574 3526; x_wconf 85' lang='lat' dir='ltr'>veniant,</span> <span class='ocrx_word' id='word_1_605' title='bbox 595 3489 763 3527; x_wconf 87' lang='lat' dir='ltr'>morando,</span> <span class='ocrx_word' id='word_1_606' title='bbox 782 3490 898 3521; x_wconf 88' lang='lat' dir='ltr'>stando</span> <span class='ocrx_word' id='word_1_607' title='bbox 918 3495 948 3521; x_wconf 89' lang='lat' dir='ltr'>et</span> <span class='ocrx_word' id='word_1_608' title='bbox 966 3491 1141 3530; x_wconf 88' lang='lat' dir='ltr'>redeundo,</span> <span class='ocrx_word' id='word_1_609' title='bbox 1168 3498 1233 3523; x_wconf 90' lang='lat' dir='ltr'>tam</span> 
     </span>
     <span class='ocr_line' id='line_1_74' title="bbox 155 3529 1234 3577; baseline 0.007 -18"><span class='ocrx_word' id='word_1_610' title='bbox 155 3529 193 3559; x_wconf 88' lang='lat' dir='ltr'>&#39;in</span> <span class='ocrx_word' id='word_1_611' title='bbox 218 3531 369 3569; x_wconf 84' lang='lat' dir='ltr'>personis</span> <span class='ocrx_word' id='word_1_612' title='bbox 398 3540 494 3571; x_wconf 88' lang='lat' dir='ltr'>quam</span> <span class='ocrx_word' id='word_1_613' title='bbox 519 3532 555 3562; x_wconf 83' lang='lat' dir='ltr'>in</span> <span class='ocrx_word' id='word_1_614' title='bbox 583 3532 679 3564; x_wconf 84' lang='lat' dir='ltr'>rebus</span> <span class='ocrx_word' id='word_1_615' title='bbox 707 3533 830 3564; x_wconf 89' lang='lat' dir='ltr'>nullam</span> <span class='ocrx_word' id='word_1_616' title='bbox 860 3536 1032 3566; x_wconf 86' lang='lat' dir='ltr'>sentientes</span> <span class='ocrx_word' id='word_1_617' title='bbox 1062 3537 1094 3566; x_wconf 91' lang='lat' dir='ltr'>in</span> <span class='ocrx_word' id='word_1_618' title='bbox 1125 3537 1234 3577; x_wconf 86' lang='lat' dir='ltr'>aliquo</span> 
     </span>
     <span class='ocr_line' id='line_1_75' title="bbox 160 3572 1233 3618; baseline 0.007 -14"><span class='ocrx_word' id='word_1_619' title='bbox 160 3572 344 3613; x_wconf 84' lang='lat' dir='ltr'>laesionem.</span> <span class='ocrx_word' id='word_1_620' title='bbox 369 3575 452 3606; x_wconf 91' lang='lat' dir='ltr'>Inter</span> <span class='ocrx_word' id='word_1_621' title='bbox 475 3575 638 3607; x_wconf 88' lang='lat' dir='ltr'>facultates</span> <span class='ocrx_word' id='word_1_622' title='bbox 657 3577 830 3618; x_wconf 88' lang='lat' dir='ltr'>praedictas</span> <span class='ocrx_word' id='word_1_623' title='bbox 843 3578 954 3609; x_wconf 88' lang='lat' dir='ltr'>locum</span> <span class='ocrx_word' id='word_1_624' title='bbox 977 3579 1072 3610; x_wconf 87' lang='lat' dir='ltr'>etiam</span> <span class='ocrx_word' id='word_1_625' title='bbox 1086 3579 1233 3611; x_wconf 89' lang='lat' dir='ltr'>habuisse</span> 
     </span>
     <span class='ocr_line' id='line_1_76' title="bbox 159 3620 1232 3665; baseline 0.007 -17"><span class='ocrx_word' id='word_1_626' title='bbox 159 3623 260 3648; x_wconf 86' lang='lat' dir='ltr'>artem</span> <span class='ocrx_word' id='word_1_627' title='bbox 277 3620 535 3660; x_wconf 85' lang='lat' dir='ltr'>grammaticam,</span> <span class='ocrx_word' id='word_1_628' title='bbox 560 3621 718 3662; x_wconf 83' lang='lat' dir='ltr'>colligitur</span> <span class='ocrx_word' id='word_1_629' title='bbox 737 3632 773 3653; x_wconf 87' lang='lat' dir='ltr'>ex</span> <span class='ocrx_word' id='word_1_630' title='bbox 799 3623 932 3663; x_wconf 89' lang='lat' dir='ltr'>epistola</span> <span class='ocrx_word' id='word_1_631' title='bbox 950 3633 1040 3655; x_wconf 89' lang='lat' dir='ltr'>num.</span> <span class='ocrx_word' id='word_1_632' title='bbox 1066 3625 1102 3655; x_wconf 87' lang='lat'>13</span> <span class='ocrx_word' id='word_1_633' title='bbox 1118 3625 1232 3665; x_wconf 91' lang='lat' dir='ltr'>posita,</span> 
     </span>
    </p>
   </div>
   <div class='ocr_carea' id='block_1_5' title="bbox 303 3684 636 3718">
    <p class='ocr_par' dir='ltr' id='par_1_8' title="bbox 303 3684 636 3718">
     <span class='ocr_line' id='line_1_77' title="bbox 303 3684 636 3718; baseline 0.009 -9"><span class='ocrx_word' id='word_1_634' title='bbox 303 3684 373 3718; x_wconf 91' lang='lat' dir='ltr'>Opp.</span> <span class='ocrx_word' id='word_1_635' title='bbox 392 3686 423 3711; x_wconf 93' lang='lat' dir='ltr'>D.</span> <span class='ocrx_word' id='word_1_636' title='bbox 438 3686 552 3712; x_wconf 67' lang='lat' dir='ltr'>Tnonar.</span> <span class='ocrx_word' id='word_1_637' title='bbox 571 3687 603 3712; x_wconf 88' lang='lat' dir='ltr'>T.</span> <span class='ocrx_word' id='word_1_638' title='bbox 618 3688 636 3712; x_wconf 91' lang='lat'>1.</span> 
     </span>
    </p>
   </div>
   <div class='ocr_carea' id='block_1_6' title="bbox 2318 272 2389 297">
    <p class='ocr_par' dir='ltr' id='par_1_9' title="bbox 2318 272 2389 297">
     <span class='ocr_line' id='line_1_78' title="bbox 2318 272 2389 297; baseline 0 0"><span class='ocrx_word' id='word_1_639' title='bbox 2318 272 2389 297; x_wconf 89' lang='lat' dir='ltr'>LXV</span> 
     </span>
    </p>
   </div>
   <div class='ocr_carea' id='block_1_7' title="bbox 1283 335 2390 3125">
    <p class='ocr_par' dir='ltr' id='par_1_10' title="bbox 1311 335 2390 910">
     <span class='ocr_line' id='line_1_79' title="bbox 1316 335 2387 378; baseline 0.004 -12"><span class='ocrx_word' id='word_1_640' title='bbox 1316 345 1380 375; x_wconf 89' lang='lat' dir='ltr'>qua</span> <span class='ocrx_word' id='word_1_641' title='bbox 1402 335 1583 367; x_wconf 90' lang='lat' dir='ltr'>Iustitiario</span> <span class='ocrx_word' id='word_1_642' title='bbox 1611 337 1732 367; x_wconf 89' lang='lat' dir='ltr'>Terrae</span> <span class='ocrx_word' id='word_1_643' title='bbox 1756 337 1893 368; x_wconf 85' lang='lat' dir='ltr'>Laboris</span> <span class='ocrx_word' id='word_1_644' title='bbox 1925 337 2128 378; x_wconf 86' lang='lat' dir='ltr'>significatur,</span> <span class='ocrx_word' id='word_1_645' title='bbox 2158 349 2197 368; x_wconf 88' lang='lat' dir='ltr'>ne</span> <span class='ocrx_word' id='word_1_646' title='bbox 2221 340 2387 370; x_wconf 89' lang='lat' dir='ltr'>occasione</span> 
     </span>
     <span class='ocr_line' id='line_1_80' title="bbox 1316 379 2387 423; baseline 0.004 -13"><span class='ocrx_word' id='word_1_647' title='bbox 1316 379 1408 410; x_wconf 89' lang='lat' dir='ltr'>edicti</span> <span class='ocrx_word' id='word_1_648' title='bbox 1431 380 1602 420; x_wconf 80' lang='lat' dir='ltr'>imperialis</span> <span class='ocrx_word' id='word_1_649' title='bbox 1626 382 1793 422; x_wconf 82' lang='lat' dir='ltr'>magistris</span> <span class='ocrx_word' id='word_1_650' title='bbox 1816 381 1996 412; x_wconf 86' lang='lat' dir='ltr'>molestiam</span> <span class='ocrx_word' id='word_1_651' title='bbox 2020 381 2142 420; x_wconf 90' lang='lat' dir='ltr'>inferat,</span> <span class='ocrx_word' id='word_1_652' title='bbox 2162 383 2218 423; x_wconf 91' lang='lat' dir='ltr'>qui</span> <span class='ocrx_word' id='word_1_653' title='bbox 2235 393 2299 423; x_wconf 84' lang='lat' dir='ltr'>per</span> <span class='ocrx_word' id='word_1_654' title='bbox 2325 389 2387 414; x_wconf 90' lang='lat' dir='ltr'>ter-</span> 
     </span>
     <span class='ocr_line' id='line_1_81' title="bbox 1315 425 2388 467; baseline 0.004 -13"><span class='ocrx_word' id='word_1_655' title='bbox 1315 434 1372 454; x_wconf 89' lang='lat' dir='ltr'>ras</span> <span class='ocrx_word' id='word_1_656' title='bbox 1395 425 1625 456; x_wconf 86' lang='lat' dir='ltr'>iurisdictionis</span> <span class='ocrx_word' id='word_1_657' title='bbox 1657 425 1724 456; x_wconf 94' lang='lat' dir='ltr'>eius</span> <span class='ocrx_word' id='word_1_658' title='bbox 1742 436 1865 466; x_wconf 88' lang='lat' dir='ltr'>pueros</span> <span class='ocrx_word' id='word_1_659' title='bbox 1888 427 1920 456; x_wconf 93' lang='lat' dir='ltr'>in</span> <span class='ocrx_word' id='word_1_660' title='bbox 1950 427 2033 457; x_wconf 89' lang='lat' dir='ltr'>artis</span> <span class='ocrx_word' id='word_1_661' title='bbox 2063 429 2300 467; x_wconf 81' lang='lat' dir='ltr'>grammaticae</span> <span class='ocrx_word' id='word_1_662' title='bbox 2317 429 2388 467; x_wconf 85' lang='lat' dir='ltr'>pri-</span> 
     </span>
     <span class='ocr_line' id='line_1_82' title="bbox 1315 469 2387 507; baseline 0.003 -9"><span class='ocrx_word' id='word_1_663' title='bbox 1315 470 1412 499; x_wconf 89' lang='lat' dir='ltr'>mitiis</span> <span class='ocrx_word' id='word_1_664' title='bbox 1435 474 1466 500; x_wconf 88' lang='lat' dir='ltr'>et</span> <span class='ocrx_word' id='word_1_665' title='bbox 1489 469 1679 501; x_wconf 86' lang='lat' dir='ltr'>rudimentis</span> <span class='ocrx_word' id='word_1_666' title='bbox 1707 470 1853 507; x_wconf 87' lang='lat' dir='ltr'>edocent,</span> <span class='ocrx_word' id='word_1_667' title='bbox 1886 470 2050 501; x_wconf 86' lang='lat' dir='ltr'>altioribus</span> <span class='ocrx_word' id='word_1_668' title='bbox 2074 470 2186 501; x_wconf 89' lang='lat' dir='ltr'>studiis</span> <span class='ocrx_word' id='word_1_669' title='bbox 2220 481 2255 501; x_wconf 93' lang='lat' dir='ltr'>ac</span> <span class='ocrx_word' id='word_1_670' title='bbox 2280 481 2387 502; x_wconf 89' lang='lat' dir='ltr'>recon-</span> 
     </span>
     <span class='ocr_line' id='line_1_83' title="bbox 1314 512 2388 555; baseline 0.003 -12"><span class='ocrx_word' id='word_1_671' title='bbox 1314 512 1426 544; x_wconf 92' lang='lat' dir='ltr'>ditiore</span> <span class='ocrx_word' id='word_1_672' title='bbox 1462 514 1536 545; x_wconf 89' lang='lat' dir='ltr'>artis</span> <span class='ocrx_word' id='word_1_673' title='bbox 1568 514 1790 554; x_wconf 82' lang='lat' dir='ltr'>grammaticae</span> <span class='ocrx_word' id='word_1_674' title='bbox 1823 514 2000 545; x_wconf 88' lang='lat' dir='ltr'>eruditione</span> <span class='ocrx_word' id='word_1_675' title='bbox 2030 515 2244 555; x_wconf 91' lang='lat' dir='ltr'>Neapolitano</span> <span class='ocrx_word' id='word_1_676' title='bbox 2282 516 2388 546; x_wconf 89' lang='lat' dir='ltr'>studio</span> 
     </span>
     <span class='ocr_line' id='line_1_84' title="bbox 1314 558 2387 590; baseline 0.003 -3"><span class='ocrx_word' id='word_1_677' title='bbox 1314 558 1485 589; x_wconf 89' lang='lat' dir='ltr'>reservatis.</span> <span class='ocrx_word' id='word_1_678' title='bbox 1518 558 1630 590; x_wconf 91' lang='lat' dir='ltr'>Scribit</span> <span class='ocrx_word' id='word_1_679' title='bbox 1653 559 1749 590; x_wconf 90' lang='lat' dir='ltr'>etiam</span> <span class='ocrx_word' id='word_1_680' title='bbox 1772 558 1947 590; x_wconf 82' lang='lat' dir='ltr'>Richardus</span> <span class='ocrx_word' id='word_1_681' title='bbox 1971 559 2010 590; x_wconf 92' lang='lat' dir='ltr'>de</span> <span class='ocrx_word' id='word_1_682' title='bbox 2035 570 2058 590; x_wconf 79' lang='lat' dir='ltr'>s·</span> <span class='ocrx_word' id='word_1_683' title='bbox 2076 559 2240 590; x_wconf 90' lang='lat' dir='ltr'>Germano</span> <span class='ocrx_word' id='word_1_684' title='bbox 2265 560 2305 590; x_wconf 88' lang='lat' dir='ltr'>ad</span> <span class='ocrx_word' id='word_1_685' title='bbox 2335 570 2387 590; x_wconf 91' lang='lat' dir='ltr'>an-</span> 
     </span>
     <span class='ocr_line' id='line_1_85' title="bbox 1314 603 2388 644; baseline 0.003 -12"><span class='ocrx_word' id='word_1_686' title='bbox 1314 611 1394 632; x_wconf 89' lang='lat' dir='ltr'>num</span> <span class='ocrx_word' id='word_1_687' title='bbox 1423 603 1506 642; x_wconf 81' lang='lat'>1234</span> <span class='ocrx_word' id='word_1_688' title='bbox 1536 603 1679 634; x_wconf 90' lang='lat' dir='ltr'>studium</span> <span class='ocrx_word' id='word_1_689' title='bbox 1701 603 1788 634; x_wconf 90' lang='lat' dir='ltr'>idem</span> <span class='ocrx_word' id='word_1_690' title='bbox 1810 603 2080 644; x_wconf 89' lang='lat' dir='ltr'>Neapolitanum,</span> <span class='ocrx_word' id='word_1_691' title='bbox 2105 604 2197 644; x_wconf 94' lang='lat' dir='ltr'>quod</span> <span class='ocrx_word' id='word_1_692' title='bbox 2221 604 2388 644; x_wconf 86' lang='lat' dir='ltr'>elanguere</span> 
     </span>
     <span class='ocr_line' id='line_1_86' title="bbox 1313 647 2390 686; baseline 0.002 -9"><span class='ocrx_word' id='word_1_693' title='bbox 1313 656 1349 677; x_wconf 86' lang='lat' dir='ltr'>ac</span> <span class='ocrx_word' id='word_1_694' title='bbox 1372 657 1454 686; x_wconf 91' lang='lat' dir='ltr'>pene</span> <span class='ocrx_word' id='word_1_695' title='bbox 1486 647 1604 678; x_wconf 89' lang='lat' dir='ltr'>aruisse</span> <span class='ocrx_word' id='word_1_696' title='bbox 1632 648 1796 678; x_wconf 89' lang='lat' dir='ltr'>videbatur</span> <span class='ocrx_word' id='word_1_697' title='bbox 1828 648 1870 678; x_wconf 94' lang='lat' dir='ltr'>ob</span> <span class='ocrx_word' id='word_1_698' title='bbox 1901 648 2028 678; x_wconf 89' lang='lat' dir='ltr'>dissidia</span> <span class='ocrx_word' id='word_1_699' title='bbox 2057 648 2277 679; x_wconf 85' lang='lat' dir='ltr'>Sacerdotium</span> <span class='ocrx_word' id='word_1_700' title='bbox 2309 649 2390 679; x_wconf 91' lang='lat' dir='ltr'>inter</span> 
     </span>
     <span class='ocr_line' id='line_1_87' title="bbox 1313 691 2387 733; baseline 0.004 -13"><span class='ocrx_word' id='word_1_701' title='bbox 1313 697 1343 721; x_wconf 94' lang='lat' dir='ltr'>et</span> <span class='ocrx_word' id='word_1_702' title='bbox 1375 691 1548 732; x_wconf 88' lang='lat' dir='ltr'>Imperium</span> <span class='ocrx_word' id='word_1_703' title='bbox 1577 693 1710 731; x_wconf 89' lang='lat' dir='ltr'>oborta,</span> <span class='ocrx_word' id='word_1_704' title='bbox 1741 692 1848 723; x_wconf 90' lang='lat' dir='ltr'>denuo</span> <span class='ocrx_word' id='word_1_705' title='bbox 1879 693 1918 723; x_wconf 89' lang='lat' dir='ltr'>ab</span> <span class='ocrx_word' id='word_1_706' title='bbox 1947 693 2139 733; x_wconf 89' lang='lat' dir='ltr'>Imperatore</span> <span class='ocrx_word' id='word_1_707' title='bbox 2167 693 2387 724; x_wconf 87' lang='lat' dir='ltr'>instauratum.</span> 
     </span>
     <span class='ocr_line' id='line_1_88' title="bbox 1312 735 2388 778; baseline 0.003 -12"><span class='ocrx_word' id='word_1_708' title='bbox 1312 735 1415 766; x_wconf 91' lang='lat' dir='ltr'>Verba</span> <span class='ocrx_word' id='word_1_709' title='bbox 1438 744 1527 767; x_wconf 90' lang='lat' dir='ltr'>sunt:</span> <span class='ocrx_word' id='word_1_710' title='bbox 1552 736 1712 775; x_wconf 89' lang='lat' dir='ltr'>Studium,</span> <span class='ocrx_word' id='word_1_711' title='bbox 1732 737 1818 777; x_wconf 84' lang='lat' dir='ltr'>quod</span> <span class='ocrx_word' id='word_1_712' title='bbox 1835 737 1973 777; x_wconf 83' lang='lat' dir='ltr'>Neapoli</span> <span class='ocrx_word' id='word_1_713' title='bbox 1985 747 2049 778; x_wconf 84' lang='lat' dir='ltr'>per</span> <span class='ocrx_word' id='word_1_714' title='bbox 2071 737 2303 778; x_wconf 81' lang='lat' dir='ltr'>Imperatorem</span> <span class='ocrx_word' id='word_1_715' title='bbox 2323 743 2388 769; x_wconf 91' lang='lat' dir='ltr'>sta—</span> 
     </span>
     <span class='ocr_line' id='line_1_89' title="bbox 1312 780 2389 822; baseline 0.003 -12"><span class='ocrx_word' id='word_1_716' title='bbox 1312 785 1415 810; x_wconf 91' lang='lat' dir='ltr'>tutum</span> <span class='ocrx_word' id='word_1_717' title='bbox 1438 780 1568 821; x_wconf 88' lang='lat' dir='ltr'>fuerat,</span> <span class='ocrx_word' id='word_1_718' title='bbox 1593 781 1679 822; x_wconf 85' lang='lat' dir='ltr'>quod</span> <span class='ocrx_word' id='word_1_719' title='bbox 1702 782 1818 818; x_wconf 86' lang='lat' dir='ltr'>extitit,</span> <span class='ocrx_word' id='word_1_720' title='bbox 1844 782 2026 812; x_wconf 89' lang='lat' dir='ltr'>turbatione</span> <span class='ocrx_word' id='word_1_721' title='bbox 2049 783 2133 812; x_wconf 88' lang='lat' dir='ltr'>inter</span> <span class='ocrx_word' id='word_1_722' title='bbox 2155 782 2333 813; x_wconf 87' lang='lat' dir='ltr'>Ecclesiam</span> <span class='ocrx_word' id='word_1_723' title='bbox 2358 788 2389 813; x_wconf 91' lang='lat' dir='ltr'>et</span> 
     </span>
     <span class='ocr_line' id='line_1_90' title="bbox 1311 824 2387 867; baseline 0.004 -13"><span class='ocrx_word' id='word_1_724' title='bbox 1311 824 1487 864; x_wconf 87' lang='lat' dir='ltr'>Imperium</span> <span class='ocrx_word' id='word_1_725' title='bbox 1518 831 1646 863; x_wconf 83' lang='lat' dir='ltr'>secuta,</span> <span class='ocrx_word' id='word_1_726' title='bbox 1672 826 1804 866; x_wconf 89' lang='lat' dir='ltr'>penitus</span> <span class='ocrx_word' id='word_1_727' title='bbox 1834 825 2042 864; x_wconf 87' lang='lat' dir='ltr'>dissolutum,</span> <span class='ocrx_word' id='word_1_728' title='bbox 2062 836 2125 867; x_wconf 83' lang='lat' dir='ltr'>per</span> <span class='ocrx_word' id='word_1_729' title='bbox 2154 827 2387 867; x_wconf 85' lang='lat' dir='ltr'>Imperatorem</span> 
     </span>
     <span class='ocr_line' id='line_1_91' title="bbox 1311 869 1685 910; baseline 0.003 -11"><span class='ocrx_word' id='word_1_730' title='bbox 1311 869 1451 909; x_wconf 89' lang='lat' dir='ltr'>Neapoli</span> <span class='ocrx_word' id='word_1_731' title='bbox 1474 869 1685 910; x_wconf 76' lang='lat' dir='ltr'>reformatur.</span> 
     </span>
    </p>

    <p class='ocr_par' dir='ltr' id='par_1_11' title="bbox 1297 913 2388 2111">
     <span class='ocr_line' id='line_1_92' title="bbox 1376 913 2387 956; baseline 0.003 -13"><span class='ocrx_word' id='word_1_732' title='bbox 1376 913 1411 943; x_wconf 90' lang='lat' dir='ltr'>ln</span> <span class='ocrx_word' id='word_1_733' title='bbox 1426 913 1474 943; x_wconf 91' lang='lat' dir='ltr'>his</span> <span class='ocrx_word' id='word_1_734' title='bbox 1490 923 1565 954; x_wconf 86' lang='lat' dir='ltr'>ergo</span> <span class='ocrx_word' id='word_1_735' title='bbox 1579 913 1697 944; x_wconf 92' lang='lat' dir='ltr'>scholis</span> <span class='ocrx_word' id='word_1_736' title='bbox 1712 923 1778 944; x_wconf 92' lang='lat' dir='ltr'>sese</span> <span class='ocrx_word' id='word_1_737' title='bbox 1789 913 1934 944; x_wconf 87' lang='lat' dir='ltr'>Thomas</span> <span class='ocrx_word' id='word_1_738' title='bbox 1945 915 2105 946; x_wconf 84' lang='lat' dir='ltr'>exercebat</span> <span class='ocrx_word' id='word_1_739' title='bbox 2114 916 2249 956; x_wconf 87' lang='lat' dir='ltr'>Neapoli</span> <span class='ocrx_word' id='word_1_740' title='bbox 2260 916 2387 955; x_wconf 87' lang='lat' dir='ltr'>degens:</span> 
     </span>
     <span class='ocr_line' id='line_1_93' title="bbox 1312 957 2388 998; baseline 0.004 -11"><span class='ocrx_word' id='word_1_741' title='bbox 1312 957 1352 987; x_wconf 92' lang='lat' dir='ltr'>ad</span> <span class='ocrx_word' id='word_1_742' title='bbox 1383 967 1499 998; x_wconf 88' lang='lat' dir='ltr'>easque</span> <span class='ocrx_word' id='word_1_743' title='bbox 1530 964 1566 988; x_wconf 92' lang='lat' dir='ltr'>ut</span> <span class='ocrx_word' id='word_1_744' title='bbox 1595 957 1771 988; x_wconf 88' lang='lat' dir='ltr'>mitteretur</span> <span class='ocrx_word' id='word_1_745' title='bbox 1804 958 1973 989; x_wconf 89' lang='lat' dir='ltr'>consilium</span> <span class='ocrx_word' id='word_1_746' title='bbox 2002 959 2087 990; x_wconf 88' lang='lat' dir='ltr'>dedit</span> <span class='ocrx_word' id='word_1_747' title='bbox 2118 959 2276 990; x_wconf 90' lang='lat' dir='ltr'>Coenobii</span> <span class='ocrx_word' id='word_1_748' title='bbox 2300 960 2388 991; x_wconf 89' lang='lat' dir='ltr'>Casi-</span> 
     </span>
     <span class='ocr_line' id='line_1_94' title="bbox 1312 1001 2388 1044; baseline 0.004 -13"><span class='ocrx_word' id='word_1_749' title='bbox 1312 1001 1418 1031; x_wconf 90' lang='lat' dir='ltr'>nensis</span> <span class='ocrx_word' id='word_1_750' title='bbox 1448 1002 1555 1032; x_wconf 86' lang='lat' dir='ltr'>Abbas</span> <span class='ocrx_word' id='word_1_751' title='bbox 1586 1012 1621 1032; x_wconf 90' lang='lat' dir='ltr'>ac</span> <span class='ocrx_word' id='word_1_752' title='bbox 1652 1002 1823 1033; x_wconf 91' lang='lat' dir='ltr'>voluerunt</span> <span class='ocrx_word' id='word_1_753' title='bbox 1854 1009 1997 1042; x_wconf 91' lang='lat' dir='ltr'>parentes</span> <span class='ocrx_word' id='word_1_754' title='bbox 2028 1003 2115 1041; x_wconf 86' lang='lat' dir='ltr'>eius,</span> <span class='ocrx_word' id='word_1_755' title='bbox 2145 1011 2180 1034; x_wconf 95' lang='lat' dir='ltr'>ut</span> <span class='ocrx_word' id='word_1_756' title='bbox 2209 1005 2388 1044; x_wconf 89' lang='lat' dir='ltr'>angelicum</span> 
     </span>
     <span class='ocr_line' id='line_1_95' title="bbox 1311 1045 2387 1090; baseline 0.005 -15"><span class='ocrx_word' id='word_1_757' title='bbox 1311 1045 1487 1085; x_wconf 89' lang='lat' dir='ltr'>ingenium,</span> <span class='ocrx_word' id='word_1_758' title='bbox 1512 1046 1602 1087; x_wconf 91' lang='lat' dir='ltr'>quod</span> <span class='ocrx_word' id='word_1_759' title='bbox 1625 1045 1658 1076; x_wconf 91' lang='lat' dir='ltr'>in</span> <span class='ocrx_word' id='word_1_760' title='bbox 1682 1046 1816 1086; x_wconf 91' lang='lat' dir='ltr'>pueritia</span> <span class='ocrx_word' id='word_1_761' title='bbox 1839 1054 2152 1087; x_wconf 88' lang='lat' dir='ltr'>praemonstraverat,</span> <span class='ocrx_word' id='word_1_762' title='bbox 2169 1048 2312 1090; x_wconf 89' lang='lat' dir='ltr'>illudque</span> <span class='ocrx_word' id='word_1_763' title='bbox 2336 1059 2387 1080; x_wconf 93' lang='lat' dir='ltr'>ru-</span> 
     </span>
     <span class='ocr_line' id='line_1_96' title="bbox 1311 1089 2387 1132; baseline 0.005 -13"><span class='ocrx_word' id='word_1_764' title='bbox 1311 1089 1459 1120; x_wconf 91' lang='lat' dir='ltr'>dimentis</span> <span class='ocrx_word' id='word_1_765' title='bbox 1483 1090 1556 1121; x_wconf 87' lang='lat' dir='ltr'>artis</span> <span class='ocrx_word' id='word_1_766' title='bbox 1579 1090 1820 1130; x_wconf 83' lang='lat' dir='ltr'>grammaticae,</span> <span class='ocrx_word' id='word_1_767' title='bbox 1839 1091 1960 1130; x_wconf 87' lang='lat' dir='ltr'>logicae</span> <span class='ocrx_word' id='word_1_768' title='bbox 1984 1102 2019 1122; x_wconf 87' lang='lat' dir='ltr'>ac</span> <span class='ocrx_word' id='word_1_769' title='bbox 2039 1092 2260 1132; x_wconf 88' lang='lat' dir='ltr'>philosophiae</span> <span class='ocrx_word' id='word_1_770' title='bbox 2285 1094 2387 1124; x_wconf 88' lang='lat' dir='ltr'>excul—</span> 
     </span>
     <span class='ocr_line' id='line_1_97' title="bbox 1311 1133 2388 1176; baseline 0.004 -12"><span class='ocrx_word' id='word_1_771' title='bbox 1311 1140 1382 1164; x_wconf 92' lang='lat' dir='ltr'>tum</span> <span class='ocrx_word' id='word_1_772' title='bbox 1397 1133 1505 1165; x_wconf 87' lang='lat' dir='ltr'>Casini</span> <span class='ocrx_word' id='word_1_773' title='bbox 1520 1134 1632 1172; x_wconf 87' lang='lat' dir='ltr'>fuerat,</span> <span class='ocrx_word' id='word_1_774' title='bbox 1648 1134 1793 1165; x_wconf 89' lang='lat' dir='ltr'>altiorem</span> <span class='ocrx_word' id='word_1_775' title='bbox 1807 1135 2061 1176; x_wconf 89' lang='lat' dir='ltr'>penitioremque</span> <span class='ocrx_word' id='word_1_776' title='bbox 2072 1136 2257 1167; x_wconf 90' lang='lat' dir='ltr'>huiusmodi</span> <span class='ocrx_word' id='word_1_777' title='bbox 2272 1138 2388 1169; x_wconf 88' lang='lat' dir='ltr'>artium</span> 
     </span>
     <span class='ocr_line' id='line_1_98' title="bbox 1311 1178 2387 1213; baseline 0.004 -5"><span class='ocrx_word' id='word_1_778' title='bbox 1311 1185 1342 1209; x_wconf 94' lang='lat' dir='ltr'>et</span> <span class='ocrx_word' id='word_1_779' title='bbox 1365 1178 1552 1209; x_wconf 86' lang='lat' dir='ltr'>facultatum</span> <span class='ocrx_word' id='word_1_780' title='bbox 1581 1179 1793 1210; x_wconf 90' lang='lat' dir='ltr'>eruditionem</span> <span class='ocrx_word' id='word_1_781' title='bbox 1824 1180 1856 1209; x_wconf 92' lang='lat' dir='ltr'>in</span> <span class='ocrx_word' id='word_1_782' title='bbox 1880 1187 1946 1210; x_wconf 84' lang='lat' dir='ltr'>tam</span> <span class='ocrx_word' id='word_1_783' title='bbox 1969 1180 2082 1211; x_wconf 85' lang='lat' dir='ltr'>celebri</span> <span class='ocrx_word' id='word_1_784' title='bbox 2106 1181 2276 1212; x_wconf 86' lang='lat' dir='ltr'>Academia</span> <span class='ocrx_word' id='word_1_785' title='bbox 2306 1192 2387 1213; x_wconf 90' lang='lat' dir='ltr'>asse-</span> 
     </span>
     <span class='ocr_line' id='line_1_99' title="bbox 1310 1223 2387 1263; baseline 0.004 -10"><span class='ocrx_word' id='word_1_786' title='bbox 1310 1230 1469 1263; x_wconf 88' lang='lat' dir='ltr'>queretur.</span> <span class='ocrx_word' id='word_1_787' title='bbox 1501 1223 1665 1263; x_wconf 87' lang='lat' dir='ltr'>Tempora</span> <span class='ocrx_word' id='word_1_788' title='bbox 1695 1233 1769 1254; x_wconf 89' lang='lat' dir='ltr'>sane</span> <span class='ocrx_word' id='word_1_789' title='bbox 1800 1224 2004 1262; x_wconf 90' lang='lat' dir='ltr'>conveniunt,</span> <span class='ocrx_word' id='word_1_790' title='bbox 2038 1235 2112 1255; x_wconf 91' lang='lat' dir='ltr'>cum</span> <span class='ocrx_word' id='word_1_791' title='bbox 2137 1226 2278 1256; x_wconf 86' lang='lat' dir='ltr'>studium</span> <span class='ocrx_word' id='word_1_792' title='bbox 2308 1226 2387 1257; x_wconf 88' lang='lat' dir='ltr'>illud</span> 
     </span>
     <span class='ocr_line' id='line_1_100' title="bbox 1309 1267 2386 1311; baseline 0.004 -14"><span class='ocrx_word' id='word_1_793' title='bbox 1309 1267 1559 1307; x_wconf 89' lang='lat' dir='ltr'>Neapolitanum</span> <span class='ocrx_word' id='word_1_794' title='bbox 1591 1278 1677 1298; x_wconf 90' lang='lat' dir='ltr'>anno</span> <span class='ocrx_word' id='word_1_795' title='bbox 1712 1269 1794 1307; x_wconf 84' lang='lat'>1234</span> <span class='ocrx_word' id='word_1_796' title='bbox 1830 1268 2048 1299; x_wconf 89' lang='lat' dir='ltr'>instauraverit</span> <span class='ocrx_word' id='word_1_797' title='bbox 2079 1269 2255 1301; x_wconf 88' lang='lat' dir='ltr'>Fridericus</span> <span class='ocrx_word' id='word_1_798' title='bbox 2284 1271 2386 1311; x_wconf 91' lang='lat' dir='ltr'>Impe-</span> 
     </span>
     <span class='ocr_line' id='line_1_101' title="bbox 1308 1311 2386 1354; baseline 0.003 -12"><span class='ocrx_word' id='word_1_799' title='bbox 1308 1318 1404 1350; x_wconf 88' lang='lat' dir='ltr'>rator,</span> <span class='ocrx_word' id='word_1_800' title='bbox 1429 1311 1614 1353; x_wconf 86' lang='lat' dir='ltr'>Casinoque</span> <span class='ocrx_word' id='word_1_801' title='bbox 1638 1312 1782 1343; x_wconf 88' lang='lat' dir='ltr'>Thomas</span> <span class='ocrx_word' id='word_1_802' title='bbox 1809 1323 1894 1343; x_wconf 89' lang='lat' dir='ltr'>anno</span> <span class='ocrx_word' id='word_1_803' title='bbox 1913 1313 2099 1354; x_wconf 90' lang='lat' dir='ltr'>insequente</span> <span class='ocrx_word' id='word_1_804' title='bbox 2118 1314 2168 1344; x_wconf 92' lang='lat' dir='ltr'>vel</span> <span class='ocrx_word' id='word_1_805' title='bbox 2195 1315 2276 1345; x_wconf 84' lang='lat'><strong>1236</strong></span> <span class='ocrx_word' id='word_1_806' title='bbox 2297 1325 2386 1346; x_wconf 91' lang='lat' dir='ltr'>revo-</span> 
     </span>
     <span class='ocr_line' id='line_1_102' title="bbox 1309 1355 2387 1400; baseline 0.005 -14"><span class='ocrx_word' id='word_1_807' title='bbox 1309 1362 1396 1387; x_wconf 90' lang='lat' dir='ltr'>catus</span> <span class='ocrx_word' id='word_1_808' title='bbox 1426 1355 1530 1387; x_wconf 88' lang='lat' dir='ltr'>fuerit.</span> <span class='ocrx_word' id='word_1_809' title='bbox 1556 1356 1686 1387; x_wconf 88' lang='lat' dir='ltr'>Scholas</span> <span class='ocrx_word' id='word_1_810' title='bbox 1718 1357 1813 1388; x_wconf 90' lang='lat' dir='ltr'>etiam</span> <span class='ocrx_word' id='word_1_811' title='bbox 1842 1357 1916 1388; x_wconf 90' lang='lat' dir='ltr'>istas</span> <span class='ocrx_word' id='word_1_812' title='bbox 1944 1357 2108 1389; x_wconf 88' lang='lat' dir='ltr'>manifeste</span> <span class='ocrx_word' id='word_1_813' title='bbox 2136 1358 2275 1390; x_wconf 88' lang='lat' dir='ltr'>indicant</span> <span class='ocrx_word' id='word_1_814' title='bbox 2305 1370 2387 1400; x_wconf 90' lang='lat' dir='ltr'>quae</span> 
     </span>
     <span class='ocr_line' id='line_1_103' title="bbox 1308 1400 2386 1435; baseline 0.004 -4"><span class='ocrx_word' id='word_1_815' title='bbox 1308 1407 1413 1431; x_wconf 88' lang='lat' dir='ltr'>narrat</span> <span class='ocrx_word' id='word_1_816' title='bbox 1436 1400 1627 1432; x_wconf 89' lang='lat' dir='ltr'>Guillelmus</span> <span class='ocrx_word' id='word_1_817' title='bbox 1651 1402 1690 1432; x_wconf 94' lang='lat' dir='ltr'>de</span> <span class='ocrx_word' id='word_1_818' title='bbox 1714 1401 1824 1432; x_wconf 92' lang='lat' dir='ltr'>Tocco</span> <span class='ocrx_word' id='word_1_819' title='bbox 1849 1401 1888 1432; x_wconf 89' lang='lat' dir='ltr'>de</span> <span class='ocrx_word' id='word_1_820' title='bbox 1919 1402 2032 1433; x_wconf 88' lang='lat' dir='ltr'>iuvene</span> <span class='ocrx_word' id='word_1_821' title='bbox 2056 1402 2185 1433; x_wconf 88' lang='lat' dir='ltr'>Thoma</span> <span class='ocrx_word' id='word_1_822' title='bbox 2213 1403 2245 1434; x_wconf 90' lang='lat' dir='ltr'>in</span> <span class='ocrx_word' id='word_1_823' title='bbox 2270 1404 2386 1435; x_wconf 89' lang='lat' dir='ltr'>scholis</span> 
     </span>
     <span class='ocr_line' id='line_1_104' title="bbox 1309 1445 2385 1489; baseline 0.003 -13"><span class='ocrx_word' id='word_1_824' title='bbox 1309 1445 1518 1485; x_wconf 85' lang='lat' dir='ltr'>neapolitanis</span> <span class='ocrx_word' id='word_1_825' title='bbox 1542 1446 1696 1477; x_wconf 89' lang='lat' dir='ltr'>auditore.</span> <span class='ocrx_word' id='word_1_826' title='bbox 1722 1446 1835 1477; x_wconf 89' lang='lat' dir='ltr'>Scribit</span> <span class='ocrx_word' id='word_1_827' title='bbox 1858 1454 1989 1487; x_wconf 89' lang='lat' dir='ltr'>nempe:</span> <span class='ocrx_word' id='word_1_828' title='bbox 2015 1447 2178 1478; x_wconf 87' lang='lat' dir='ltr'>Festinum</span> <span class='ocrx_word' id='word_1_829' title='bbox 2200 1448 2385 1489; x_wconf 87' lang='lat' dir='ltr'>profectum</span> 
     </span>
     <span class='ocr_line' id='line_1_105' title="bbox 1313 1490 2386 1531; baseline 0.003 -11"><span class='ocrx_word' id='word_1_830' title='bbox 1313 1490 1452 1521; x_wconf 76' lang='lat' dir='ltr'>Thomae</span> <span class='ocrx_word' id='word_1_831' title='bbox 1475 1491 1508 1521; x_wconf 90' lang='lat' dir='ltr'>in</span> <span class='ocrx_word' id='word_1_832' title='bbox 1532 1491 1673 1522; x_wconf 87' lang='lat' dir='ltr'>scientiis</span> <span class='ocrx_word' id='word_1_833' title='bbox 1703 1491 1879 1531; x_wconf 83' lang='lat' dir='ltr'>magistros</span> <span class='ocrx_word' id='word_1_834' title='bbox 1911 1496 1942 1522; x_wconf 91' lang='lat' dir='ltr'>et</span> <span class='ocrx_word' id='word_1_835' title='bbox 1969 1492 2052 1522; x_wconf 86' lang='lat' dir='ltr'>alios</span> <span class='ocrx_word' id='word_1_836' title='bbox 2081 1491 2113 1521; x_wconf 90' lang='lat' dir='ltr'>in</span> <span class='ocrx_word' id='word_1_837' title='bbox 2144 1492 2386 1523; x_wconf 87' lang='lat' dir='ltr'>admirationem</span> 
     </span>
     <span class='ocr_line' id='line_1_106' title="bbox 1308 1534 2384 1578; baseline 0.004 -14"><span class='ocrx_word' id='word_1_838' title='bbox 1308 1534 1464 1574; x_wconf 86' lang='lat' dir='ltr'>rapuisse:</span> <span class='ocrx_word' id='word_1_839' title='bbox 1480 1534 1613 1575; x_wconf 85' lang='lat' dir='ltr'>famam</span> <span class='ocrx_word' id='word_1_840' title='bbox 1638 1536 1707 1566; x_wconf 88' lang='lat' dir='ltr'>eius</span> <span class='ocrx_word' id='word_1_841' title='bbox 1723 1545 1788 1576; x_wconf 87' lang='lat' dir='ltr'>per</span> <span class='ocrx_word' id='word_1_842' title='bbox 1810 1536 1937 1567; x_wconf 87' lang='lat' dir='ltr'>scholas</span> <span class='ocrx_word' id='word_1_843' title='bbox 1965 1536 2132 1567; x_wconf 84' lang='lat' dir='ltr'>volitasse:</span> <span class='ocrx_word' id='word_1_844' title='bbox 2163 1541 2194 1567; x_wconf 90' lang='lat' dir='ltr'>et</span> <span class='ocrx_word' id='word_1_845' title='bbox 2216 1537 2384 1578; x_wconf 84' lang='lat' dir='ltr'>quemdam</span> 
     </span>
     <span class='ocr_line' id='line_1_107' title="bbox 1297 1577 2385 1621; baseline 0.003 -12"><span class='ocrx_word' id='word_1_846' title='bbox 1297 1577 1446 1619; x_wconf 86' lang='lat' dir='ltr'>fratrem</span> <span class='ocrx_word' id='word_1_847' title='bbox 1472 1579 1605 1610; x_wconf 90' lang='lat' dir='ltr'>Ordinis</span> <span class='ocrx_word' id='word_1_848' title='bbox 1619 1580 1897 1618; x_wconf 82' lang='lat' dir='ltr'>Praedicatorum‚</span> <span class='ocrx_word' id='word_1_849' title='bbox 1908 1580 2057 1621; x_wconf 87' lang='lat' dir='ltr'>praefati</span> <span class='ocrx_word' id='word_1_850' title='bbox 2077 1581 2203 1612; x_wconf 83' lang='lat' dir='ltr'>iuvenis</span> <span class='ocrx_word' id='word_1_851' title='bbox 2219 1581 2385 1612; x_wconf 89' lang='lat' dir='ltr'>admiran-</span> 
     </span>
     <span class='ocr_line' id='line_1_108' title="bbox 1307 1623 2385 1666; baseline 0.003 -12"><span class='ocrx_word' id='word_1_852' title='bbox 1307 1623 1382 1654; x_wconf 87' lang='lat' dir='ltr'>dam</span> <span class='ocrx_word' id='word_1_853' title='bbox 1406 1624 1572 1655; x_wconf 87' lang='lat' dir='ltr'>scientiam</span> <span class='ocrx_word' id='word_1_854' title='bbox 1602 1625 1872 1662; x_wconf 87' lang='lat' dir='ltr'>considerantem,</span> <span class='ocrx_word' id='word_1_855' title='bbox 1904 1626 1942 1656; x_wconf 91' lang='lat' dir='ltr'>de</span> <span class='ocrx_word' id='word_1_856' title='bbox 1966 1625 2066 1666; x_wconf 89' lang='lat' dir='ltr'>ipsius</span> <span class='ocrx_word' id='word_1_857' title='bbox 2090 1625 2232 1656; x_wconf 90' lang='lat' dir='ltr'>doctrina</span> <span class='ocrx_word' id='word_1_858' title='bbox 2256 1633 2286 1657; x_wconf 91' lang='lat' dir='ltr'>et</span> <span class='ocrx_word' id='word_1_859' title='bbox 2316 1637 2385 1657; x_wconf 89' lang='lat' dir='ltr'>san—</span> 
     </span>
     <span class='ocr_line' id='line_1_109' title="bbox 1307 1667 2385 1709; baseline 0.004 -11"><span class='ocrx_word' id='word_1_860' title='bbox 1307 1667 1411 1698; x_wconf 88' lang='lat' dir='ltr'>ctitate</span> <span class='ocrx_word' id='word_1_861' title='bbox 1444 1669 1597 1700; x_wconf 82' lang='lat' dir='ltr'>visionem</span> <span class='ocrx_word' id='word_1_862' title='bbox 1631 1670 1799 1709; x_wconf 87' lang='lat' dir='ltr'>accepisse.</span> <span class='ocrx_word' id='word_1_863' title='bbox 1834 1669 1960 1707; x_wconf 92' lang='lat' dir='ltr'>Quibus</span> <span class='ocrx_word' id='word_1_864' title='bbox 1993 1670 2035 1700; x_wconf 89' lang='lat' dir='ltr'>ita</span> <span class='ocrx_word' id='word_1_865' title='bbox 2073 1679 2105 1700; x_wconf 90' lang='lat' dir='ltr'>se</span> <span class='ocrx_word' id='word_1_866' title='bbox 2139 1680 2206 1700; x_wconf 90' lang='lat' dir='ltr'>rem</span> <span class='ocrx_word' id='word_1_867' title='bbox 2238 1670 2385 1702; x_wconf 90' lang='lat' dir='ltr'>habuisse</span> 
     </span>
     <span class='ocr_line' id='line_1_110' title="bbox 1307 1712 2386 1754; baseline 0.003 -11"><span class='ocrx_word' id='word_1_868' title='bbox 1307 1712 1480 1751; x_wconf 88' lang='lat' dir='ltr'>evincitur,</span> <span class='ocrx_word' id='word_1_869' title='bbox 1515 1720 1550 1744; x_wconf 91' lang='lat' dir='ltr'>ut</span> <span class='ocrx_word' id='word_1_870' title='bbox 1579 1713 1725 1744; x_wconf 89' lang='lat' dir='ltr'>Thomas</span> <span class='ocrx_word' id='word_1_871' title='bbox 1755 1713 1897 1754; x_wconf 88' lang='lat' dir='ltr'>publicas</span> <span class='ocrx_word' id='word_1_872' title='bbox 1930 1714 1998 1744; x_wconf 89' lang='lat' dir='ltr'>illas</span> <span class='ocrx_word' id='word_1_873' title='bbox 2031 1721 2062 1745; x_wconf 91' lang='lat' dir='ltr'>et</span> <span class='ocrx_word' id='word_1_874' title='bbox 2085 1714 2258 1746; x_wconf 86' lang='lat' dir='ltr'>saeculares</span> <span class='ocrx_word' id='word_1_875' title='bbox 2288 1716 2386 1747; x_wconf 88' lang='lat' dir='ltr'>adiret</span> 
     </span>
     <span class='ocr_line' id='line_1_111' title="bbox 1306 1756 2385 1799; baseline 0.004 -12"><span class='ocrx_word' id='word_1_876' title='bbox 1306 1756 1447 1795; x_wconf 72' lang='lat' dir='ltr'>scholas,</span> <span class='ocrx_word' id='word_1_877' title='bbox 1472 1757 1511 1788; x_wconf 91' lang='lat' dir='ltr'>de</span> <span class='ocrx_word' id='word_1_878' title='bbox 1535 1757 1670 1788; x_wconf 89' lang='lat' dir='ltr'>mirabili</span> <span class='ocrx_word' id='word_1_879' title='bbox 1698 1766 1864 1798; x_wconf 87' lang='lat' dir='ltr'>propterea</span> <span class='ocrx_word' id='word_1_880' title='bbox 1895 1758 1995 1799; x_wconf 88' lang='lat' dir='ltr'>ipsius</span> <span class='ocrx_word' id='word_1_881' title='bbox 2018 1758 2163 1799; x_wconf 90' lang='lat' dir='ltr'>profectu</span> <span class='ocrx_word' id='word_1_882' title='bbox 2187 1759 2218 1789; x_wconf 86' lang='lat' dir='ltr'>in</span> <span class='ocrx_word' id='word_1_883' title='bbox 2250 1760 2385 1791; x_wconf 89' lang='lat' dir='ltr'>scientiis</span> 
     </span>
     <span class='ocr_line' id='line_1_112' title="bbox 1305 1800 2384 1844; baseline 0.005 -13"><span class='ocrx_word' id='word_1_884' title='bbox 1305 1800 1443 1832; x_wconf 89' lang='lat' dir='ltr'>invicem</span> <span class='ocrx_word' id='word_1_885' title='bbox 1466 1802 1560 1832; x_wconf 86' lang='lat' dir='ltr'>verba</span> <span class='ocrx_word' id='word_1_886' title='bbox 1588 1802 1743 1840; x_wconf 88' lang='lat' dir='ltr'>facerent,</span> <span class='ocrx_word' id='word_1_887' title='bbox 1768 1803 1823 1844; x_wconf 90' lang='lat' dir='ltr'>qui</span> <span class='ocrx_word' id='word_1_888' title='bbox 1848 1803 1879 1833; x_wconf 91' lang='lat' dir='ltr'>in</span> <span class='ocrx_word' id='word_1_889' title='bbox 1904 1803 2023 1834; x_wconf 88' lang='lat' dir='ltr'>eisdem</span> <span class='ocrx_word' id='word_1_890' title='bbox 2047 1803 2206 1834; x_wconf 85' lang='lat' dir='ltr'>auditores</span> <span class='ocrx_word' id='word_1_891' title='bbox 2234 1811 2322 1836; x_wconf 88' lang='lat' dir='ltr'>erant</span> <span class='ocrx_word' id='word_1_892' title='bbox 2349 1815 2384 1836; x_wconf 92' lang='lat' dir='ltr'>ac</span> 
     </span>
     <span class='ocr_line' id='line_1_113' title="bbox 1305 1845 2384 1888; baseline 0.004 -12"><span class='ocrx_word' id='word_1_893' title='bbox 1305 1845 1366 1885; x_wconf 90' lang='lat' dir='ltr'>ipsi</span> <span class='ocrx_word' id='word_1_894' title='bbox 1386 1846 1481 1877; x_wconf 87' lang='lat' dir='ltr'>etiam</span> <span class='ocrx_word' id='word_1_895' title='bbox 1500 1846 1657 1887; x_wconf 71' lang='lat' dir='ltr'>magistri:</span> <span class='ocrx_word' id='word_1_896' title='bbox 1681 1847 1789 1888; x_wconf 91' lang='lat' dir='ltr'>sicque</span> <span class='ocrx_word' id='word_1_897' title='bbox 1809 1847 1893 1878; x_wconf 84' lang='lat' dir='ltr'>fama</span> <span class='ocrx_word' id='word_1_898' title='bbox 1917 1848 1984 1878; x_wconf 90' lang='lat' dir='ltr'>eius</span> <span class='ocrx_word' id='word_1_899' title='bbox 2008 1858 2064 1888; x_wconf 88' lang='lat' dir='ltr'>per</span> <span class='ocrx_word' id='word_1_900' title='bbox 2082 1848 2205 1878; x_wconf 89' lang='lat' dir='ltr'>scholas</span> <span class='ocrx_word' id='word_1_901' title='bbox 2229 1849 2384 1886; x_wconf 87' lang='lat' dir='ltr'>volitaret;</span> 
     </span>
     <span class='ocr_line' id='line_1_114' title="bbox 1305 1889 2384 1933; baseline 0.004 -13"><span class='ocrx_word' id='word_1_902' title='bbox 1305 1889 1414 1921; x_wconf 85' lang='lat' dir='ltr'>fratres</span> <span class='ocrx_word' id='word_1_903' title='bbox 1445 1891 1541 1922; x_wconf 90' lang='lat' dir='ltr'>etiam</span> <span class='ocrx_word' id='word_1_904' title='bbox 1571 1892 1819 1930; x_wconf 86' lang='lat' dir='ltr'>Praedicatores,</span> <span class='ocrx_word' id='word_1_905' title='bbox 1851 1892 1907 1933; x_wconf 89' lang='lat' dir='ltr'>qui</span> <span class='ocrx_word' id='word_1_906' title='bbox 1938 1892 2057 1923; x_wconf 89' lang='lat' dir='ltr'>ibidem</span> <span class='ocrx_word' id='word_1_907' title='bbox 2090 1903 2191 1923; x_wconf 88' lang='lat' dir='ltr'>sacras</span> <span class='ocrx_word' id='word_1_908' title='bbox 2224 1893 2384 1924; x_wconf 88' lang='lat' dir='ltr'>doctrinas</span> 
     </span>
     <span class='ocr_line' id='line_1_115' title="bbox 1304 1935 2384 1978; baseline 0.003 -13"><span class='ocrx_word' id='word_1_909' title='bbox 1304 1935 1479 1974; x_wconf 86' lang='lat' dir='ltr'>tradebant,</span> <span class='ocrx_word' id='word_1_910' title='bbox 1503 1936 1789 1976; x_wconf 89' lang='lat' dir='ltr'>praeclarissimum</span> <span class='ocrx_word' id='word_1_911' title='bbox 1819 1936 1943 1967; x_wconf 85' lang='lat' dir='ltr'>iuvenis</span> <span class='ocrx_word' id='word_1_912' title='bbox 1966 1937 2131 1977; x_wconf 86' lang='lat' dir='ltr'>ingenium</span> <span class='ocrx_word' id='word_1_913' title='bbox 2155 1938 2302 1968; x_wconf 87' lang='lat' dir='ltr'>admirari</span> <span class='ocrx_word' id='word_1_914' title='bbox 2326 1948 2384 1978; x_wconf 92' lang='lat' dir='ltr'>po-</span> 
     </span>
     <span class='ocr_line' id='line_1_116' title="bbox 1304 1980 2384 2013; baseline 0.003 -3"><span class='ocrx_word' id='word_1_915' title='bbox 1304 1980 1431 2011; x_wconf 87' lang='lat' dir='ltr'>tuerint.</span> <span class='ocrx_word' id='word_1_916' title='bbox 1451 1980 1537 2011; x_wconf 87' lang='lat' dir='ltr'>Bene</span> <span class='ocrx_word' id='word_1_917' title='bbox 1553 1981 1722 2012; x_wconf 91' lang='lat' dir='ltr'>cohaerent</span> <span class='ocrx_word' id='word_1_918' title='bbox 1736 1981 1856 2012; x_wconf 88' lang='lat' dir='ltr'>omnia.</span> <span class='ocrx_word' id='word_1_919' title='bbox 1877 1981 2042 2012; x_wconf 86' lang='lat' dir='ltr'>Thomam</span> <span class='ocrx_word' id='word_1_920' title='bbox 2056 1991 2131 2012; x_wconf 85' lang='lat' dir='ltr'>vero</span> <span class='ocrx_word' id='word_1_921' title='bbox 2147 1982 2172 2012; x_wconf 91' lang='lat' dir='ltr'>si</span> <span class='ocrx_word' id='word_1_922' title='bbox 2187 1982 2384 2013; x_wconf 88' lang='lat' dir='ltr'>monachum</span> 
     </span>
     <span class='ocr_line' id='line_1_117' title="bbox 1304 2023 2384 2066; baseline 0.002 -11"><span class='ocrx_word' id='word_1_923' title='bbox 1304 2023 1416 2063; x_wconf 82' lang='lat' dir='ltr'>facias,</span> <span class='ocrx_word' id='word_1_924' title='bbox 1453 2025 1486 2055; x_wconf 91' lang='lat' dir='ltr'>in</span> <span class='ocrx_word' id='word_1_925' title='bbox 1517 2025 1638 2066; x_wconf 85' lang='lat' dir='ltr'>privata</span> <span class='ocrx_word' id='word_1_926' title='bbox 1668 2026 1904 2057; x_wconf 88' lang='lat' dir='ltr'>monachorum</span> <span class='ocrx_word' id='word_1_927' title='bbox 1935 2026 2043 2056; x_wconf 90' lang='lat' dir='ltr'>schola</span> <span class='ocrx_word' id='word_1_928' title='bbox 2073 2036 2140 2056; x_wconf 91' lang='lat' dir='ltr'>sese</span> <span class='ocrx_word' id='word_1_929' title='bbox 2171 2034 2384 2066; x_wconf 85' lang='lat' dir='ltr'>exercentem,</span> 
     </span>
     <span class='ocr_line' id='line_1_118' title="bbox 1303 2069 2064 2111; baseline 0.003 -12"><span class='ocrx_word' id='word_1_930' title='bbox 1303 2069 1382 2100; x_wconf 87' lang='lat' dir='ltr'>nihil</span> <span class='ocrx_word' id='word_1_931' title='bbox 1407 2076 1453 2100; x_wconf 92' lang='lat' dir='ltr'>est</span> <span class='ocrx_word' id='word_1_932' title='bbox 1476 2069 1595 2101; x_wconf 88' lang='lat' dir='ltr'>horum</span> <span class='ocrx_word' id='word_1_933' title='bbox 1618 2071 1708 2111; x_wconf 92' lang='lat' dir='ltr'>quod</span> <span class='ocrx_word' id='word_1_934' title='bbox 1732 2071 1770 2101; x_wconf 93' lang='lat' dir='ltr'>de</span> <span class='ocrx_word' id='word_1_935' title='bbox 1794 2070 1849 2101; x_wconf 90' lang='lat' dir='ltr'>illo</span> <span class='ocrx_word' id='word_1_936' title='bbox 1874 2070 1935 2101; x_wconf 91' lang='lat' dir='ltr'>dici</span> <span class='ocrx_word' id='word_1_937' title='bbox 1959 2078 2064 2111; x_wconf 85' lang='lat' dir='ltr'>queat.</span> 
     </span>
    </p>

    <p class='ocr_par' dir='ltr' id='par_1_12' title="bbox 1283 2114 2388 2814">
     <span class='ocr_line' id='line_1_119' title="bbox 1370 2114 2382 2156; baseline 0.002 -11"><span class='ocrx_word' id='word_1_938' title='bbox 1370 2114 1482 2155; x_wconf 91' lang='lat' dir='ltr'>Neque</span> <span class='ocrx_word' id='word_1_939' title='bbox 1506 2114 1613 2146; x_wconf 88' lang='lat' dir='ltr'>solum</span> <span class='ocrx_word' id='word_1_940' title='bbox 1638 2115 1761 2146; x_wconf 88' lang='lat' dir='ltr'>scholas</span> <span class='ocrx_word' id='word_1_941' title='bbox 1785 2115 1836 2146; x_wconf 93' lang='lat' dir='ltr'>hic</span> <span class='ocrx_word' id='word_1_942' title='bbox 1859 2115 1962 2146; x_wconf 87' lang='lat' dir='ltr'>habeo</span> <span class='ocrx_word' id='word_1_943' title='bbox 1978 2115 2150 2146; x_wconf 86' lang='lat' dir='ltr'>saeculares</span> <span class='ocrx_word' id='word_1_944' title='bbox 2175 2123 2205 2146; x_wconf 93' lang='lat' dir='ltr'>et</span> <span class='ocrx_word' id='word_1_945' title='bbox 2228 2116 2382 2156; x_wconf 90' lang='lat' dir='ltr'>publicas,</span> 
     </span>
     <span class='ocr_line' id='line_1_120' title="bbox 1302 2159 2381 2199; baseline 0.002 -10"><span class='ocrx_word' id='word_1_946' title='bbox 1302 2168 1381 2199; x_wconf 88' lang='lat' dir='ltr'>quas</span> <span class='ocrx_word' id='word_1_947' title='bbox 1405 2159 1504 2190; x_wconf 89' lang='lat' dir='ltr'>adiret</span> <span class='ocrx_word' id='word_1_948' title='bbox 1527 2159 1672 2190; x_wconf 89' lang='lat' dir='ltr'>Thomas</span> <span class='ocrx_word' id='word_1_949' title='bbox 1691 2159 1855 2190; x_wconf 89' lang='lat' dir='ltr'>altioribus</span> <span class='ocrx_word' id='word_1_950' title='bbox 1874 2159 1986 2190; x_wconf 90' lang='lat' dir='ltr'>studiis</span> <span class='ocrx_word' id='word_1_951' title='bbox 2010 2161 2221 2198; x_wconf 85' lang='lat' dir='ltr'>exornandus,</span> <span class='ocrx_word' id='word_1_952' title='bbox 2242 2161 2381 2191; x_wconf 90' lang='lat' dir='ltr'>easdem-</span> 
     </span>
     <span class='ocr_line' id='line_1_121' title="bbox 1300 2204 2380 2244; baseline 0.001 -10"><span class='ocrx_word' id='word_1_953' title='bbox 1300 2213 1364 2243; x_wconf 88' lang='lat' dir='ltr'>que</span> <span class='ocrx_word' id='word_1_954' title='bbox 1394 2213 1412 2233; x_wconf 89' lang='lat' dir='ltr'>a</span> <span class='ocrx_word' id='word_1_955' title='bbox 1443 2204 1547 2244; x_wconf 89' lang='lat' dir='ltr'>prisco</span> <span class='ocrx_word' id='word_1_956' title='bbox 1571 2204 1652 2235; x_wconf 89' lang='lat' dir='ltr'>vitae</span> <span class='ocrx_word' id='word_1_957' title='bbox 1687 2204 1754 2235; x_wconf 90' lang='lat' dir='ltr'>eius</span> <span class='ocrx_word' id='word_1_958' title='bbox 1785 2204 1936 2244; x_wconf 87' lang='lat' dir='ltr'>scriptore</span> <span class='ocrx_word' id='word_1_959' title='bbox 1966 2204 2038 2235; x_wconf 87' lang='lat' dir='ltr'>satis</span> <span class='ocrx_word' id='word_1_960' title='bbox 2068 2204 2234 2235; x_wconf 86' lang='lat' dir='ltr'>indicatas:</span> <span class='ocrx_word' id='word_1_961' title='bbox 2269 2215 2380 2236; x_wconf 90' lang='lat' dir='ltr'>verum</span> 
     </span>
     <span class='ocr_line' id='line_1_122' title="bbox 1300 2247 2379 2289; baseline 0.001 -10"><span class='ocrx_word' id='word_1_962' title='bbox 1300 2247 1396 2278; x_wconf 84' lang='lat' dir='ltr'>etiam</span> <span class='ocrx_word' id='word_1_963' title='bbox 1420 2249 1593 2279; x_wconf 87' lang='lat' dir='ltr'>saeculares</span> <span class='ocrx_word' id='word_1_964' title='bbox 1617 2248 1713 2279; x_wconf 88' lang='lat' dir='ltr'>fuisse</span> <span class='ocrx_word' id='word_1_965' title='bbox 1735 2255 1953 2289; x_wconf 88' lang='lat' dir='ltr'>praeceptores</span> <span class='ocrx_word' id='word_1_966' title='bbox 1978 2248 2055 2285; x_wconf 90' lang='lat' dir='ltr'>eius,</span> <span class='ocrx_word' id='word_1_967' title='bbox 2080 2249 2254 2279; x_wconf 86' lang='lat' dir='ltr'>Martinum</span> <span class='ocrx_word' id='word_1_968' title='bbox 2274 2256 2304 2280; x_wconf 90' lang='lat' dir='ltr'>et</span> <span class='ocrx_word' id='word_1_969' title='bbox 2322 2250 2379 2280; x_wconf 89' lang='lat' dir='ltr'>Pe-</span> 
     </span>
     <span class='ocr_line' id='line_1_123' title="bbox 1299 2292 2376 2334; baseline 0.002 -12"><span class='ocrx_word' id='word_1_970' title='bbox 1299 2298 1385 2323; x_wconf 92' lang='lat' dir='ltr'>trum</span> <span class='ocrx_word' id='word_1_971' title='bbox 1409 2292 1600 2331; x_wconf 89' lang='lat' dir='ltr'>Hibernum,</span> <span class='ocrx_word' id='word_1_972' title='bbox 1625 2303 1691 2323; x_wconf 92' lang='lat' dir='ltr'>non</span> <span class='ocrx_word' id='word_1_973' title='bbox 1715 2293 1775 2324; x_wconf 92' lang='lat' dir='ltr'>levi</span> <span class='ocrx_word' id='word_1_974' title='bbox 1800 2293 1980 2324; x_wconf 89' lang='lat' dir='ltr'>coniectura</span> <span class='ocrx_word' id='word_1_975' title='bbox 2003 2293 2108 2333; x_wconf 86' lang='lat' dir='ltr'>colligi</span> <span class='ocrx_word' id='word_1_976' title='bbox 2133 2303 2170 2324; x_wconf 85' lang='lat' dir='ltr'>ex</span> <span class='ocrx_word' id='word_1_977' title='bbox 2193 2303 2232 2324; x_wconf 93' lang='lat' dir='ltr'>eo</span> <span class='ocrx_word' id='word_1_978' title='bbox 2260 2301 2376 2334; x_wconf 89' lang='lat' dir='ltr'>potest,</span> 
     </span>
     <span class='ocr_line' id='line_1_124' title="bbox 1298 2336 2378 2379; baseline 0.002 -12"><span class='ocrx_word' id='word_1_979' title='bbox 1298 2337 1388 2377; x_wconf 93' lang='lat' dir='ltr'>quod</span> <span class='ocrx_word' id='word_1_980' title='bbox 1411 2336 1483 2367; x_wconf 84' lang='lat' dir='ltr'>illos</span> <span class='ocrx_word' id='word_1_981' title='bbox 1507 2337 1699 2368; x_wconf 89' lang='lat' dir='ltr'>Guillelmus</span> <span class='ocrx_word' id='word_1_982' title='bbox 1723 2338 1762 2368; x_wconf 93' lang='lat' dir='ltr'>de</span> <span class='ocrx_word' id='word_1_983' title='bbox 1786 2338 1896 2368; x_wconf 91' lang='lat' dir='ltr'>Tocco</span> <span class='ocrx_word' id='word_1_984' title='bbox 1920 2337 2013 2368; x_wconf 91' lang='lat' dir='ltr'>titulo</span> <span class='ocrx_word' id='word_1_985' title='bbox 2038 2338 2201 2368; x_wconf 86' lang='lat' dir='ltr'>dumtaxat</span> <span class='ocrx_word' id='word_1_986' title='bbox 2226 2340 2378 2379; x_wconf 84' lang='lat' dir='ltr'>magistri</span> 
     </span>
     <span class='ocr_line' id='line_1_125' title="bbox 1298 2381 2374 2422; baseline 0.002 -11"><span class='ocrx_word' id='word_1_987' title='bbox 1298 2388 1443 2419; x_wconf 86' lang='lat' dir='ltr'>exornet;</span> <span class='ocrx_word' id='word_1_988' title='bbox 1474 2392 1540 2412; x_wconf 93' lang='lat' dir='ltr'>non</span> <span class='ocrx_word' id='word_1_989' title='bbox 1572 2382 1697 2420; x_wconf 86' lang='lat' dir='ltr'>fratres,</span> <span class='ocrx_word' id='word_1_990' title='bbox 1729 2392 1795 2412; x_wconf 91' lang='lat' dir='ltr'>non</span> <span class='ocrx_word' id='word_1_991' title='bbox 1828 2381 2005 2412; x_wconf 89' lang='lat' dir='ltr'>monachos</span> <span class='ocrx_word' id='word_1_992' title='bbox 2035 2382 2182 2422; x_wconf 93' lang='lat' dir='ltr'>appellet.</span> <span class='ocrx_word' id='word_1_993' title='bbox 2214 2382 2374 2414; x_wconf 89' lang='lat' dir='ltr'>Fratribus</span> 
     </span>
     <span class='ocr_line' id='line_1_126' title="bbox 1297 2425 2373 2467; baseline 0.002 -11"><span class='ocrx_word' id='word_1_994' title='bbox 1297 2425 1475 2456; x_wconf 90' lang='lat' dir='ltr'>Minoribus</span> <span class='ocrx_word' id='word_1_995' title='bbox 1495 2437 1530 2457; x_wconf 90' lang='lat' dir='ltr'>ac</span> <span class='ocrx_word' id='word_1_996' title='bbox 1549 2426 1831 2464; x_wconf 88' lang='lat' dir='ltr'>Praedicatoribus,</span> <span class='ocrx_word' id='word_1_997' title='bbox 1847 2426 1902 2467; x_wconf 92' lang='lat' dir='ltr'>qui</span> <span class='ocrx_word' id='word_1_998' title='bbox 1922 2426 1954 2456; x_wconf 88' lang='lat' dir='ltr'>in</span> <span class='ocrx_word' id='word_1_999' title='bbox 1973 2426 2183 2467; x_wconf 89' lang='lat' dir='ltr'>Neapolitana</span> <span class='ocrx_word' id='word_1_1000' title='bbox 2202 2428 2373 2458; x_wconf 87' lang='lat' dir='ltr'>Academia</span> 
     </span>
     <span class='ocr_line' id='line_1_127' title="bbox 1297 2469 2373 2512; baseline 0.002 -12"><span class='ocrx_word' id='word_1_1001' title='bbox 1297 2469 1491 2510; x_wconf 88' lang='lat' dir='ltr'>theologicas</span> <span class='ocrx_word' id='word_1_1002' title='bbox 1516 2470 1696 2512; x_wconf 90' lang='lat' dir='ltr'>disciplinas</span> <span class='ocrx_word' id='word_1_1003' title='bbox 1720 2471 1901 2509; x_wconf 89' lang='lat' dir='ltr'>tradebant,</span> <span class='ocrx_word' id='word_1_1004' title='bbox 1935 2481 1951 2501; x_wconf 92' lang='lat' dir='ltr'>e</span> <span class='ocrx_word' id='word_1_1005' title='bbox 1983 2471 2095 2510; x_wconf 90' lang='lat' dir='ltr'>Regno</span> <span class='ocrx_word' id='word_1_1006' title='bbox 2125 2471 2249 2501; x_wconf 89' lang='lat' dir='ltr'>exulare</span> <span class='ocrx_word' id='word_1_1007' title='bbox 2280 2472 2373 2502; x_wconf 90' lang='lat' dir='ltr'>iussis</span> 
     </span>
     <span class='ocr_line' id='line_1_128' title="bbox 1296 2515 2372 2556; baseline 0.003 -12"><span class='ocrx_word' id='word_1_1008' title='bbox 1296 2524 1381 2544; x_wconf 92' lang='lat' dir='ltr'>anno</span> <span class='ocrx_word' id='word_1_1009' title='bbox 1412 2524 1505 2554; x_wconf 87' lang='lat'>1240,</span> <span class='ocrx_word' id='word_1_1010' title='bbox 1535 2515 1575 2545; x_wconf 89' lang='lat' dir='ltr'>ad</span> <span class='ocrx_word' id='word_1_1011' title='bbox 1598 2515 1765 2556; x_wconf 90' lang='lat' dir='ltr'>publicum</span> <span class='ocrx_word' id='word_1_1012' title='bbox 1795 2515 1875 2546; x_wconf 90' lang='lat' dir='ltr'>illud</span> <span class='ocrx_word' id='word_1_1013' title='bbox 1898 2515 2103 2556; x_wconf 89' lang='lat' dir='ltr'>gymnasium</span> <span class='ocrx_word' id='word_1_1014' title='bbox 2126 2515 2260 2547; x_wconf 88' lang='lat' dir='ltr'>invitant</span> <span class='ocrx_word' id='word_1_1015' title='bbox 2282 2517 2372 2547; x_wconf 85' lang='lat' dir='ltr'>Eras-</span> 
     </span>
     <span class='ocr_line' id='line_1_129' title="bbox 1296 2559 2372 2602; baseline 0.002 -13"><span class='ocrx_word' id='word_1_1016' title='bbox 1296 2569 1388 2589; x_wconf 91' lang='lat' dir='ltr'>mum</span> <span class='ocrx_word' id='word_1_1017' title='bbox 1412 2559 1609 2590; x_wconf 89' lang='lat' dir='ltr'>monachum</span> <span class='ocrx_word' id='word_1_1018' title='bbox 1633 2560 1779 2591; x_wconf 86' lang='lat' dir='ltr'>doctores</span> <span class='ocrx_word' id='word_1_1019' title='bbox 1803 2567 1834 2591; x_wconf 95' lang='lat' dir='ltr'>et</span> <span class='ocrx_word' id='word_1_1020' title='bbox 1857 2560 2014 2590; x_wconf 88' lang='lat' dir='ltr'>scholares</span> <span class='ocrx_word' id='word_1_1021' title='bbox 2043 2560 2151 2591; x_wconf 89' lang='lat' dir='ltr'>litteris</span> <span class='ocrx_word' id='word_1_1022' title='bbox 2177 2561 2266 2598; x_wconf 90' lang='lat' dir='ltr'>datis,</span> <span class='ocrx_word' id='word_1_1023' title='bbox 2291 2571 2372 2602; x_wconf 91' lang='lat' dir='ltr'>quae</span> 
     </span>
     <span class='ocr_line' id='line_1_130' title="bbox 1294 2603 2374 2645; baseline 0.002 -11"><span class='ocrx_word' id='word_1_1024' title='bbox 1294 2603 1505 2634; x_wconf 89' lang='lat' dir='ltr'>monasticam</span> <span class='ocrx_word' id='word_1_1025' title='bbox 1524 2604 1591 2635; x_wconf 90' lang='lat' dir='ltr'>eius</span> <span class='ocrx_word' id='word_1_1026' title='bbox 1615 2604 1848 2645; x_wconf 87' lang='lat' dir='ltr'>professionem</span> <span class='ocrx_word' id='word_1_1027' title='bbox 1868 2604 2063 2645; x_wconf 83' lang='lat' dir='ltr'>exprimunt:</span> <span class='ocrx_word' id='word_1_1028' title='bbox 2087 2605 2323 2636; x_wconf 87' lang='lat' dir='ltr'>Honestissimo</span> <span class='ocrx_word' id='word_1_1029' title='bbox 2343 2611 2374 2636; x_wconf 92' lang='lat' dir='ltr'>et</span> 
     </span>
     <span class='ocr_line' id='line_1_131' title="bbox 1287 2647 2388 2692; baseline 0.002 -13"><span class='ocrx_word' id='word_1_1030' title='bbox 1287 2649 1486 2688; x_wconf 86' lang='lat' dir='ltr'>peritissimo</span> <span class='ocrx_word' id='word_1_1031' title='bbox 1517 2650 1587 2680; x_wconf 77' lang='lat' dir='ltr'>viro</span> <span class='ocrx_word' id='word_1_1032' title='bbox 1618 2647 1817 2691; x_wconf 91' lang='lat' dir='ltr'>(inquientes</span> <span class='ocrx_word' id='word_1_1033' title='bbox 1850 2649 1936 2689; x_wconf 89' lang='lat' dir='ltr'>apud</span> <span class='ocrx_word' id='word_1_1034' title='bbox 1967 2649 2130 2680; x_wconf 86' lang='lat' dir='ltr'>Gattulam</span> <span class='ocrx_word' id='word_1_1035' title='bbox 2158 2649 2231 2680; x_wconf 93' lang='lat' dir='ltr'>loco</span> <span class='ocrx_word' id='word_1_1036' title='bbox 2262 2649 2388 2692; x_wconf 80' lang='lat' dir='ltr'>citato).</span> 
     </span>
     <span class='ocr_line' id='line_1_132' title="bbox 1293 2693 2370 2735; baseline 0.001 -12"><span class='ocrx_word' id='word_1_1037' title='bbox 1293 2694 1451 2734; x_wconf 82' lang='lat' dir='ltr'>magistro</span> <span class='ocrx_word' id='word_1_1038' title='bbox 1473 2693 1655 2732; x_wconf 89' lang='lat' dir='ltr'>Herasmo,</span> <span class='ocrx_word' id='word_1_1039' title='bbox 1681 2694 1836 2725; x_wconf 86' lang='lat' dir='ltr'>monacho</span> <span class='ocrx_word' id='word_1_1040' title='bbox 1867 2694 2054 2732; x_wconf 87' lang='lat' dir='ltr'>Casinensi,</span> <span class='ocrx_word' id='word_1_1041' title='bbox 2085 2694 2265 2735; x_wconf 81' lang='lat' dir='ltr'>theologiae</span> <span class='ocrx_word' id='word_1_1042' title='bbox 2292 2705 2370 2734; x_wconf 90' lang='lat' dir='ltr'>pro-</span> 
     </span>
     <span class='ocr_line' id='line_1_133' title="bbox 1283 2737 2372 2779; baseline 0.001 -11"><span class='ocrx_word' id='word_1_1043' title='bbox 1283 2737 1411 2778; x_wconf 83' lang='lat' dir='ltr'>sessori</span> <span class='ocrx_word' id='word_1_1044' title='bbox 1416 2760 1428 2776; x_wconf 91' lang='lat'>,</span> <span class='ocrx_word' id='word_1_1045' title='bbox 1464 2738 1667 2769; x_wconf 77' lang='lat' dir='ltr'>Universitas</span> <span class='ocrx_word' id='word_1_1046' title='bbox 1689 2739 1855 2770; x_wconf 89' lang='lat' dir='ltr'>doctorum</span> <span class='ocrx_word' id='word_1_1047' title='bbox 1880 2744 1910 2769; x_wconf 91' lang='lat' dir='ltr'>et</span> <span class='ocrx_word' id='word_1_1048' title='bbox 1937 2739 2132 2769; x_wconf 80' lang='lat' dir='ltr'>scholarium</span> <span class='ocrx_word' id='word_1_1049' title='bbox 2163 2739 2372 2779; x_wconf 85' lang='lat' dir='ltr'>Neapolitani</span> 
     </span>
     <span class='ocr_line' id='line_1_134' title="bbox 1291 2782 1634 2814; baseline 0.003 -1"><span class='ocrx_word' id='word_1_1050' title='bbox 1291 2782 1392 2813; x_wconf 89' lang='lat' dir='ltr'>studii</span> <span class='ocrx_word' id='word_1_1051' title='bbox 1413 2783 1551 2813; x_wconf 86' lang='lat' dir='ltr'>salutem</span> <span class='ocrx_word' id='word_1_1052' title='bbox 1575 2790 1634 2814; x_wconf 91' lang='lat' dir='ltr'>etc.</span> 
     </span>
    </p>

    <p class='ocr_par' dir='ltr' id='par_1_13' title="bbox 1290 2827 2371 3125">
     <span class='ocr_line' id='line_1_135' title="bbox 1359 2827 2371 2868; baseline -0.001 -10"><span class='ocrx_word' id='word_1_1053' title='bbox 1359 2829 1403 2858; x_wconf 88' lang='lat' dir='ltr'>At</span> <span class='ocrx_word' id='word_1_1054' title='bbox 1435 2827 1624 2858; x_wconf 90' lang='lat' dir='ltr'>coniecturis</span> <span class='ocrx_word' id='word_1_1055' title='bbox 1657 2838 1723 2858; x_wconf 93' lang='lat' dir='ltr'>non</span> <span class='ocrx_word' id='word_1_1056' title='bbox 1754 2827 1900 2858; x_wconf 92' lang='lat' dir='ltr'>haeream</span> <span class='ocrx_word' id='word_1_1057' title='bbox 1931 2837 2010 2868; x_wconf 88' lang='lat' dir='ltr'>ego,</span> <span class='ocrx_word' id='word_1_1058' title='bbox 2042 2827 2097 2868; x_wconf 92' lang='lat' dir='ltr'>qui</span> <span class='ocrx_word' id='word_1_1059' title='bbox 2122 2827 2307 2867; x_wconf 87' lang='lat' dir='ltr'>magistrum</span> <span class='ocrx_word' id='word_1_1060' title='bbox 2341 2834 2371 2858; x_wconf 90' lang='lat' dir='ltr'>et</span> 
     </span>
     <span class='ocr_line' id='line_1_136' title="bbox 1293 2871 2369 2913; baseline 0 -11"><span class='ocrx_word' id='word_1_1061' title='bbox 1293 2871 1474 2911; x_wconf 91' lang='lat' dir='ltr'>doctorem,</span> <span class='ocrx_word' id='word_1_1062' title='bbox 1505 2882 1572 2913; x_wconf 93' lang='lat' dir='ltr'>quo</span> <span class='ocrx_word' id='word_1_1063' title='bbox 1597 2872 1742 2903; x_wconf 87' lang='lat' dir='ltr'>Thomas</span> <span class='ocrx_word' id='word_1_1064' title='bbox 1765 2872 1798 2902; x_wconf 91' lang='lat' dir='ltr'>in</span> <span class='ocrx_word' id='word_1_1065' title='bbox 1828 2871 2058 2913; x_wconf 89' lang='lat' dir='ltr'>philosophicis</span> <span class='ocrx_word' id='word_1_1066' title='bbox 2082 2871 2252 2912; x_wconf 88' lang='lat' dir='ltr'>disciplinis</span> <span class='ocrx_word' id='word_1_1067' title='bbox 2283 2872 2369 2902; x_wconf 93' lang='lat' dir='ltr'>addi-</span> 
     </span>
     <span class='ocr_line' id='line_1_137' title="bbox 1292 2916 2370 2955; baseline -0.001 -8"><span class='ocrx_word' id='word_1_1068' title='bbox 1292 2916 1415 2947; x_wconf 89' lang='lat' dir='ltr'>scendis</span> <span class='ocrx_word' id='word_1_1069' title='bbox 1446 2917 1603 2955; x_wconf 89' lang='lat' dir='ltr'>utebatur,</span> <span class='ocrx_word' id='word_1_1070' title='bbox 1634 2916 1713 2947; x_wconf 91' lang='lat' dir='ltr'>mihi</span> <span class='ocrx_word' id='word_1_1071' title='bbox 1743 2916 1854 2947; x_wconf 90' lang='lat' dir='ltr'>videor</span> <span class='ocrx_word' id='word_1_1072' title='bbox 1883 2916 2055 2954; x_wconf 87' lang='lat' dir='ltr'>invenisse;</span> <span class='ocrx_word' id='word_1_1073' title='bbox 2079 2926 2146 2946; x_wconf 90' lang='lat' dir='ltr'>non</span> <span class='ocrx_word' id='word_1_1074' title='bbox 2168 2917 2298 2946; x_wconf 86' lang='lat' dir='ltr'>Petrum</span> <span class='ocrx_word' id='word_1_1075' title='bbox 2330 2917 2370 2947; x_wconf 89' lang='lat' dir='ltr'>de</span> 
     </span>
     <span class='ocr_line' id='line_1_138' title="bbox 1291 2960 2369 3001; baseline 0.001 -10"><span class='ocrx_word' id='word_1_1076' title='bbox 1291 2961 1396 2992; x_wconf 90' lang='lat' dir='ltr'>Donis</span> <span class='ocrx_word' id='word_1_1077' title='bbox 1430 2960 1647 2992; x_wconf 86' lang='lat' dir='ltr'>Ultoniensem</span> <span class='ocrx_word' id='word_1_1078' title='bbox 1671 2961 1867 2992; x_wconf 91' lang='lat' dir='ltr'>Benedictini</span> <span class='ocrx_word' id='word_1_1079' title='bbox 1898 2961 2034 2992; x_wconf 92' lang='lat' dir='ltr'>Instituti</span> <span class='ocrx_word' id='word_1_1080' title='bbox 2058 2960 2282 3001; x_wconf 89' lang='lat' dir='ltr'>professorem,</span> <span class='ocrx_word' id='word_1_1081' title='bbox 2314 2968 2369 2992; x_wconf 90' lang='lat' dir='ltr'>aut</span> 
     </span>
     <span class='ocr_line' id='line_1_139' title="bbox 1291 3005 2367 3046; baseline -0.001 -10"><span class='ocrx_word' id='word_1_1082' title='bbox 1291 3005 1391 3036; x_wconf 87' lang='lat' dir='ltr'>alium</span> <span class='ocrx_word' id='word_1_1083' title='bbox 1421 3005 1567 3046; x_wconf 89' lang='lat' dir='ltr'>quemvis</span> <span class='ocrx_word' id='word_1_1084' title='bbox 1591 3006 1798 3044; x_wconf 89' lang='lat' dir='ltr'>monachum,</span> <span class='ocrx_word' id='word_1_1085' title='bbox 1823 3005 2056 3036; x_wconf 91' lang='lat' dir='ltr'>monachorum</span> <span class='ocrx_word' id='word_1_1086' title='bbox 2079 3005 2217 3045; x_wconf 90' lang='lat' dir='ltr'>privatae</span> <span class='ocrx_word' id='word_1_1087' title='bbox 2242 3005 2367 3036; x_wconf 91' lang='lat' dir='ltr'>scholae</span> 
     </span>
     <span class='ocr_line' id='line_1_140' title="bbox 1290 3049 2367 3090; baseline 0 -10"><span class='ocrx_word' id='word_1_1088' title='bbox 1290 3050 1483 3090; x_wconf 89' lang='lat' dir='ltr'>praesidem;</span> <span class='ocrx_word' id='word_1_1089' title='bbox 1515 3050 1570 3080; x_wconf 91' lang='lat' dir='ltr'>sed</span> <span class='ocrx_word' id='word_1_1090' title='bbox 1598 3051 1729 3081; x_wconf 90' lang='lat' dir='ltr'>Petrum</span> <span class='ocrx_word' id='word_1_1091' title='bbox 1761 3050 1801 3080; x_wconf 90' lang='lat' dir='ltr'>de</span> <span class='ocrx_word' id='word_1_1092' title='bbox 1822 3050 1995 3087; x_wconf 89' lang='lat' dir='ltr'>Hibernia,</span> <span class='ocrx_word' id='word_1_1093' title='bbox 2026 3049 2059 3079; x_wconf 91' lang='lat' dir='ltr'>in</span> <span class='ocrx_word' id='word_1_1094' title='bbox 2083 3049 2217 3089; x_wconf 91' lang='lat' dir='ltr'>publicis</span> <span class='ocrx_word' id='word_1_1095' title='bbox 2247 3049 2308 3080; x_wconf 89' lang='lat' dir='ltr'>illis</span> <span class='ocrx_word' id='word_1_1096' title='bbox 2337 3056 2367 3080; x_wconf 93' lang='lat' dir='ltr'>et</span> 
     </span>
     <span class='ocr_line' id='line_1_141' title="bbox 1290 3093 2367 3125; baseline -0.001 0"><span class='ocrx_word' id='word_1_1097' title='bbox 1290 3094 1501 3125; x_wconf 85' lang='lat' dir='ltr'>saecularibus</span> <span class='ocrx_word' id='word_1_1098' title='bbox 1520 3105 1538 3125; x_wconf 91' lang='lat' dir='ltr'>a</span> <span class='ocrx_word' id='word_1_1099' title='bbox 1552 3094 1711 3125; x_wconf 90' lang='lat' dir='ltr'>Friderico</span> <span class='ocrx_word' id='word_1_1100' title='bbox 1731 3094 1871 3125; x_wconf 91' lang='lat' dir='ltr'>secundo</span> <span class='ocrx_word' id='word_1_1101' title='bbox 1891 3094 2006 3124; x_wconf 92' lang='lat' dir='ltr'>scholis</span> <span class='ocrx_word' id='word_1_1102' title='bbox 2030 3093 2180 3124; x_wconf 90' lang='lat' dir='ltr'>institutis</span> <span class='ocrx_word' id='word_1_1103' title='bbox 2202 3094 2367 3125; x_wconf 90' lang='lat' dir='ltr'>doctorem</span> 
     </span>
    </p>
   </div>
   <div class='ocr_carea' id='block_1_8' title="bbox 1268 3135 2367 3179">
    <p class='ocr_par' dir='ltr' id='par_1_14' title="bbox 1268 3135 2367 3179">
     <span class='ocr_line' id='line_1_142' title="bbox 1268 3135 2367 3179; baseline -0.001 -10"><span class='ocrx_word' id='word_1_1104' title='bbox 1268 3135 1453 3170; x_wconf 58' lang='lat' dir='ltr'>&#39;eximium.</span> <span class='ocrx_word' id='word_1_1105' title='bbox 1489 3139 1517 3169; x_wconf 92' lang='lat' dir='ltr'>Is</span> <span class='ocrx_word' id='word_1_1106' title='bbox 1547 3138 1599 3169; x_wconf 86' lang='lat' dir='ltr'>ille</span> <span class='ocrx_word' id='word_1_1107' title='bbox 1622 3140 1738 3169; x_wconf 89' lang='lat' dir='ltr'>Petrus</span> <span class='ocrx_word' id='word_1_1108' title='bbox 1761 3139 1801 3169; x_wconf 88' lang='lat' dir='ltr'>de</span> <span class='ocrx_word' id='word_1_1109' title='bbox 1829 3139 1990 3169; x_wconf 89' lang='lat' dir='ltr'>Hibernia</span> <span class='ocrx_word' id='word_1_1110' title='bbox 2015 3143 2071 3176; x_wconf 91' lang='lat' dir='ltr'>est,</span> <span class='ocrx_word' id='word_1_1111' title='bbox 2097 3139 2136 3168; x_wconf 91' lang='lat' dir='ltr'>ad</span> <span class='ocrx_word' id='word_1_1112' title='bbox 2160 3149 2258 3179; x_wconf 89' lang='lat' dir='ltr'>quem</span> <span class='ocrx_word' id='word_1_1113' title='bbox 2287 3138 2367 3169; x_wconf 91' lang='lat' dir='ltr'>inter</span> 
     </span>
    </p>
   </div>
   <div class='ocr_carea' id='block_1_9' title="bbox 1286 3182 2367 3665">
    <p class='ocr_par' dir='ltr' id='par_1_15' title="bbox 1286 3182 2367 3665">
     <span class='ocr_line' id='line_1_143' title="bbox 1291 3182 2366 3223; baseline 0 -10"><span class='ocrx_word' id='word_1_1114' title='bbox 1291 3183 1441 3223; x_wconf 91' lang='lat' dir='ltr'>epistolas</span> <span class='ocrx_word' id='word_1_1115' title='bbox 1471 3183 1554 3214; x_wconf 90' lang='lat' dir='ltr'>Petri</span> <span class='ocrx_word' id='word_1_1116' title='bbox 1578 3183 1617 3214; x_wconf 91' lang='lat' dir='ltr'>de</span> <span class='ocrx_word' id='word_1_1117' title='bbox 1641 3183 1750 3214; x_wconf 91' lang='lat' dir='ltr'>Vineis</span> <span class='ocrx_word' id='word_1_1118' title='bbox 1777 3183 1859 3213; x_wconf 89' lang='lat' dir='ltr'>libro</span> <span class='ocrx_word' id='word_1_1119' title='bbox 1890 3183 1981 3213; x_wconf 90' lang='lat' dir='ltr'>tertio</span> <span class='ocrx_word' id='word_1_1120' title='bbox 2004 3182 2152 3223; x_wconf 89' lang='lat' dir='ltr'>inscripta</span> <span class='ocrx_word' id='word_1_1121' title='bbox 2175 3183 2289 3223; x_wconf 89' lang='lat' dir='ltr'>legitur</span> <span class='ocrx_word' id='word_1_1122' title='bbox 2315 3183 2366 3213; x_wconf 93' lang='lat' dir='ltr'>de—</span> 
     </span>
     <span class='ocr_line' id='line_1_144' title="bbox 1291 3224 2366 3268; baseline 0 -11"><span class='ocrx_word' id='word_1_1123' title='bbox 1291 3224 1383 3266; x_wconf 88' lang='lat' dir='ltr'>cima,</span> <span class='ocrx_word' id='word_1_1124' title='bbox 1414 3228 1579 3268; x_wconf 85' lang='lat' dir='ltr'>Magistro</span> <span class='ocrx_word' id='word_1_1125' title='bbox 1607 3228 1703 3258; x_wconf 88' lang='lat' dir='ltr'>Petro</span> <span class='ocrx_word' id='word_1_1126' title='bbox 1733 3228 1774 3258; x_wconf 88' lang='lat' dir='ltr'>de</span> <span class='ocrx_word' id='word_1_1127' title='bbox 1801 3227 1973 3258; x_wconf 85' lang='lat' dir='ltr'>Hibernia.</span> <span class='ocrx_word' id='word_1_1128' title='bbox 2004 3227 2205 3267; x_wconf 90' lang='lat' dir='ltr'>Imperatoris</span> <span class='ocrx_word' id='word_1_1129' title='bbox 2235 3227 2366 3257; x_wconf 89' lang='lat' dir='ltr'>nomine</span> 
     </span>
     <span class='ocr_line' id='line_1_145' title="bbox 1291 3271 2367 3312; baseline 0 -10"><span class='ocrx_word' id='word_1_1130' title='bbox 1291 3272 1363 3302; x_wconf 86' lang='lat' dir='ltr'>data</span> <span class='ocrx_word' id='word_1_1131' title='bbox 1393 3278 1458 3310; x_wconf 93' lang='lat' dir='ltr'>est,</span> <span class='ocrx_word' id='word_1_1132' title='bbox 1490 3282 1554 3312; x_wconf 91' lang='lat' dir='ltr'>qua</span> <span class='ocrx_word' id='word_1_1133' title='bbox 1584 3278 1722 3310; x_wconf 88' lang='lat' dir='ltr'>constat,</span> <span class='ocrx_word' id='word_1_1134' title='bbox 1755 3271 1849 3302; x_wconf 91' lang='lat' dir='ltr'>illum</span> <span class='ocrx_word' id='word_1_1135' title='bbox 1881 3272 1920 3302; x_wconf 88' lang='lat' dir='ltr'>ad</span> <span class='ocrx_word' id='word_1_1136' title='bbox 1953 3271 2095 3302; x_wconf 86' lang='lat' dir='ltr'>studium</span> <span class='ocrx_word' id='word_1_1137' title='bbox 2118 3272 2367 3312; x_wconf 88' lang='lat' dir='ltr'>Neapolitanum</span> 
     </span>
     <span class='ocr_line' id='line_1_146' title="bbox 1290 3316 2365 3356; baseline -0.001 -10"><span class='ocrx_word' id='word_1_1138' title='bbox 1290 3316 1466 3356; x_wconf 88' lang='lat' dir='ltr'>regendum</span> <span class='ocrx_word' id='word_1_1139' title='bbox 1495 3316 1686 3347; x_wconf 89' lang='lat' dir='ltr'>advocatum</span> <span class='ocrx_word' id='word_1_1140' title='bbox 1716 3316 1830 3354; x_wconf 92' lang='lat' dir='ltr'>fuisse,</span> <span class='ocrx_word' id='word_1_1141' title='bbox 1862 3326 1897 3346; x_wconf 89' lang='lat' dir='ltr'>ac</span> <span class='ocrx_word' id='word_1_1142' title='bbox 1926 3316 2069 3356; x_wconf 90' lang='lat' dir='ltr'>plurium</span> <span class='ocrx_word' id='word_1_1143' title='bbox 2101 3316 2168 3346; x_wconf 89' lang='lat' dir='ltr'>auri</span> <span class='ocrx_word' id='word_1_1144' title='bbox 2199 3316 2365 3346; x_wconf 90' lang='lat' dir='ltr'>unciarum</span> 
     </span>
     <span class='ocr_line' id='line_1_147' title="bbox 1290 3359 2365 3400; baseline -0.001 -10"><span class='ocrx_word' id='word_1_1145' title='bbox 1290 3360 1434 3390; x_wconf 92' lang='lat' dir='ltr'>mercede</span> <span class='ocrx_word' id='word_1_1146' title='bbox 1466 3366 1558 3400; x_wconf 90' lang='lat' dir='ltr'>pacta</span> <span class='ocrx_word' id='word_1_1147' title='bbox 1587 3370 1646 3400; x_wconf 90' lang='lat' dir='ltr'>pro</span> <span class='ocrx_word' id='word_1_1148' title='bbox 1677 3370 1804 3391; x_wconf 91' lang='lat' dir='ltr'>summa</span> <span class='ocrx_word' id='word_1_1149' title='bbox 1835 3360 1976 3390; x_wconf 90' lang='lat' dir='ltr'>eiusdem</span> <span class='ocrx_word' id='word_1_1150' title='bbox 2007 3360 2207 3400; x_wconf 90' lang='lat' dir='ltr'>Imperatoris</span> <span class='ocrx_word' id='word_1_1151' title='bbox 2237 3359 2365 3390; x_wconf 92' lang='lat' dir='ltr'>munifi-</span> 
     </span>
     <span class='ocr_line' id='line_1_148' title="bbox 1290 3404 2360 3445; baseline 0 -11"><span class='ocrx_word' id='word_1_1152' title='bbox 1290 3404 1392 3434; x_wconf 89' lang='lat' dir='ltr'>centia</span> <span class='ocrx_word' id='word_1_1153' title='bbox 1422 3404 1627 3435; x_wconf 88' lang='lat' dir='ltr'>conductum.</span> <span class='ocrx_word' id='word_1_1154' title='bbox 1659 3404 1821 3444; x_wconf 90' lang='lat' dir='ltr'>Epistolae</span> <span class='ocrx_word' id='word_1_1155' title='bbox 1844 3405 1938 3434; x_wconf 89' lang='lat' dir='ltr'>verba</span> <span class='ocrx_word' id='word_1_1156' title='bbox 1962 3404 2038 3434; x_wconf 90' lang='lat' dir='ltr'>haec</span> <span class='ocrx_word' id='word_1_1157' title='bbox 2062 3411 2150 3434; x_wconf 84' lang='lat' dir='ltr'>sunt:</span> <span class='ocrx_word' id='word_1_1158' title='bbox 2181 3404 2224 3434; x_wconf 88' lang='lat' dir='ltr'>Te</span> <span class='ocrx_word' id='word_1_1159' title='bbox 2247 3405 2360 3445; x_wconf 84' lang='lat' dir='ltr'>igitur,</span> 
     </span>
     <span class='ocr_line' id='line_1_149' title="bbox 1289 3448 2362 3489; baseline 0 -11"><span class='ocrx_word' id='word_1_1160' title='bbox 1289 3458 1381 3488; x_wconf 88' lang='lat' dir='ltr'>quem</span> <span class='ocrx_word' id='word_1_1161' title='bbox 1396 3449 1550 3488; x_wconf 81' lang='lat' dir='ltr'>antiquae</span> <span class='ocrx_word' id='word_1_1162' title='bbox 1559 3448 1646 3489; x_wconf 87' lang='lat' dir='ltr'>fidei</span> <span class='ocrx_word' id='word_1_1163' title='bbox 1659 3449 1865 3488; x_wconf 81' lang='lat' dir='ltr'>praescripta</span> <span class='ocrx_word' id='word_1_1164' title='bbox 1886 3449 2056 3478; x_wconf 87' lang='lat' dir='ltr'>sinceritas</span> <span class='ocrx_word' id='word_1_1165' title='bbox 2078 3453 2108 3478; x_wconf 92' lang='lat' dir='ltr'>et</span> <span class='ocrx_word' id='word_1_1166' title='bbox 2123 3449 2284 3488; x_wconf 82' lang='lat' dir='ltr'>praestita</span> <span class='ocrx_word' id='word_1_1167' title='bbox 2303 3448 2362 3479; x_wconf 89' lang='lat' dir='ltr'>du-</span> 
     </span>
     <span class='ocr_line' id='line_1_150' title="bbox 1288 3491 2363 3533; baseline 0 -10"><span class='ocrx_word' id='word_1_1168' title='bbox 1288 3492 1365 3523; x_wconf 88' lang='lat' dir='ltr'>dum</span> <span class='ocrx_word' id='word_1_1169' title='bbox 1380 3491 1494 3532; x_wconf 88' lang='lat' dir='ltr'>felicis</span> <span class='ocrx_word' id='word_1_1170' title='bbox 1517 3492 1750 3522; x_wconf 89' lang='lat' dir='ltr'>recordationis</span> <span class='ocrx_word' id='word_1_1171' title='bbox 1772 3492 1900 3522; x_wconf 88' lang='lat' dir='ltr'>domino</span> <span class='ocrx_word' id='word_1_1172' title='bbox 1919 3492 2011 3522; x_wconf 89' lang='lat' dir='ltr'>Patri</span> <span class='ocrx_word' id='word_1_1173' title='bbox 2035 3497 2144 3523; x_wconf 89' lang='lat' dir='ltr'>nostro</span> <span class='ocrx_word' id='word_1_1174' title='bbox 2175 3497 2275 3533; x_wconf 84' lang='lat' dir='ltr'>grata</span> <span class='ocrx_word' id='word_1_1175' title='bbox 2295 3502 2363 3523; x_wconf 89' lang='lat' dir='ltr'>ser-</span> 
     </span>
     <span class='ocr_line' id='line_1_151' title="bbox 1289 3535 2362 3577; baseline 0.002 -11"><span class='ocrx_word' id='word_1_1176' title='bbox 1289 3537 1366 3567; x_wconf 81' lang='lat' dir='ltr'>vitia</span> <span class='ocrx_word' id='word_1_1177' title='bbox 1382 3535 1471 3566; x_wconf 89' lang='lat' dir='ltr'>nobis</span> <span class='ocrx_word' id='word_1_1178' title='bbox 1486 3535 1662 3576; x_wconf 72' lang='lat' dir='ltr'>efficaciter</span> <span class='ocrx_word' id='word_1_1179' title='bbox 1675 3536 1948 3573; x_wconf 88' lang='lat' dir='ltr'>recommendant;</span> <span class='ocrx_word' id='word_1_1180' title='bbox 1961 3536 2001 3566; x_wconf 94' lang='lat' dir='ltr'>de</span> <span class='ocrx_word' id='word_1_1181' title='bbox 2015 3537 2107 3566; x_wconf 86' lang='lat' dir='ltr'>cuius</span> <span class='ocrx_word' id='word_1_1182' title='bbox 2122 3537 2217 3567; x_wconf 86' lang='lat' dir='ltr'>etiam</span> <span class='ocrx_word' id='word_1_1183' title='bbox 2228 3542 2362 3577; x_wconf 84' lang='lat' dir='ltr'>experta</span> 
     </span>
     <span class='ocr_line' id='line_1_152' title="bbox 1287 3579 2361 3621; baseline 0.002 -11"><span class='ocrx_word' id='word_1_1184' title='bbox 1287 3581 1439 3617; x_wconf 88' lang='lat' dir='ltr'>scientia,</span> <span class='ocrx_word' id='word_1_1185' title='bbox 1465 3579 1628 3620; x_wconf 85' lang='lat' dir='ltr'>probitate</span> <span class='ocrx_word' id='word_1_1186' title='bbox 1658 3581 1788 3621; x_wconf 83' lang='lat' dir='ltr'>cognita</span> <span class='ocrx_word' id='word_1_1187' title='bbox 1819 3585 1850 3611; x_wconf 90' lang='lat' dir='ltr'>et</span> <span class='ocrx_word' id='word_1_1188' title='bbox 1872 3580 2018 3611; x_wconf 89' lang='lat' dir='ltr'>doctrina</span> <span class='ocrx_word' id='word_1_1189' title='bbox 2035 3581 2193 3620; x_wconf 79' lang='lat' dir='ltr'>probata,</span> <span class='ocrx_word' id='word_1_1190' title='bbox 2225 3582 2258 3612; x_wconf 89' lang='lat' dir='ltr'>in</span> <span class='ocrx_word' id='word_1_1191' title='bbox 2287 3591 2361 3612; x_wconf 90' lang='lat' dir='ltr'>con-</span> 
     </span>
     <span class='ocr_line' id='line_1_153' title="bbox 1286 3624 2363 3665; baseline 0.002 -10"><span class='ocrx_word' id='word_1_1192' title='bbox 1286 3629 1395 3665; x_wconf 87' lang='lat' dir='ltr'>spectu</span> <span class='ocrx_word' id='word_1_1193' title='bbox 1415 3629 1525 3655; x_wconf 88' lang='lat' dir='ltr'>nostro</span> <span class='ocrx_word' id='word_1_1194' title='bbox 1544 3625 1608 3655; x_wconf 89' lang='lat' dir='ltr'>iam</span> <span class='ocrx_word' id='word_1_1195' title='bbox 1617 3624 1746 3665; x_wconf 80' lang='lat' dir='ltr'>pluries</span> <span class='ocrx_word' id='word_1_1196' title='bbox 1764 3624 1938 3655; x_wconf 89' lang='lat' dir='ltr'>multorum</span> <span class='ocrx_word' id='word_1_1197' title='bbox 1954 3625 2134 3656; x_wconf 91' lang='lat' dir='ltr'>testimonia</span> <span class='ocrx_word' id='word_1_1198' title='bbox 2154 3626 2363 3665; x_wconf 89' lang='lat' dir='ltr'>claruerunt;</span> 
     </span>
    </p>
   </div>
   <div class='ocr_carea' id='block_1_10' title="bbox 2201 3702 2217 3727">
    <p class='ocr_par' dir='ltr' id='par_1_16' title="bbox 2201 3702 2217 3727">
     <span class='ocr_line' id='line_1_154' title="bbox 2201 3702 2217 3727; baseline 0 0"><span class='ocrx_word' id='word_1_1199' title='bbox 2201 3702 2217 3727; x_wconf 87' lang='lat'><strong>9</strong></span> 
     </span>
    </p>
   </div>
  </div>
 </body>
</html>
