2548 4192
887 278 942 314 IN
972 279 1010 315 S.
1033 279 1275 316 THOMAM
1303 279 1628 326 AQUINATEM

156 374 172 388 »
194 359 320 397 meruit,
344 358 399 388 ubi
423 358 478 388 diu
502 358 535 387 in
558 367 674 397 magna
697 357 846 387 omnium
870 357 1023 397 opinione
1048 364 1078 388 et
1104 366 1228 398 reputa-

156 417 171 432 »
193 404 280 435 110110
303 402 389 433 rexit.
414 402 466 432 Ad
489 401 581 432 cuius
612 401 735 432 scholas
768 412 873 432 sacrae
904 401 1083 442 theologiae
1115 413 1227 433 omnes

155 461 170 477 »
193 447 416 484 confluebant,
441 446 577 476 maxime
601 446 731 487 quando
755 446 959 486 contingebat
987 456 1062 476 eum
1086 447 1226 488 aliquam

154 506 169 521 ›
191 493 358 534 disputaret
370 491 420 521 vel
435 490 643 521 determinare
657 490 888 531 quaestionem.
918 490 980 521 Sed
995 501 1070 521 cum
1084 491 1226 532 aliquan-

154 551 168 567 »
191 538 247 568 diu
266 535 391 567 Parisiis
413 535 550 573 rexisset,
565 534 656 565 rediit
670 534 703 564 in
724 535 944 565 Theutoniam
962 542 1057 575 atque
1082 536 1120 565 de
1137 546 1226 566 man-

153 595 168 610 »
191 582 265 612 dato
285 580 418 611 fratrum
437 589 571 610 suorum
597 579 748 609 lectiones
774 589 841 609 non
860 579 1043 610 intermisit:
1064 580 1119 610 sed
1142 580 1226 620 ipsas

153 639 168 654 κ»
191 625 392 662 continuans,
416 623 537 654 multos
568 623 742 663 discipulos
766 630 832 654 tam
854 624 1026 654 saeculares
1058 634 1156 665 quam
1180 635 1226 656 re-

153 683 168 698 »
190 670 321 711 ligiosos
345 668 466 706 habuit,
490 668 546 709 qui
571 668 610 698 ad
634 668 742 708 ipsum
765 668 962 699 audiendum
984 668 1126 709 undique
1150 679 1226 700 con-

153 728 168 743 »
189 715 341 745 volabant
354 720 484 754 propter
498 712 691 743 eminentem
707 719 737 743 et
751 712 947 753 profundam
963 713 1102 753 magistri
1127 713 1225 744 scien-

153 772 168 787 »
190 759 278 790 tiam.
291 758 373 788 Inter
387 768 470 798 quos
485 757 544 788 fuit
559 757 634 787 Flos
650 757 819 787 doctorum
834 767 858 788 3.
869 757 1014 787 Thomas
1029 758 1067 788 de
1081 758 1224 799 Aquino,

154 817 168 832 »
191 803 314 834 iuvenis
341 809 418 833 tunc
446 801 663 832 nobilissimus
693 802 731 832 de
761 801 856 841 stirpe
884 801 1052 832 Comitum
1080 803 1225 843 Aquino—

153 861 168 876 »
191 858 275 886 rum,
300 847 338 878 de
361 857 429 887 quo
453 846 578 887 plenius
602 856 662 876 suo
691 846 764 876 loco
789 846 941 877 dicemus.
967 846 1117 888 Cumque
1141 847 1226 878 fama

153 905 168 920 ι
190 892 286 923 huius
310 891 459 932 praeclari
479 890 627 922 Doctoris
651 890 770 931 ubique
790 890 933 929 clareret,
955 891 1055 921 factus
1080 898 1127 921 est
1150 892 1225 932 Epi-

153 950 169 965 »
191 947 308 977 scopus
323 936 373 966 vel
392 935 660 976 Archiepiscopus
675 935 925 975 Ratisponensis.
948 935 1035 966 Cum
1050 942 1157 966 autem
1171 936 1226 966 ali-

153 994 168 1010 »
191 981 334 1023 quandiu
359 990 434 1011 cum
458 980 548 1010 omni
571 979 772 1010 solicitudine
796 980 989 1019 praedictam
1017 980 1144 1010 rexisset
1176 990 1225 1011 ec-

151 1039 167 1054 »
190 1026 328 1064 01031010,
345 1025 546 1056 considerans
570 1034 653 1054 onus
677 1030 708 1054 et
731 1023 909 1063 periculum
932 1024 1096 1064 pastoralis
1116 1023 1224 1062 officii,

152 1083 168 1098 »
190 1077 321 1111 propter
350 1070 440 1111 quod
470 1068 648 1109 plurimum
678 1068 717 1098 ab
741 1067 794 1097 illa
825 1078 882 1098 sua
913 1068 1164 1099 consideratione
1195 1076 1226 1099 et

152 1129 167 1143 »
190 1113 461 1155 contemplatione
476 1113 600 1142 divinae
614 1111 762 1142 scientiae
781 1118 812 1142 et
826 1111 921 1142 studii
941 1112 1170 1150 retrahebatur;
1189 1113 1225 1142 li-

152 1173 167 1188 »
190 1165 239 1190 cet
262 1168 337 1189 cum
361 1157 544 1187 difficultate
569 1162 599 1186 et
622 1155 724 1186 multa
747 1156 914 1193 instantia,
934 1157 973 1186 de
996 1156 1160 1187 voluntate
1181 1163 1225 1187 ta-

151 1217 167 1232 »
189 1213 264 1234 men
291 1201 417 1233 Summi
441 1200 621 1237 Pontificis,
646 1199 819 1240 pontificali
851 1199 1000 1250 dignitate
1031 1201 1161 1238 cedens,
1186 1201 1226 1231 ad

151 1261 167 1276 »
189 1247 363 1278 claustrum
382 1245 531 1276 fratrum·
526 1245 583 1275 ·sui
603 1223 732 1276 Ordinis
759 1244 924 1275 remeavit:
953 1244 1008 1274 ubi
1027 1244 1127 1285 longo
1146 1252 1226 1275 tem-

151 1305 167 1320 »
189 1301 284 1333 pore,
309 1290 446 1322 orationi
470 1296 501 1320 et
524 1289 630 1320 studio
653 1299 789 1326 vacans,
819 1288 972 1319 scribebat
994 1289 1091 1319 libros
1115 1296 1146 1320 et
1169 1290 1226 1320 do-

151 1349 167 1365 »
190 1336 280 1368 cebat
297 1335 474 1369 indoctos:
482 1326 613 1374 Scripsit
636 1340 743 1364 autem
767 1343 863 1374 super
888 1339 991 1363 totam
1008 1333 1147 1373 logicam
1171 1344 1227 1375 per

151 1394 167 1410 ι
188 1374 327 1412 modum
350 1378 535 1411 commenti.
564 1378 643 1409 Item
669 1387 765 1418 super
787 1384 890 1408 totam
909 1377 1148 1418 philosophiam
1171 1389 1225 1409 na-

150 1438 167 1454 »
188 1425 324 1457 turalem
339 1430 370 1455 et
383 1423 550 1461 moralem,
565 1429 596 1453 et
611 1421 838 1453 commentavit
855 1422 1129 1462 excellentissime,
1145 1424 1225 1454 adeo

151 1482 166 1499 »
189 1476 226 1501 ut
248 1474 482 1500 commentator
499 1467 616 1498 latinus
640 1467 679 1498 ab
706 1466 858 1497 omnibus
882 1467 1067 1507 appelletur.
1086 1468 1226 1499 Vocatur

150 1527 166 1543 s
187 1511 297 1546 autem
320 1518 555 1544 commentator
579 1511 696 1542 latinus
723 1511 763 1541 ad
787 1510 994 1542 differentiam
1017 1512 1184 1563 Averroisn
1196 1519 1227 1543 et

149 1571 166 1588 ι
187 1558 284 1590 etiam
306 1558 382 1599 quia
404 1557 438 1588 10
465 1556 655 1588 commentis
681 1556 746 1587 suis
765 1555 909 1597 loquitur
932 1556 1045 1587 clarius
1069 1563 1100 1587 et
1122 1556 1226 1587 verius

150 1617 166 1632 ι
188 1602 367 1634 secundum
397 1601 575 1632 Aristotelis
605 1600 827 1632 intentionem.
852 1600 982 1641 Scripsit
1012 1601 1107 1632 etiam
1138 1611 1226 1632 com—

150 1660 166 1677 »
187 1647 362 1679 mentando
382 1656 478 1687 super
495 1646 613 1676 librum
632 1645 671 1676 de
694 1644 895 1682 animalibus,
918 1655 1001 1686 opus
1020 1641 1227 1677 utilissimum

150 1705 166 1721 »
189 1698 221 1724 et
235 1691 449 1723 necessarium
468 1690 620 1721 omnibus
638 1690 787 1731 physicis.
807 1690 886 1720 Item
901 1690 1024 1730 scripsit
1040 1700 1136 1730 super
1149 1700 1227 1732 qua-

150 1750 166 1766 »
188 1743 264 1768 tuor
276 1736 374 1767 libros
394 1735 633 1766 sententiarum.
654 1735 733 1765 Item
752 1734 922 1765 Summam
941 1734 1130 1774 theologiae.
1147 1735 1226 1766 Item

150 1794 167 1810 »
188 1781 307 1812 librum
326 1781 365 1811 de
384 1779 604 1811 sacramentis.
628 1779 707 1810 Item
722 1779 760 1810 de
775 1778 991 1809 mineralibus.
1006 1779 1055 1810 De
1074 1779 1226 1820 mysterio

151 1838 166 1854 2
187 1825 312 1857 Missae.
340 1825 420 1856 Item
434 1825 473 1855 de
488 1831 571 1855 statu
586 1823 711 1854 animae
730 1823 769 1854 de
788 1832 922 1863 corpore
937 1829 1108 1864 separatae,
1127 1833 1226 1864 quem

150 1882 166 1899 ι
186 1869 306 1901 librum
329 1875 518 1910 praeventus
541 1874 644 1899 morte
668 1878 735 1899 non
759 1867 942 1909 complevit.
961 1880 975 1895 »

215 1915 268 1945 An
290 1913 324 1944 in
347 1913 408 1944 illis
427 1913 523 1953 elogii
546 1912 660 1951 verbis,
684 1913 805 1943 Factus
828 1918 876 1944 est
894 1913 1073 1953 Episcopus
1096 1913 1147 1943 vel
1164 1914 1225 1943 Ar-

147 1959 366 2000 chiepiscopus
383 1958 638 1998 Ratisponensi&
659 1957 780 1988 additio
799 1957 882 1988 tituli
900 1957 1141 1998 Archiepiscopi
1158 1967 1225 1988 ma-

147 2013 230 2035 num
251 2003 369 2034 indicet
386 1999 675 2043 interpolatricem?
700 2004 752 2032 An
772 2002 883 2033 eadem
898 2001 1028 2032 titulum
1047 2001 1186 2033 Sancti'
1178 2013 1224 2033 111-

145 2047 275 2086 vexerit,
294 2057 361 2089 quo
380 2047 526 2078 Thomas
549 2044 738 2087 insignitur?
756 2046 888 2088 Alioqui
907 2056 982 2077 vero
1007 2053 1135 2097 tempus
1159 2057 1225 2077 me-

146 2099 289 2124 moratae
311 2091 432 2123 Alberti
460 2091 590 2131 mortis,
614 2101 697 2133 quae
720 2101 806 2122 anno
836 2091 918 2122 1280
945 2090 1088 2131 contigit,
1113 2091 1224 2122 Ioanni

146 2137 187 2168 de
210 2136 375 2168 Columna
393 2136 562 2167 convenire
588 2142 703 2177 potest.
723 2136 835 2166 Narrat
859 2142 971 2166 auctor
993 2135 1063 2166 libri
1087 2136 1128 2166 de
1152 2136 1224 2167 vitis

145 2181 304 2219 Fratrum,
324 2181 433 2222 ipsum
456 2181 611 2212 Ioannem
629 2181 764 2211 missum
787 2180 924 2211 Parisios
948 2180 1044 2211 fuisse
1067 2190 1086 2210 a
1109 2187 1223 2221 patruo

146 2235 208 2257 suo
231 2225 411 2264 Cardinali,
435 2225 551 2266 pariter
581 2226 699 2256 Ioanne
730 2225 769 2255 de
793 2224 956 2256 Columna
981 2225 1158 2265 appellato:
1184 2226 1224 2256 ad

146 2270 321 2312 ipsumque
343 2270 377 2300 in
400 2270 557 2302 Ordinem
579 2269 838 2300 Praedicatorum
866 2280 884 2300 a
907 2270 938 2300 b.
959 2270 1096 2300 Iordano
1124 2270 1223 2310 Magi·

146 2320 213 2346 stro
232 2314 379 2346 Generali
402 2321 591 2355 cooptatum
615 2314 702 2345 datas
725 2324 746 2345 a
775 2314 937 2355 Gregorio
958 2314 1015 2345 IX
1035 2314 1079 2345 ad
1101 2315 1223 2345 instan-

145 2359 225 2391 tiam
245 2358 389 2390 eiusdem
404 2358 580 2390 Cardinalis
599 2359 726 2390 litteras
741 2359 996 2400 praeceptorias.
1014 2360 1112 2389 Anno
1140 2369 1222 2401 1227

146 2403 198 2435 die
231 2414 268 2444 ¹9
295 2403 399 2435 martii
427 2403 543 2435 Sedem
571 2403 794 2444 Apostolicam
822 2403 1006 2434 conscendit
1033 2403 1222 2443 Gregorius:

144 2457 183 2484 ac
213 2447 367 2479 Iordanus
401 2448 592 2479 consistebat
620 2448 745 2479 Parisiis
778 2458 863 2478 anno
900 2447 982 2478 1228
1012 2447 1223 2479 celebraturus

146 2491 300 2524 Generale
324 2492 523 2532 Capitulum.
548 2493 611 2523 Fac
638 2502 726 2530 vero,
745 2492 899 2522 Ioannem
917 2502 1019 2522 annos
1040 2501 1082 2522 20
1102 2499 1157 2523 aut
1178 2502 1217 2523 22

145 2543 202 2568 aut
221 2545 265 2576 24
285 2543 398 2567 natum
421 2537 651 2568 Dominicanae
675 2536 812 2567 familiae
840 2546 960 2567 nomen
980 2536 1117 2567 dedisse:
1141 2543 1224 2568 aeta-

145 2587 212 2612 tem
235 2581 331 2612 habes
350 2591 511 2612 annorum
530 2581 682 2619 duorum,
697 2581 748 2611 vel
767 2587 916 2622 quatuor,
931 2581 981 2612 vel
1001 2591 1053 2611 sex
1068 2591 1164 2622 supra
1178 2591 1224 2612 se-

144 2625 320 2667 ptuaginta,
344 2635 427 2667 quae
450 2626 535 2658 111310
558 2626 686 2667 longior
710 2632 765 2657 aut
787 2625 968 2656 diuturnior
991 2635 1058 2656 non
1082 2632 1137 2657 est.

142 2714 313 2746 Barnabas.
685 2714 859 2756 Dionysius
884 2713 1029 2745 Corinth.

144 2758 347 2790 Bardesanes.
685 2759 860 2800 Dionysius
884 2761 1002 2799 Areop.

145 2803 302 2845 Beryllus.
687 2803 862 2845 Dionysius
887 2803 976 2834 Alex.

144 2847 331 2889 Bacchylus.
685 2848 879 2879 Dorotheus.

144 2891 307 2934 Babyllus.
686 2893 846 2934 Didymus
869 2892 958 2923 Alex.

146 2935 339 2967 Bachiarius.
686 2937 854 2968 Damasus.

147 2979 284 3011 Basilius
306 2979 433 3012 Caesar.
689 2981 880 3012 DominIcus
896 2991 1010 3021 genere
1024 2982 1188 3023 hispanus,

148 3023 366 3055 Bembovolus
388 3023 599 3068 (Mendum).
754 3026 828 3056 Dux
847 3033 878 3057 et
891 3026 916 3056 F
919 3026 1057 3058 undator
1073 3027 1203 3058 Ordinis

148 3067 290 3099 Boetius.
751 3070 1011 3101 Praedicatorum
1038 3070 1099 3102 fuit
1122 3078 1180 3102 etc.

149 3112 236 3144 Beda
258 3112 340 3143 Ven.
688 3115 845 3145 Donatus.

148 3156 328 3188 Bernardus
352 3155 436 3188 Clar.
688 3158 861 3199 Egisippus
880 3157 1132 3202 (Hegesippus).

149 3200 300 3233 Clemens
323 3201 420 3232 Rom.

686 3203 812 3234 Eraclas
831 3201 1040 3246 (Heraclas).

150 3245 302 3277 Clemens
325 3245 414 3276 Alex.

688 3247 846 3277 Eusebius
870 3247 996 3279 Caesar.

101 3291 103 3294 ”
150 3289 344 3331 Cyprianus.
691 3291 849 3322 Eusebius
872 3292 1005 3323 Vercell.

148 3333 320 3366 Cornelius
343 3334 404 3374 Ep.
689 3335 848 3366 Eusebius
871 3335 1027 3366 Emissen.

150 3377 326 3410 Candidus.
689 3379 885 3410 Eustatfflus.

151 3421 332 3454 Cassianus.
689 3423 841 3463 Ephrem.

150 3465 359 3498 Caelestinus.
689 3467 843 3507 Evagn'us
866 3466 1028 3497 Ponticus.

150 3510 299 3552 Cyrillus.
686 3510 862 3550 Eutropius
885 3510 991 3541 Presb.

151 3554 374 3587 Cassiodorus.
689 3555 898 3595 Epiphanius.

688 3599 858 3630 Faustinus
881 3599 987 3629 Presb.

689 3643 876 3684 Fulgentius
899 3644 999 3683 Rusp.

151 3598 348 3631 Claudianus
369 3600 514 3632 Mamert.

152 3642 349 3675 Claudianus
371 3644 480 3675 Poeta.

2253 297 2362 322 LXXIX

1284 359 1418 389 Faustus
1442 359 1502 399 Ep.

1283 403 1454 442 Gregorius
1478 405 1629 436 Neocaes.

1282 447 1453 487 Gregorius
1477 449 1625 480 Nazianz.

1281 491 1453 531 Gregorius
1477 494 1569 534 Nyss.

1281 535 1453 575 Gregorius
1477 538 1621 577 Magnus.

1281 579 1389 611 Gaius.

1281 623 1434 655 Gelasius.

1281 668 1448 699 Gratianus
1472 671 1660 702 Monachus.

1280 712 1457 744 Hirenaeus
1481 713 1682 758 (Irenaeus).

1280 757 1426 789 Hermas.

1280 802 1420 832 Hilarius
1443 803 1559 834 Pictav.

1823 362 1916 392 Iudas
1939 365 2052 403 Apost.

1823 406 1972 445 Ignatius.

1822 450 1976 490 Iosephus
2001 451 2135 482 Iudaeus
2159 452 2230 483 hist.

1821 495 1959 525 Iustinus
1983 496 2111 537 Martyr.

1821 539 1923 570 ludas.

1821 583 1919 613 Iulius
1943 583 2009 615 Afr.

1821 628 1954 658 Iacobus
1978 628 2119 669 Sapiens.

1820 672 1985 703 Iuvencus.

1818 716 1916 747 Iulius
1940 717 2035 748 Rom.
2060 718 2121 758 Ep.

1821 761 2008 801 leronymus
2023 760 2293 805 (Hieronymus).

1818 805 1951 835 Ioannes
1975 805 2236 847 Chrysostomus.

1820 849 1969 880 Iulianus.

1820 893 2022 924 Innocentius
2047 895 2070 925 1.

1819 937 1960 967 1000111111
1983 939 2100 969 Abbas.

1819 981 2009 1012 Iustinianus
2034 983 2113 1023 Imp.

1819 1025 2021 1056 Innocentius
2046 1027 2097 1058 111.

1280 846 1406 877 Herius.

1279 890 1492 921 Hildebertus.

1279 934 1378 974 Hugo
1403 935 1442 965 de
1465 945 1490 966 3.
1516 936 1652 967 Victore.

1279 979 1378 1018 Hugo
1403 979 1442 1009 de
1465 979 1601 1011 Folieto.

1281 1022 1415 1053 Ioannes
1439 1023 1589 1064 Evangel.

1280 1067 1413 1097 Iacobus
1436 1068 1623 1107 Apostolus.

1348 1154 1399 1185 111.
1424 1156 1563 1186 Romani
1590 1157 1753 1188 Pontificis
1783 1159 1956 1189 Innocentii
1987 1160 2027 1190 ΙΙΙ
2063 1160 2168 1200 elogio
2199 1168 2285 1201 gesta
2308 1161 2355 1191 in-

1280 1206 1428 1229 seruntur
1442 1200 1568 1231 Ioannis
1588 1201 1779 1232 Nicosiensis
1794 1203 2033 1253 Archiepiscopi
2053 1214 2090 1234 ex
2109 1204 2228 1235 Ordine
2245 1205 2354 1236 Praed.

1281 1243 1452 1294 adsumpti.
1473 1245 1599 1275 Locum
1618 1246 1777 1286 integrum
1800 1247 1833 1277 in
1856 1247 1962 1278 lucem
1983 1248 2122 1288 profero,
2143 1256 2179 1280 ut
2201 1249 2354 1289 probatis-

1281 1286 1352 1317 simi
1376 1287 1433 1318 viri
1457 1289 1654 1329 splendidior
1677 1301 1712 1321 ac
1742 1291 1840 1322 tutior
1869 1292 1980 1322 notitia
2003 1293 2170 1331 habeatur,
2194 1293 2354 1335 simulque

1281 1338 1403 1362 certum
1433 1332 1609 1365 innotescat
1639 1345 1753 1366 manus
1784 1336 1964 1368 recentioris
1995 1337 2235 1378 interpolatricis
2264 1348 2355 1378 argu-

1282 1383 1438 1408 mentum.
1467 1391 1482 1405 «x
1499 1378 1547 1408 Ex
1571 1379 1661 1410 cuius
1684 1379 1846 1411 Pontificis
1876 1379 2066 1422 (Innocentii
2090 1380 2145 1424 III)
2178 1382 2259 1412 clara
2282 1392 2354 1423 pro-

1285 1433 1298 1448 »
1322 1421 1419 1473 sapia,
1435 1432 1517 1463 quae
1532 1433 1634 1464 usque
1653 1434 1739 1455 nunc
1753 1425 1878 1456 Domus
1898 1425 2056 1456 Comitum
2075 1433 2217 1464 vocatur,
2234 1427 2357 1458 Romae

1285 1478 1299 1492 ν
1322 1467 1482 1507 originem
1513 1469 1616 1498 traxit
1646 1468 1698 1499 1110
1729 1469 1914 1500 recolendae
1943 1470 2116 1501 memoriae
2128 1470 2183 1511 fr.
2195 1471 2356 1502 Iohannes

1285 1522 1299 1537 2>
1321 1510 1362 1541 de
1387 1510 1510 1542 Comite
1533 1511 1662 1543 Ordinis
1680 1513 1802 1552 Praed„
1817 1514 1872 1564 qui
1897 1514 1929 1544 in
1949 1525 2009 1545 suo
2033 1514 2153 1546 Ordine
2177 1522 2250 1555 post
2272 1515 2356 1545 Pari—

1285 1567 1299 1581 »
1322 1554 1423 1586 siense
1438 1556 1582 1587 studium
1601 1557 1701 1588 factus
1722 1565 1768 1589 est
1791 1559 1896 1598 primo
1923 1559 2022 1589 lector
2042 1559 2270 1597 Urbevetanus‚
2297 1570 2355 1600 po-

1285 1611 1299 1626 »
1322 1606 1388 1630 stea
1416 1600 1580 1632 Senensis.
1612 1602 1651 1632 de
1680 1612 1744 1643 qua
1774 1602 1903 1634 lectoria
1931 1610 2114 1644 assumptus
2141 1610 2187 1634 est
2210 1604 2250 1634 ad
2277 1604 2354 1635 Pro—

1285 1656 1298 1670 »
1322 1644 1488 1675 vincialem
1507 1645 1690 1677 Provinciae
1710 1647 1885 1685 Romanae,
1901 1658 2000 1689 quam
2018 1648 2219 1679 Provinciam
2233 1649 2352 1689 rigidis-

1285 1701 1298 1715 »
1321 1688 1401 1719 sime
1430 1696 1461 1720 et
1489 1689 1722 1742 religiosissime
1751 1691 1838 1722 rexit.
1868 1693 1952 1722 Nam
1979 1702 2051 1723 cum
2075 1693 2160 1724 dicta
2184 1694 2355 1724 Provincia

1284 1746 1298 1760 1>
1322 1738 1399 1764 tunc
1421 1735 1574 1774 temporis
1597 1736 1730 1766 nimium
1755 1741 1836 1767 esset
1859 1736 1992 1777 diffusa,
2017 1747 2092 1768 cum
2120 1738 2158 1768 ab
2182 1737 2285 1768 insula
2309 1737 2355 1769 Si-

1283 1790 1298 1804 »
1322 1777 1410 1808 011100
1433 1778 1584 1809 10011131νο
1609 1789 1710 1820 usque
1736 1781 1775 1810 ad
1799 1781 1886 1821 alpes
1909 1781 2128 1812 Bononienses
2152 1783 2353 1822 protendere-

1284 1835 1298 1849 »
1322 1828 1383 1859 tur,
1399 1832 1579 1864 numquam
1594 1823 1653 1854 nisi
1669 1825 1764 1864 pedes
1778 1825 1828 1855 vel
1847 1835 1942 1866 super
1960 1826 2094 1856 asellum
2113 1826 2258 1865 sedens‚'
2250 1837 2354 1867 1psam

1283 1879 1298 1893 »
1320 1866 1466 1905 visitavit,
1483 1877 1557 1898 cum
1577 1868 1708 1908 singulis
1727 1869 1817 1900 annis
1833 1879 1869 1900 ex
1884 1870 1942 1900 sibi
1957 1870 2100 1901 iniuncto
2120 1870 2228 1901 officio
2251 1871 2355 1911 ipsam

1284 1923 1298 1938 ⁷»
1321 1910 1451 1942 circuire
1475 1918 1641 1943 teneretur.
1663 1913 1711 1944 Ex
1729 1924 1796 1955 quo
1816 1913 1924 1945 officio
1944 1922 2126 1955 assumptus
2150 1922 2197 1946 est
2220 1916 2259 1946 ad
2278 1915 2353 1956 Epi-

1283 1968 1298 1982 »
1321 1963 1490 1996 scopatum
1508 1957 1661 1988 Pisanum
1680 1967 1736 1998 per
1753 1958 1956 1989 Bonifacium
1974 1959 2096 1999 Papam
2115 1966 2279 1990 octavum.
2296 1970 2354 2001 po-

1283 2013 1297 2027 »
1321 2007 1386 2031 stea
1410 2010 1466 2041 per
1495 2000 1696 2033 Clementem
1719 2003 1748 2034 V
1768 2002 1868 2034 factus
1894 2010 1941 2034 est
1967 2003 2235 2044 Archiepiscopus
2257 2004 2353 2035 Nico-

1283 2057 1297 2072 »
1321 2045 1448 2076 3100313
1442 2068 1450 2084 ,
1470 2056 1552 2087 quae
1572 2053 1618 2077 est
1645 2046 1766 2078 Primas
1785 2047 1886 2088 Regni
1906 2047 2014 2098 Cypri.
2044 2048 2096 2079 Ad
2119 2058 2217 2089 quem
2233 2049 2354 2087 locum,

1283 2102 1297 2117 »
1320 2090 1466 2131 quamvis
1490 2091 1653 2122 confectus
1677 2092 1777 2130 senio,
1802 2092 1930 2123 accessit
1952 2092 2015 2123 hoc
2038 2092 2158 2131 animo,
2181 2100 2217 2124 ut
2239 2100 2354 2124 terram

1283 2147 1297 2162 »
1319 2134 1406 2165 illam
1430 2135 1662 2175 promissionis,
1688 2146 1786 2178 quam
1801 2136 1946 2168 Christus
1970 2147 2027 2167 sua
2050 2137 2263 2177 praesentia..
2277 2161 2285 2168 .
2308 2138 2352 2168 vi-

1283 2192 1297 2206 »
1320 2179 1440 2218 3110101,
1465 2180 1555 2221 quod
1578 2190 1703 2221 semper
1726 2181 1921 2212 desideravit.
1941 2181 2079 2212 Veniens
2108 2191 2183 2222 ergo
2206 2182 2240 2212 10
2267 2182 2354 2213 10311-

1282 2236 1296 2251 »
1319 2223 1384 2254 lam
1399 2224 1509 2265 Cypri,
1525 2225 1644 2256 multas
1663 2225 1883 2256 ordinationes
1900 2231 2031 2257 sanctas
2044 2225 2077 2255 in
2099 2226 2182 2256 clero
2202 2226 2351 2257 instituit:

1283 2281 1297 2295 ²>
1320 2275 1350 2300 et
1374 2279 1449 2300 curn
1468 2269 1500 2299 in
1521 2269 1636 2300 divitiis
1655 2270 1774 2300 ibidem
1793 2280 1826 2300 se
1845 2270 2040 2310 conspiceret
2059 2270 2229 2309 abundare,
2245 2271 2351 2311 coepit

1282 2325 1296 2340 ιο
1319 2313 1420 2353 magis
1444 2313 1539 2344 solito
1563 2314 1756 2354 pauperibus
1780 2324 1846 2345 esse
1868 2313 2038 2345 munificus
2072 2315 2151 2345 adeo
2176 2321 2212 2346 ut
2234 2315 2353 2346 ibidem

1282 2370 1296 2384 »
1319 2358 1358 2388 ab
1374 2358 1524 2388 omnibus
1539 2365 1628 2398 pater
1642 2368 1821 2399 pauperum
1835 2359 1999 2390 diceretur.
2010 2359 2076 2390 Nec
2090 2359 2262 2398 immerito,
2277 2369 2353 2390 nam

1282 2415 1296 2429 »
1320 2402 1388 2432 eius
1421 2402 1549 2433 affectus
1583 2413 1655 2443 erga
1678 2413 1851 2443 pauperes,
1876 2410 1911 2434 ut
1934 2413 2001 2434 uno
2025 2403 2122 2434 verbo
2149 2404 2352 2445 complectar,

1282 2458 1296 2473 »
1320 2446 1411 2486 plura
1434 2447 1528 2477 dabat
1551 2457 1650 2488 quam
1674 2447 1769 2478 etiam
1791 2447 1934 2478 haberet:
1954 2447 1987 2478 in
2006 2447 2069 2479 hoc
2089 2448 2175 2479 enim
2194 2448 2352 2490 quidquid

1282 2503 1296 2517 »
1319 2491 1433 2521 habere
1457 2498 1596 2531 poterat,
1623 2492 1827 2532 expendebat.
1849 2492 1982 2523 Dicebat
2002 2492 2104 2532 enim,
2130 2503 2181 2523 me
2203 2493 2354 2524 audiente

1282 2547 1296 2562 »
1310 2534 1524 2576 frequenter:
1542 2536 1653 2566 omnia
1667 2537 1762 2575 dabo,
1777 2543 1814 2567 ut
1831 2543 1962 2577 propter
1979 2547 2134 2578 pauperes
2149 2547 2245 2577 cogar
2258 2537 2353 2568 etiam

1282 2592 1297 2606 1>
1320 2580 1509 2611 mendicare.
1531 2581 1616 2611 Nam
1631 2590 1706 2611 cum
1720 2581 1788 2612 eius
1807 2581 1924 2612 reditus
1945 2591 2048 2622 usque
2068 2582 2108 2612 ad
2125 2581 2235 2622 viginti
2255 2582 2353 2612 millia

1283 2636 1297 2652 »
1320 2624 1518 2655 florenorum
1541 2625 1759 2664 ascenderent,
1784 2625 1863 2656 nihil
1886 2626 1944 2656 sibi
1960 2633 1990 2657 et
2004 2625 2141 2656 familiae
2167 2633 2288 2666 praeter
2306 2627 2351 2656 vi-

1283 2681 1297 2696 »
1321 2675 1409 2700 ctum
1428 2675 1459 2700 et
1476 2669 1627 2700 vestitum
1641 2670 1790 2700 reservari
1805 2670 1942 2701 volebat.
1957 2671 2001 2701 Et
2015 2680 2087 2701 cum
2102 2672 2238 2712 triginta
2257 2672 2354 2701 annis

1283 2725 1298 2740 »
1321 2718 1352 2744 et
1380 2713 1468 2744 ultra
1497 2719 1579 2745 esset
1601 2714 1784 2754 Praelatus,
1811 2725 1991 2756 numquam
2019 2715 2058 2745 ab
2082 2715 2191 2756 aliquo
2210 2714 2352 2745 inclinari

1283 2770 1298 2784 »
1321 2758 1443 2798 potuit,
1468 2765 1504 2789 ut
1532 2759 1775 2799 consanguineis
1803 2759 1922 2800 aliquid
1950 2759 2128 2799 largiretur;
2153 2759 2208 2789 sed
2237 2759 2352 2790 talibus

1283 2814 1298 2829 »
1321 2803 1503 2834 suasoribus
1518 2804 1743 2843 respondebat:
1759 2804 1852 2835 Unde
1872 2810 1986 2834 exeunt
2002 2803 2135 2834 flumina
2149 2810 2351 2834 revertantur.

1283 2859 1298 2874 »
1321 2847 1365 2878 Ut
1387 2853 1496 2878 autem
1518 2858 1620 2888 pauca
1642 2848 1681 2878 de
1699 2848 1819 2886 multis,
1839 2848 1906 2878 imo
1925 2847 2054 2878 infinitis
2079 2847 2287 2889 eleemosynis
2306 2857 2352 2878 re-

1283 2903 1298 2918 »
1321 2891 1438 2930 feram,
1458 2892 1624 2922 annuatim
1647 2892 1838 2933 quingentos
1862 2902 2016 2933 pauperes
2040 2902 2097 2923 sua
2120 2902 2218 2922 manu
2241 2892 2351 2922 indue-

1283 2948 1298 2963 »
1321 2937 1384 2974 bat,
1409 2943 1531 2976 praeter
1553 2943 1654 2967 vestes
1683 2947 1762 2978 quas
1784 2937 1877 2967 dabat
1900 2936 2092 2977 pauperibus
2115 2936 2196 2966 infra
2219 2946 2350 2966 annum.

1283 2993 1298 3008 x«
1321 2980 1427 3011 Semel
1455 2987 1563 3011 autem
1593 2991 1667 3011 cum
1696 2981 1828 3022 quidam
1856 2991 1978 3021 pauper
2010 2981 2140 3011 clericus
2169 2991 2277 3011 coram
2300 2990 2351 3010 ve-

1283 3037 1298 3052 »
1321 3025 1418 3056 nisset
1432 3031 1463 3055 et
1476 3025 1592 3056 diceret
1606 3025 1682 3066 quia
1700 3035 1766 3056 non
1786 3032 1894 3066 posset
1915 3025 1949 3055 in
1968 3025 2134 3065 publicum
2151 3034 2352 3075 comparere,

1283 3081 1298 3096 ι
1320 3069 1396 3110 quia
1418 3070 1688 3100 verecundabatur
1711 3070 1817 3100 nudus
1841 3070 1927 3110 apud
1945 3069 2024 3100 alios
2047 3079 2207 3110 apparere,
2227 3079 2302 3100 cum
2320 3068 2354 3099 10

1283 3126 1298 3141 »
1320 3120 1474 3154 promptu
1493 3123 1552 3144 nec
1571 3124 1696 3154 pannus
1711 3114 1834 3155 aliquis,
1850 3124 1907 3144 nec
1922 3113 2003 3144 forte
2022 3113 2157 3154 pecunia
2176 3123 2242 3144 non
2262 3119 2353 3152 esset,

1284 3170 1298 3185 »
1321 3168 1372 3188 me
1395 3167 1497 3198 cappa
1519 3159 1659 3198 propria
1682 3159 1842 3199 expoliari
1866 3159 1958 3189 iussit
1985 3165 2015 3188 et
2046 3158 2130 3188 dicto
2164 3158 2276 3188 clerico
2299 3157 2353 3189 tri-

1284 3215 1298 3229 »
1321 3202 1400 3232 buit.
1425 3202 1576 3233 Pascebat
1594 3202 1684 3233 omni
1703 3203 1780 3233 0110
1772 3213 1806 3232 10
1827 3202 1899 3233 aula
1922 3212 1979 3233 sua
1998 3202 2252 3243 vigintiquinque
2275 3212 2352 3242 pau-

1284 3259 1298 3273 »
1321 3256 1422 3286 peres,
1442 3246 1481 3276 de
1504 3256 1646 3287 quorum
1669 3246 1745 3277 cibis
1769 3253 1841 3277 ante
1861 3257 1993 3277 omnem
2014 3256 2118 3277 escam
2141 3247 2251 3277 beatus
2269 3247 2353 3276 Pon-

1284 3303 1298 3318 »
1321 3290 1396 3321 tifex
1419 3297 1545 3330 gustare
1568 3291 1704 3321 volebat.
1730 3291 1766 3321 In
1796 3291 1882 3321 festis
1913 3297 2020 3321 autem
2047 3290 2181 3329 Christi,
2206 3290 2297 3321 sicuti
2319 3290 2353 3320 in

1284 3347 1299 3362 »
1321 3334 1436 3372 Natali,
1451 3334 1484 3364 in
1504 3334 1765 3373 Circumcisione,
1780 3335 1814 3365 in
1828 3335 2017 3375 Epiphania,
2032 3335 2065 3365 in
2085 3334 2196 3365 Coena
2208 3334 2352 3373 Domini,

1284 3391 1298 3406 »
1321 3379 1355 3408 in
1377 3378 1539 3416 Paschate,
1558 3379 1592 3408 in
1610 3379 1815 3417 Ascensione,
1835 3379 1868 3409 in
1886 3380 2081 3417 Pentecoste,
2100 3379 2134 3408 in
2152 3385 2291 3419 quatuor
2309 3378 2352 3408 fe-

1284 3435 1299 3450 »
1322 3422 1509 3452 stivitatibus
1537 3423 1568 3453 b.
1584 3423 1732 3462 Virginis,
1752 3423 1785 3453 in
1804 3429 1942 3463 utroque
1961 3423 2041 3453 festo
2069 3433 2109 3453 ss.
2126 3422 2275 3452 Iohannis
2293 3422 2352 3453 Ba-

1284 3479 1299 3493 »
1321 3465 1433 3506 ptistae
1457 3472 1488 3496 et
1510 3466 1738 3506 Evangelistae‚
1762 3467 1795 3496 in
1820 3473 1957 3507 utroque
1979 3466 2060 3497 festo
2085 3466 2298 3505 b.Dominici,
2318 3466 2352 3496 in

1284 3523 1298 3538 »
1322 3510 1402 3540 festo
1424 3510 1454 3540 b.
1475 3509 1558 3540 Petri
1579 3510 1735 3551 Martyris,
1754 3510 1787 3540 in
1806 3510 1887 3541 festo
1907 3511 1937 3541 b.
1949 3510 2066 3541 Mariae
2084 3510 2299 3550 Magdalenae,
2318 3510 2353 3541 in

1284 3567 1298 3581 »
1321 3554 1402 3583 festo
1430 3553 1665 3593 Apostolorum
1692 3554 1775 3584 Petri
1804 3561 1834 3585 et
1860 3554 1966 3592 Pauli,
1990 3554 2023 3584 in
2051 3554 2273 3585 Anniversario
2297 3565 2352 3595 pa-

1283 3610 1298 3625 »
1321 3597 1375 3628 tris
1400 3604 1431 3628 et
1452 3597 1559 3628 matris
1577 3608 1652 3628 suae
1671 3608 1796 3638 semper
1821 3605 1951 3630 centum
1971 3609 2126 3639 pauperes
2148 3599 2351 3630 abundantis-

1283 3654 1298 3669 »
1321 3641 1400 3671 sime
1419 3642 1575 3682 pascebat.
1591 3643 1752 3674 Praeterea
1770 3643 1803 3673 in
1818 3642 1909 3673 omni
1923 3643 1999 3674 feria
2017 3643 2129 3684 quinta
2139 3643 2232 3674 dabat
2246 3643 2351 3674 omni-
