2788 4204
1117 281 1227 317 CAP.
1259 281 1329 327 IX,
1359 281 1511 317 LECT.
1540 281 1664 317 XVIII

59 369 171 390 mm:
178 367 270 389 ostend.
306 372 336 396 1
372 374 383 402 ξ

58 394 224 422 mamm„
504 378 528 401 ·,
565 367 742 408 ostquam
761 358 954 395 ostendit*
972 357 1087 416 quod
1092 358 1363 395 demonstratio

519 412 541 427 ⁴*
565 425 643 449 non
661 411 834 460 procedit
862 423 907 447 ex
931 410 1122 459 principiis
1151 411 1364 447 communi-

385 489 393 498 *
420 491 444 508 ,
465 495 493 505 ,
537 465 637 510 bus
665 463 733 501 sed
762 475 807 500 ex
833 462 1014 522 propriis,
1043 463 1104 499 hic
1132 462 1182 499 ad
1210 463 1364 500 eviden-

420 466 519 556 *iffi
531 505 545 533 [¹
565 517 656 554 tiam
701 516 1001 565 praemissorum
1045 515 1271 552 determinat
1317 515 1365 552 de

300 570 492 618 principiis
519 569 682 618 propriis
711 576 748 605 et
777 568 1057 605 communibus.
1088 569 1138 604 Et
1165 567 1263 604 circa
1290 569 1365 605 hoc

302 622 379 659 duo
398 622 495 659 facit.
516 622 658 668 Primo,
681 621 844 658 ostendit
862 621 1125 658 necessitatem
1145 620 1366 658 huiusmodi

303 674 636 720 determinationis,
662 673 791 711 dicens
820 673 925 722 quod
960 673 1111 711 difficile
1141 682 1197 711 est
1225 686 1364 722 cogno-

61 740 220 762 ·nnctenua
232 739 272 761 sa.
302 739 407 764 scere
420 734 549 763 utrum
569 726 733 763 sciamus
749 727 826 763 *ex
839 726 1032 775 principiis
1055 727 1217 776 propriis
1246 727 1366 775 (quod

61 791 141 814 *Vere
150 791 274 813 omitt-cx.
301 779 427 816 solum
447 786 503 816 est
520 780 647 816 vere*
663 779 772 826 scire)
802 787 866 816 aut
893 792 972 817 non
996 792 1041 816 ex
1067 779 1241 829 propriis.
1273 780 1366 829 Opi·

61 845 106 866 ·x:
121 843 205 871 «tiqui.
301 839 439 869 nantur
467 832 570 869 enim
598 832 742 869 multi*
758 845 799 869 se
827 833 933 879 scire,
964 833 994 869 si
1021 833 1188 870 habeant
1215 833 1365 881 syllogi-

302 897 430 922 smum
459 897 505 922 ex
533 885 720 934 aliquibus
738 885 839 922 veris
860 893 896 922 et
922 885 1066 934 primis.
1089 886 1166 923 Sed
1185 886 1260 922 hoc
1287 898 1366 922 non

303 945 360 974 est
386 950 545 975 verum:
574 938 695 974 immo
733 946 907 987 oportet,
942 939 991 975 ad
1027 939 1102 975 hoc
1139 938 1244 987 quod
1273 939 1365 976 scia-

160 1007 178 1024 α
302 1003 410 1037 mus,
452 991 557 1039 quod
591 990 775 1040 principia
808 991 880 1028 sint
911 991 1085 1040 proxima
1119 991 1189 1028 illis
1216 997 1233 1013 ‘²
1267 1004 1365 1040 quae

304 1043 444 1080 debent
481 1043 731 1081 demonstrari
760 1046 882 1092 (quae
918 1044 980 1080 hic
1018 1044 1193 1081 dicuntur
1219 1044 1364 1092 prima,

303 1096 398 1134 sicut
426 1103 463 1133 et
489 1109 604 1145 supra
628 1097 648 1117 *²
673 1097 896 1133 dicebantur
923 1098 1135 1143 extrema);
1161 1098 1223 1134 vel
1252 1109 1365 1145 opor-

302 1155 355 1185 tet
380 1149 556 1197 proxima
588 1161 671 1186 esse
699 1149 831 1198 primis
864 1149 1056 1198 principiis
1089 1149 1365 1186 indemonstra-

302 1201 450 1238 bilibus.

356 1265 392 1290 2.
414 1254 606 1302 Secundo,
625 1254 695 1292 ibi:
715 1255 813 1292 Dico
840 1260 965 1291 autem
978 1254 1168 1302 principia
1197 1262 1280 1301 etc.‚
1302 1255 1366 1292 de-

301 1306 479 1343 terminat
505 1306 554 1343 de
589 1307 782 1356 principiis
809 1307 971 1356 propriis
1009 1314 1046 1344 et
1082 1307 1364 1345 communibus.

301 1359 477 1405 Et-‘circa
503 1359 579 1399 hoc
607 1360 684 1398 duo
719 1360 825 1397 facit:
854 1359 979 1408 primo
1010 1360 1112 1396 enim
1142 1360 1367 1398 determinat

253 1412 259 1414 ⁴
303 1411 351 1449 de
377 1412 570 1461 principiis
596 1413 759 1462 propriis
788 1421 825 1450 et
853 1413 1143 1459 communibus;
1173 1414 1363 1460 secund0‚

61 1477 275 1529 ΜΨ
303 1465 467 1502 ostendit
501 1465 522 1487 ¹⁸
556 1466 715 1515 qualiter
751 1466 801 1503 ad
842 1465 1063 1503 huiusmodi
1104 1465 1288 1514 principia
1324 1479 1365 1503 se

125 1521 146 1533 .‚.

162 1532 178 1566 β
301 1517 467 1555 habeant
495 1517 816 1557 demonstrativae
851 1518 1028 1556 scientiae
1055 1517 1093 1565 Ρ;
1123 1519 1195 1555 ibi:
1228 1520 1320 1556 Non
1344 1519 1365 1540 '⁸

62 1565 275 1616 Zamam&

60 1620 115 1643 loct.
124 1625 164 1642 xx.

58 1107 70 1120 ⁸
80 1107 144 1130 Lect.
151 1113 190 1134 xv,
200 1107 255 1129 n.6.

302 1571 521 1621 contingere
552 1578 677 1609 autem
706 1580 775 1609 etc.
811 1572 922 1608 Circa
949 1572 1117 1620 primum
1147 1572 1224 1609 duo
1258 1572 1364 1609 facit:

294 1623 446 1672 fpri1n0‚
477 1623 667 1673 distinguit
697 1625 881 1674 principia
909 1637 931 1661 a
958 1637 1037 1661 non
1068 1624 1280 1674 principiis;
1310 1638 1366 1662 se-

64 1695 275 1718 mar-mem.
304 1675 443 1723 cund0,
472 1677 655 1727 principia
683 1678 732 1715 ad
759 1678 924 1715 invicem
947 1677 990 1724 *;
1020 1677 1092 1714 ibi:
1122 1678 1218 1714 Sunt
1241 1684 1367 1715 autem

63 1746 73 1756 ·
86 1743 189 1772 mg..
304 1729 436 1778 quibus
455 1729 475 1750 ‘¹
495 1737 565 1766 etc.

361 1782 395 1819 3.
417 1781 527 1819 Circa
529 1783 709 1842 ‘primum
725 1783 802 1820 duo
818 1782 914 1820 facit.
931 1782 1074 1828 Primo,
1091 1783 1254 1820 ostendit
1269 1795 1367 1831 quae

62 1845 277 1872 ‘ouda-‹exam›
305 1834 407 1872 sint*
418 1834 614 1884 principia,
626 1835 757 1872 dicens
770 1836 808 1856 *¹*
825 1835 929 1884 quod
943 1835 1126 1884 principia
1140 1835 1179 1872 in
1192 1848 1368 1884 unoquo·

62 1897 199 1947 beon
210 1904 241 1920 r:
255 1899 280 1920 et
305 1899 381 1936 que
408 1898 546 1947 genere
565 1896 652 1925 sunt
678 1888 740 1925 illa
759 1900 869 1936 quae,
899 1900 988 1924 cum
1017 1887 1089 1924 sint
1115 1901 1219 1935 vera,
1239 1896 1368 1926 tamen

88 1960 93 1970 ι
304 1951 384 1977 non
404 1940 584 2000 contingit
598 1953 643 1978 ea
659 1941 919 1978 demonstrare
933 1941 996 1978 vel
1015 1941 1232 1989 simpliciter
1250 1941 1280 1978 si
1296 1941 1368 1978 sint

302 1992 488 2042 principia
505 1993 642 2042 prima,
652 1994 715 2031 vel
734 1993 784 2031 ad
798 1993 925 2030 minus
944 2006 1023 2030 non
1038 2001 1094 2030 est
1109 1994 1367 2031 demonstrare

161 2057 180 2084 τ
302 2045 342 2082 in
356 2045 418 2082 illa
438 2046 592 2084 scientia
610 2046 649 2084 in
664 2059 740 2095 qua
755 2054 956 2083 sumuntur
970 2054 1010 2083 ut
1023 2046 1207 2095 principia
1225 2052 1253 2084 ⁷.
1270 2047 1369 2084 Dicit

358 2228 385 2261 a)
401 2228 485 2253 Immo
499 2231 604 2260 oportet
616 2220 663 2253 e'tc.
672 2241 692 2248 ·-
701 2228 764 2253 Cod.
778 2229 813 2253 A:
839 2229 909 2254 unde
927 2233 1032 2262 oportet
1037 2237 1046 2258 ,·
1058 2230 1068 2254 1
1081 2229 1167 2259 verba,
1183 2229 1220 2254 ad
1233 2229 1281 2254 hoc
1296 2229 1367 2261 quod

302 2263 425 2294 sciamus,
441 2263 567 2288 mendose
580 2263 686 2294 omittit;
701 2264 726 2288 O
737 2271 790 2288 non
799 2264 879 2289 bene:
894 2265 975 2290 immo
988 2265 1077 2293 debet;
1091 2265 1149 2289 PN:
1166 2265 1247 2289 immo
1261 2267 1366 2296 oportet

303 2299 376 2332 quod
389 2299 426 2324 ad
439 2298 488 2324 hoc
502 2299 574 2330 quod
587 2305 636 2323 nos
650 2299 773 2329 sciamus,
793 2300 865 2331 quod
883 2305 931 2325 etc.
945 2300 1034 2325 Lectio
1048 2300 1175 2332 adoptata,
1186 2300 1223 2324 ad
1237 2300 1286 2324 hoc
1296 2299 1367 2331 quod

302 2333 425 2364 sciamus,
441 2338 482 2358 est
495 2334 604 2358 aliorum
623 2334 698 2358 codd.
711 2347 731 2352 —
749 2334 789 2365 M:
809 2335 847 2359 ad
864 2335 913 2360 hoc
932 2338 962 2360 ut
975 2335 1122 2360 sciamusoe
1131 2335 1193 2359 Post
1206 2335 1294 2365 verba,
1313 2335 1367 2359 sint

298 2369 432 2402 proxima
446 2369 505 2397 illis,
520 2369 546 2394 in
559 2369 617 2393 cod.
627 2369 648 2393 B
663 2362 764 2394 additur
781 2369 949 2395 immediate
942 2378 968 2394 in
983 2370 1114 2395 interlinea
1128 2370 1160 2394 ab
1175 2370 1254 2394 altera
1272 2377 1365 2394 manu:

303 2404 402 2430 scilicet
419 2404 534 2429 subiecto
552 2407 579 2429 et
591 2404 721 2436 passioni.
736 2404 809 2434 Quae
827 2405 917 2435 verba,
937 2413 996 2430 curn
1016 2405 1120 2430 desint*
1114 2413 1139 2429 m
1154 2405 1210 2429 aliis
1224 2405 1307 2436 codd„
1322 2405 1367 2429 ha-

304 2439 359 2465 beri
378 2439 473 2464 debent
490 2444 519 2464 ut
537 2439 626 2463 notula
644 2439 793 2472 explicativa
811 2440 895 2465 addita
913 2448 928 2465 a
946 2440 1062 2465 studioso
1080 2441 1189 2471 lectore;
1209 2448 1261 2464 non
1280 2445 1367 2464 autem

305 2474 442 2500 inserenda
455 2479 516 2499 sunt
529 2474 607 2499 textui
622 2474 696 2506 quasi
708 2475 787 2499 verba
805 2482 826 2499 s.
841 2475 967 2500 Thomae.
977 2490 998 2494 —
1012 2475 1087 2506 Infra,
1102 2475 1159 2500 cod.
1173 2476 1196 2499 A
1210 2475 1304 2499 omittit
1318 2482 1367 2500 ex-

305 2513 391 2535 trema
395 2517 405 2539 ,·
423 2510 470 2534 sed
488 2515 528 2534 est
549 2510 686 2540 mendum;
701 2510 725 2534 H
740 2517 793 2534 non
807 2513 942 2539 extrema,
958 2511 1004 2535 sed
1018 2514 1150 2535 extranea
1165 2518 1279 2540 erronee¹
1287 2510 1366 2542 ponit.

304 2545 414 2578 Insuper
426 2545 464 2569 G:
478 2545 519 2570 vel
532 2547 637 2576 oportet
649 2545 766 2576 propria
783 2552 838 2570 esse
851 2545 950 2577 primis
963 2549 990 2570 et
998 2546 1140 2578 principiis
1159 2545 1185 2570 in
1202 2545 1367 2570 demonstra-

304 2580 407 2605 bilibus.
421 2580 540 2612 Denique
550 2580 587 2604 0:
602 2580 643 2604 vel
652 2583 757 2612 oportet
765 2583 889 2605 extrema
902 2588 957 2606 esse
965 2581 1064 2613 primis
1073 2581 1215 2613 principiis
1231 2580 1367 2605 indemon-

303 2615 465 2640 strabilibus.
483 2615 620 2639 Lectiones
640 2616 814 2647 seponendae.

357 2650 408 2675 Ubi
426 2650 453 2674 in
470 2650 591 2674 versione
614 2650 691 2675 latina
713 2651 817 2683 ponitur
835 2651 981 2682 proxima,
1006 2655 1062 2675 tum
1081 2650 1123 2675 hic
1140 2655 1197 2675 tum
1215 2650 1241 2675 in
1264 2657 1368 2682 praece-

305 2685 374 2710 denti
392 2685 510 2715 lectione,
528 2685 554 2709 in
572 2690 642 2710 textu
660 2693 754 2717 graeco
773 2687 882 2719 συγγενῆ
900 2686 999 2719 legitur,
1014 2686 1081 2710 idest
1094 2693 1191 2719 genere
1205 2686 1367 2718 propinqua.

304 2720 355 2745 Per
372 2721 566 2745 translationem
584 2721 660 2752 igitur
677 2722 787 2754 συγγενῆ
805 2721 1004 2746 denominantur
1022 2728 1090 2753 quae
1108 2729 1160 2745 non
1175 2728 1206 2745 ex
1220 2721 1368 2753 quibusque

304 2755 441 2788 principiis,
460 2756 507 2780 sed
526 2763 557 2780 ex
574 2756 683 2787 propriis
703 2756 822 2781 dicuntur
839 2764 898 2780 esse
918 2757 1129 2786 demonstranda3
1149 2761 1174 2780 et
1188 2756 1246 2780 ideo
1265 2764 1317 2780 non
1331 2757 1368 2780 in-

305 2798 419 2823 congrue
431 2790 588 2815 vocabulum
603 2791 672 2815 istud
685 2792 792 2815 vertitur
805 2799 852 2824 per
858 2792 1031 2823 proxima.-
1012 2792 1133 2815 -Pacius
1146 2791 1226 2816 verba
1239 2791 1282 2816 illa
1296 2786 1367 2815 ἀλλὰ

305 2826 414 2859 συγγενῆ·
427 2830 475 2850 etc.
494 2825 543 2850 hoc
555 2826 635 2850 modo
648 2826 842 2858 interpretatur.
856 2827 968 2852 Necesse
986 2827 1056 2852 enim
1069 2830 1110 2851 est
1124 2829 1153 2851 ut
1165 2826 1211 2851 illa
1225 2830 1369 2858 praeterea

305 2867 365 2886 cum
379 2860 420 2891 iis,
434 2867 502 2893 quae
521 2861 547 2885 in
566 2868 598 2886 eo
616 2868 714 2894 genere
727 2862 821 2893 prima
838 2865 908 2892 sunt,
929 2865 1042 2887 naturae
1056 2862 1172 2894 quadam
1185 2862 1369 2886 coniunctione

304 2895 360 2920 sint
377 2896 529 2921 consociata
547 2896 572 2928 (Ι
590 2896 702 2927 Foster„
718 2904 774 2929 cap.
787 2905 846 2927 vm,
866 2905 923 2929 pag.
942 2904 1003 2930 190,
1022 2897 1063 2922 ed.
1078 2897 1140 2929 cit..)
1158 2897 1295 2921 Boethius:
1315 2896 1370 2921 Sed

305 2937 440 2963 congenea
462 2933 567 2962 oportet
584 2938 640 2956 esse
659 2931 758 2962 primis
777 2932 802 2964 (1
820 2932 937 2962 Posten,
956 2940 1011 2964 cap.
1025 2939 1074 2962 vn,
1092 2931 1152 2962 fin.‚
1171 2939 1229 2966 pag.
1246 2931 1309 2962 528,
1328 2932 1369 2956 ed.

306 2965 367 2997 cit.)-
386 2965 415 2990 In
432 2966 552 2990 versione
574 2965 685 2998 praefixa
703 2967 889 2991 commentario
902 2967 1025 2991 Averrois
1040 2965 1106 3000 (cap.
1120 2974 1158 2997 11,
1173 2967 1221 2991 Ed.
1236 2967 1277 2991 cit.
1291 2966 1368 3008 Ven.)

306 3000 418 3033 legimus
435 3000 584 3032 proxima5
607 3006 632 3025 at
649 3001 675 3025 in
694 3002 878 3026 commentario
898 3002 1017 3034 (Comm.
1035 3002 1109 3034 mv)
1128 3002 1207 3026 verba
1226 2998 1256 3026 τὸ
1277 3001 1303 3025 δ’
1323 2998 1370 3026 οὒκ

305 3032 374 3060 ἔστιν
390 3040 438 3059 etc.
456 3034 506 3059 hoc
524 3036 604 3060 modo
622 3042 795 3068 exponuntur·
813 3040 840 3061 et
858 3044 910 3061 non
930 3040 970 3061 est
988 3044 1030 3062 res
1045 3037 1091 3066 ita,
1106 3037 1188 3061 donec
1201 3037 1255 3062 sint
1269 3037 1295 3061 in
1311 3037 1370 3068 ipsa

307 3070 429 3102 (scientia
445 3070 516 3102 vera)
536 3070 653 3102 reliquae
670 3071 834 3096 conditiones
851 3079 917 3103 quas
931 3072 1108 3101 narravimus,
1123 3079 1161 3096 ex
1174 3072 1368 3104 proportiona-

306 3105 385 3135 libus,
405 3108 432 3130 et
444 3105 582 3136 prioribus
596 3112 648 3137 per
667 3109 802 3131 naturam.

361 3139 386 3172 β)
402 3139 437 3164 Se
450 3140 565 3165 habeant
582 3140 807 3166 demonstrativae
824 3141 1028 3166 scientiae.-1ta
1041 3141 1124 3171 codd„
1135 3149 1187 3166 exc.
1202 3142 1235 3172 H,
1250 3141 1294 3174 qui
1309 3149 1368 3166 cum

307 3175 342 3200 P:
356 3182 384 3200 se
398 3175 512 3200 habeant
530 3175 682 3200 huiusmodi
694 3176 919 3201 demonstrativae
936 3176 1143 3201 scientiae—cf.
1158 3177 1198 3201 cit.
1218 3177 1275 3201 lect.
1290 3184 1328 3207 xx,
1344 3176 1370 3201 in

325 3218 441 3242 nncxpio.

306 3218 324 3243 p
359 3244 387 3280 γ)
406 3245 467 3270 Non
486 3245 618 3278 contingit
635 3252 667 3270 ea
686 3246 870 3271 demonstrare
887 3247 928 3271 vel
941 3246 1095 3278 simpliciter
1107 3245 1278 3271 etc.-Editio
1292 3245 1370 3270 Piana

306 3285 416 3312 sequuta
433 3280 544 3305 Venetas
569 3280 693 3305 editiones
712 3281 807 3306 saeculi
820 3281 868 3305 XV
887 3281 948 3313 legit
972 3289 1031 3305 cum
1050 3281 1105 3305 his:
1125 3289 1176 3306 non
1200 3281 1322 3306 convenit
1340 3287 1372 3305 ea

307 3316 491 3341 demonstrare
509 3315 535 3339 in
555 3315 601 3339 illa
618 3315 728 3340 scientia
747 3316 773 3341 in
792 3323 845 3348 qua
863 3320 925 3341 sunt
941 3316 1086 3348 principia.
1112 3316 1185 3346 Quae
1203 3316 1278 3340 lectio
1297 3315 1371 3339 dimi-

306 3356 368 3376 nuta
388 3355 435 3381 est,
450 3355 475 3375 et
489 3350 642 3374 sententiam
660 3358 682 3375 s.
689 3350 808 3375 Thomae
820 3351 969 3384 imperfecte
981 3351 1071 3381 reddit,
1086 3355 1115 3375 ut
1126 3358 1156 3375 ex
1171 3350 1243 3375 dictis
1258 3351 1283 3374 in
1296 3358 1370 3382 prae-

307 3386 456 3411 cedentibus
478 3385 629 3410 lectionibus
648 3390 688 3410 est
710 3386 916 3411 manifestum.—
924 3386 1005 3411 Codd.
1024 3393 1117 3410 omnes
1139 3386 1264 3417 integram
1283 3385 1370 3409 lectio-

307 3429 377 3452 nem,
397 3429 476 3453 quam
495 3420 561 3450 dedi,
580 3420 742 3445 uniformiter
760 3420 887 3446 exhibent.

360 3457 508 3481 Notandum
527 3455 567 3480 hic
586 3456 656 3487 quod
675 3455 753 3488 aliqui
773 3456 911 3480 abutuntur
935 3455 983 3480 hac
1000 3455 1136 3479 verissima
1155 3455 1268 3479 doctrina
1286 3454 1370 3486 philo-

307 3491 412 3524 sophica
430 3492 462 3516 ad
481 3491 655 3515 inducendum
673 3490 875 3522 scepticismum.
892 3490 972 3515 Aiunt
985 3491 1066 3514 enirn:
1081 3490 1202 3521 principia
1220 3490 1303 3522 prima
1317 3497 1369 3514 non

306 3531 417 3559 possunt
436 3526 618 3556 demonstrari3
639 3533 701 3558 ergo
723 3530 811 3550 utrum
836 3526 886 3550 sint
909 3533 971 3550 vera
989 3533 1038 3549 nos
1056 3525 1125 3549 latet.
1144 3525 1177 3549 Et
1197 3525 1258 3557 quia
1276 3525 1370 3549 veritas

307 3562 502 3587 conclusionum
516 3566 569 3585 tota
582 3561 676 3593 pendet
690 3568 704 3585 a
719 3561 867 3585 certitudine
881 3561 1075 3593 principiorum,
1090 3560 1207 3592 sequitur
1220 3559 1282 3584 nihil
1301 3564 1371 3584 certo

307 3597 366 3622 sciri
389 3605 403 3622 a
426 3596 500 3621 nobis
526 3603 612 3628 posse.
637 3596 716 3620 Error
739 3596 788 3621 iste
810 3596 935 3621 refutatus
960 3600 1000 3620 est
1024 3595 1131 3620 lectione
1154 3602 1205 3625 vn,
1231 3595 1263 3619 ad
1288 3602 1368 3627 quam

449 3649 518 3682 Opp.
537 3649 568 3674 D.
583 3649 696 3673 Taenari
715 3649 746 3673 T.
762 3649 780 3673 1.

1408 1782 1473 1821 ad
1493 1782 1658 1819 invicem
1677 1782 1713 1827 *ς
1735 1781 1802 1818 ibi:
1822 1783 1913 1819 Non
1930 1789 1984 1820 est
1995 1789 2119 1820 autem
2133 1784 2332 1831 suppositio
2349 1783 2392 1804 *⁸*
2413 1791 2481 1820 etc.

2406 293 2481 328 209

1421 366 1560 405 autem,
1582 371 1668 396 cum
1687 359 1761 395 sint
1777 371 1870 396 vera
1885 358 1923 405 *,
1947 359 1996 396 ad
2016 358 2267 395 differentiam
2287 359 2480 407 falsorum,

1422 424 1519 460 quae
1547 424 1626 448 non
1655 412 1963 449 demonstrantur
1990 411 2028 448 in
2057 411 2182 460 aliqua
2210 411 2373 448 scientia.

1473 476 1510 510 4.
1533 465 1724 510 Secundo,
1745 464 1813 501 ibi:
1838 465 1938 506 Quid
1955 465 2102 513 quidem
2124 465 2241 514 igitur
2259 471 2341 510 etc.‚
2359 471 2482 501 osten-

1422 515 1474 552 dit
1503 517 1808 564 convenientiam
1837 525 1873 554 et
1902 517 2153 554 differentiam
2178 517 2273 554 inter
2299 517 2483 565 principia

1422 575 1458 604 et
1485 580 1563 605 non
1582 569 1776 618 principia.
1799 570 2044 607 Conveniunt
2063 570 2166 606 enim
2189 570 2373 618 principia
2393 582 2482 606 cum

1421 632 1499 657 non
1526 621 1718 670 principiis
1746 623 1784 659 in
1811 623 1898 670 hoc,
1929 623 2033 671 quod
2059 623 2107 660 de
2134 623 2304 671 utrisque
2333 630 2483 671 oportet

1421 673 1603 721 accipere,
1626 674 1732 722 quasi
1748 676 2013 734 supponendo
2043 676 2133 724 quid
2157 676 2378 725 significent,
2408 681 2444 712 et
2460 675 2481 696 *
2509 677 2603 725 ζςῇξξξῗ
2607 680 2724 726 gfff-gij

1414 726 1556 774 prima,
1577 726 1673 763 idest
1699 727 1894 786 principia,
1924 734 1960 764 et
1985 740 2081 776 quae
2107 734 2194 765 sunt
2219 741 2270 765 ex
2295 729 2363 774 his,
2386 728 2483 765 idest
2509 733 2564 751 ‘ex‘-

1421 790 1519 826 quae
1548 791 1594 815 ex
1620 779 1811 837 principiis
1840 788 2055 818 sumuntur:
2082 781 2170 830 quia
2198 782 2299 829 quod
2324 781 2414 830 quid
2431 787 2485 818 est

1420 831 1573 879 proprie
1600 831 1761 879 pertinet
1789 833 1838 869 ad
1871 833 2065 870 scientiam
2101 846 2199 883 quae
2228 842 2284 871 est
2318 834 2365 871 de
2394 834 2481 871 sub—

1422 884 1574 931 stantia,
1605 884 1744 921 scilicet
1772 885 1820 921 ad
1842 886 2117 934 philosophiam
2134 887 2312 934 primam,
2333 899 2355 923 a
2370 899 2446 935 qua
2461 887 2481 908 ²¹

1422 948 1557 973 omnes
1586 937 1679 973 aliae
1694 938 1714 958 *
1739 938 1814 974 hoc
1833 938 2030 986 accipiunt.
2054 939 2131 976 Sed
2150 940 2188 976 in
2207 941 2282 976 hoc
2302 940 2480 976 differunt
2511 968 2553 988 .„
2563 968 2724 989 „mmm-2„

1419 989 1614 1038 principia,
1636 997 1672 1025 et
1692 1001 1790 1038 quae
1810 998 1896 1027 sunt
1916 1003 1961 1027 ex
1979 991 2181 1040 principiis,
2207 993 2296 1041 quia
2316 992 2362 1029 de
2380 993 2481 1041 prin·
2511 993 2559 1041 {5223
2566 1000 2726 1041 ’3333πέιῖ-

1421 1042 1526 1090 cipiis
1557 1049 1708 1090 oportet
1735 1042 1906 1091 accipere
1932 1045 2185 1092 supponendo
2215 1046 2316 1093 quod
2340 1051 2428 1082 sunt
2450 1043 2480 1091 ις;
2609 1047 2623 1072 ὅ

1422 1095 1470 1132 de
1499 1094 1578 1131 aliis
1611 1102 1757 1142 autem,
1788 1107 1886 1144 quae
1915 1104 2001 1133 sunt
2029 1109 2074 1133 ex
2101 1097 2302 1146 principiis,
2333 1106 2483 1146 oportet

1422 1147 1684 1184 demonstrare
1703 1148 1792 1195 quia
1810 1154 1906 1184 sunt.
1928 1149 2039 1185 'Sicut
2066 1149 2105 1186 in
2128 1150 2402 1187 mathematicis
2422 1163 2482 1187 ac-

1422 1200 1556 1248 cipitur
1583 1201 1837 1249 supponendo
1872 1208 1909 1237 et
1936 1202 2026 1249 quid
2053 1210 2108 1238 est
2131 1203 2270 1249 unitas,
2301 1215 2398 1252 quae
2427 1211 2483 1240 est

1420 1253 1661 1302 principium,
1683 1261 1719 1290 et
1738 1253 1830 1302 quid
1849 1261 1906 1290 est
1933 1262 2090 1301 rectum,
2113 1263 2149 1291 et
2169 1255 2259 1303 quid
2283 1263 2343 1292 ¹est
2370 1256 2481 1293 trian-

1421 1307 1541 1354 gulus,
1569 1318 1667 1355 quae
1695 1318 1774 1342 non
1802 1314 1890 1343 sunt
1915 1307 2111 1356 principia,
2133 1308 2201 1344 sed
2228 1309 2425 1356 passiones
2453 1315 2481 1345 ⁶:

1421 1359 1490 1396 sed
1517 1359 1622 1408 quod
1642 1359 1765 1396 unitas
1793 1359 1940 1407 sit,'aut
1959 1360 2063 1409 quod
2092 1361 2312 1408 magnitudo
2342 1361 2402 1407 sit,
2424 1374 2483 1398 ac-

1422 1412 1510 1460 cipit
1537 1412 1827 1449 mathematicus
1847 1413 1953 1461 quasi
1980 1413 2185 1462 principia;
2207 1414 2278 1450 alia
2296 1426 2390 1451 vero
2420 1414 2483 1451 de-

1421 1473 1617 1512 monstrat,
1638 1465 1777 1501 scilicet
1795 1478 1893 1514 quae
1922 1474 2008 1502 sunt
2028 1478 2073 1502 ex
2091 1466 2294 1516 principiis.
2315 1468 2485 1504 Demon-

1422 1525 1511 1555 strat
1539 1518 1642 1554 enim
1674 1518 1903 1566 triangulum
1938 1519 2211 1568 aequilaterum
2241 1527 2276 1556 et
2304 1520 2484 1567 angulum

1422 1578 1579 1617 rectum,
1602 1578 1637 1607 et
1665 1570 1778 1607 etiarn
1807 1571 1906 1608 hanc
1933 1571 2072 1608 lineam
2102 1580 2244 1609 rectam
2273 1585 2366 1609 esse.

1480 1625 1511 1661 5.
1533 1623 1681 1660 Deinde
1711 1636 1798 1660 cum
1829 1623 1936 1660 dicit:
1956 1626 2053 1661 Sunt
2077 1631 2201 1662 autem
2231 1626 2363 1674 quihus
2391 1633 2482 1672 etc.‚

1423 1676 1614 1724 distinguit
1631 1676 1814 1725 principia
1834 1677 1882 1714 ad
1897 1677 2062 1714 invicem
2079 1678 2116 1714 *ε
2138 1686 2175 1714 et
2192 1678 2329 1726 primo,
2349 1678 2485 1726 princi-

1421 1729 1486 1778 pia
1502 1729 1666 1778 —propria
1694 1741 1716 1765 a
1745 1730 2035 1776 communibus;
2057 1731 2238 1778 secundo,
2264 1731 2485 1767 communia

2511 372 2519 379 ·
2538 370 2596 391 Vera
2612 370 2723 393 omittunt

2511 396 2578 419 codd.
2587 408 2598 412 -
2606 396 2641 419 Cf.
2653 401 2708 419 text.

2512 887 2572 909 ·.cf
2583 888 2634 909 lect.
2646 895 2724 919 praec

2511 920 2533 935 n
2535 921 2570 940 4-
2579 916 2728 942 x2pr1m.vel

2511 940 2540 961 de
2554 943 2613 967 ente,
2629 947 2644 962 a
2659 947 2715 972 qua.

2513 1689 2522 1697 '¹
2530 1694 2570 1709 sc:
2581 1688 2724 1710 abinvicem.

2512 1798 2520 1805 ·
2531 1802 2634 1828 'accos-r:
2650 1798 2679 1819 ab
2689 1805 2725 1820 m-

2511 1823 2590 1845 vicem.

1423 1835 1552 1871 Prima
1581 1834 1759 1871 dividitur
1777 1835 1815 1871 in
1835 1835 1946 1881 duas;
1967 1836 2005 1872 in
2032 1836 2156 1884 prima
2170 1837 2202 1883 ²⁸,
2224 1836 2356 1873 dividit
2382 1836 2523 1887 prin·
2511 1850 2534 1860 *⁴
2549 1850 2611 1871 tect.
2622 1857 2671 1878 seq.

1423 1887 1520 1936 cipia
1546 1887 1700 1936 propria
1720 1895 1756 1924 et
1771 1889 2009 1935 communia3
2025 1889 2063 1926 in
2078 1889 2256 1936 secunda,
2272 1889 2485 1926 manifestat
2512 1876 2726 1925 mcff‘fffezfflff·

1423 1940 1619 1989 quoddam
1647 1940 1752 1989 quod
1779 1948 1928 1989 poterat
1957 1954 2039 1978 esse
2069 1942 2246 1988 dubium;
2273 1942 2342 1979 ibi:
2367 1943 2485 1984 Quas-

1423 1994 1510 2030 dam
1539 1999 1663 2030 tamen
1691 1993 1896 2030 scientias*
1927 2001 2021 2031 etc.=
2513 2008 2524 2019 ν
2538 2008 2652 2029 πωπω.

1477 2047 1513 2084 6.
1535 2046 1646 2083 Circa
1672 2046 1840 2096 primum
1869 2046 1938 2083 tria
1966 2046 2062 2084 facit.
2084 2047 2227 2094 Primo,
2256 2047 2364 2096 ponit
2392 2047 2485 2084 divi-

1419 2229 1526 2261 proinde
1545 2230 1668 2254 lectorem
1691 2230 1854 2254 remittimus.
1880 2230 1931 2255 Sed
1953 2235 2086 2262 praeterea
2111 2230 2256 2254 notavimus
2284 2229 2343 2254 alibi
2363 2230 2486 2262 (lect.1v‚

1419 2269 1472 2289 not.
1487 2265 1516 2297 π)
1537 2265 1782 2289 demonstrationem
1807 2273 1859 2289 non
1878 2273 1938 2290 esse
1956 2265 2128 2289 conditionem
2146 2265 2274 2295 veritatis,
2294 2265 2340 2289 sed
2359 2265 2484 2290 conditio-

1420 2307 1481 2324 nem
1495 2301 1615 2324 scientiae
1629 2301 1710 2324 nostri
1724 2300 1876 2330 intellectus,
1891 2301 1934 2332 qui
1949 2308 2008 2324 cum
2022 2307 2074 2324 uno
2089 2300 2180 2324 intuitu
2193 2301 2313 2324 veritates
2328 2307 2419 2324 omnes
2434 2308 2486 2325 non

1420 2335 1512 2366 videat,
1523 2336 1602 2359 utitur
1612 2335 1837 2365 demonstratione,
1851 2336 1925 2367 quasi
1935 2336 2105 2360 instrumento
2115 2335 2147 2359 ad
2157 2335 2367 2367 cognoscendum
2380 2336 2486 2360 easdem

1420 2370 1555 2395 veritates:
1575 2378 1606 2395 ex
1625 2378 1677 2402 quo
1696 2371 1813 2402 sequitur
1832 2371 1902 2403 quod
1922 2371 2040 2403 quamvis
2060 2371 2164 2395 scientia
2182 2375 2279 2400 nostra,
2299 2377 2329 2394 ex
2348 2378 2400 2402 qua
2414 2376 2486 2402 parte

1421 2410 1462 2429 est
1480 2405 1590 2438 cognitio
1609 2410 1635 2429 et
1653 2411 1721 2430 certa
1740 2405 1862 2438 cognitio,
1882 2406 1915 2430 sit
1933 2406 2033 2430 animae
2052 2410 2155 2430 nostrae
2173 2405 2333 2429 nobilissima
2351 2405 2485 2437 perfectio,

1420 2445 1507 2464 tamen
1525 2448 1556 2464 ex
1575 2441 1662 2470 modo,
1681 2445 1808 2472 quatenus
1828 2441 2019 2465 ratiocinatione
2038 2441 2191 2473 indigemus,
2211 2440 2260 2464 hoc
2279 2445 2319 2464 est
2337 2442 2485 2465 successive

1421 2481 1446 2500 et
1461 2476 1493 2500 de
1506 2480 1567 2499 noto
1582 2476 1613 2500 ad
1628 2476 1744 2508 ignotum
1758 2475 1965 2508 investigandum
1979 2476 2152 2507 procedimus,
2167 2476 2272 2500 scientia
2284 2481 2374 2500 nostra
2388 2476 2484 2508 aliquid

1420 2510 1498 2535 habet
1517 2510 1715 2543 imperfectionis
1735 2510 1784 2543 (Cf.
1798 2511 1827 2535 P.
1842 2511 1864 2541 1,
1880 2511 1930 2541 Qu.
1944 2518 1996 2541 xrv,
2010 2510 2080 2535 artic.
2094 2518 2138 2541 vn,
2158 2515 2184 2535 et
2198 2510 2248 2540 Qu.
2262 2518 2338 2540 cvm,
2353 2511 2423 2535 artic.
2438 2511 2486 2543 111).

1420 2546 1490 2578 Ergo
1509 2546 1552 2570 ubi
1571 2546 1664 2570 veritas
1683 2554 1714 2570 ex
1732 2553 1761 2570 se
1780 2551 1806 2570 et
1824 2546 1879 2570 sine
1898 2546 2116 2570 demonstratione
2132 2550 2225 2578 pateat,
2240 2553 2292 2570 non
2308 2546 2423 2570 defectus
2438 2551 2486 2577 est,

1422 2581 1469 2605 sed
1487 2581 1610 2613 perfectio
1616 2589 1623 2611 ;
1644 2586 1669 2605 et
1687 2581 1823 2605 ridiculum
1837 2586 1907 2605 esset
1925 2581 1974 2606 hoc
1993 2582 2018 2605 in
2037 2588 2099 2605 casu
2118 2588 2212 2613 negare
2232 2581 2377 2605 evidentem
2394 2582 2486 2606 verita-

1421 2621 1475 2640 tem
1494 2621 1628 2648 propterea
1647 2616 1718 2648 quod
1736 2624 1788 2640 non
1807 2621 1847 2640 est
1865 2616 1981 2648 quaesita
1998 2623 2046 2648 per
2064 2616 2323 2646 demonstrationem;
2342 2624 2394 2640 non
2410 2623 2486 2640 secus

1422 2658 1451 2675 ac
1469 2651 1591 2675 ridiculus
1611 2656 1681 2675 esset
1699 2652 1721 2675 si
1739 2651 1798 2683 quis
1817 2656 1922 2684 negaret
1935 2659 1965 2676 se
1979 2656 2049 2676 certo
2067 2656 2154 2676 tenere
2170 2651 2239 2683 quod
2254 2651 2338 2681 habet,
2353 2656 2488 2683 propterea

1422 2686 1493 2718 quod
1511 2686 1574 2711 illud
1592 2694 1644 2710 non
1662 2685 1779 2710 habuerit
1798 2686 1954 2718 quaerendo.
1974 2687 2001 2711 In
2019 2687 2136 2718 sequenti
2155 2686 2263 2710 lectione
2283 2686 2390 2716 additur,
2405 2687 2488 2718 prima

1422 2721 1543 2746 scientiae
1560 2726 1664 2746 nostrae
1677 2722 1799 2753 principia
1816 2722 1912 2746 nedum
1925 2729 1984 2746 esse
1998 2729 2066 2751 vera,
2080 2722 2146 2746 sicut
2160 2726 2244 2746 cetera
2257 2721 2377 2753 principia
2396 2729 2487 2745 secun-

1423 2756 1505 2787 daria,
1521 2757 1567 2780 sed
1582 2757 1658 2781 etiam
1672 2757 1847 2781 necessarium
1863 2764 1922 2781 esse
1934 2757 2014 2781 videri
2029 2764 2097 2786 vera,
2109 2757 2169 2789 quia
2183 2764 2235 2780 non
2249 2757 2365 2780 exteriori
2380 2757 2486 2787 ratione,

1423 2799 1470 2816 seu
1483 2799 1536 2815 non
1550 2791 1636 2816 medio
1650 2792 1749 2824 aliquo,
1765 2792 1811 2816 sed
1821 2792 1968 2816 immediate
1986 2797 2012 2816 et
2026 2793 2111 2816 statim
2126 2799 2156 2815 ex
2170 2797 2259 2816 natura
2277 2792 2381 2816 rationis
2397 2792 2428 2815 ad
2442 2799 2487 2816 ve-

1422 2827 1524 2851 ritatem
1542 2827 1673 2852 ordinatae
1692 2827 1867 2859 intelliguntur
1886 2827 1936 2860 (Cf.
1947 2827 2004 2851 lect.
2020 2834 2085 2859 seq„
2100 2831 2152 2850 not.
2167 2827 2202 2858 η).

1476 2861 1550 2892 Infra‚
1570 2862 1595 2886 in
1609 2863 1732 2894 principio
1746 2870 1771 2886 n.
1785 2869 1815 2893 4,
1830 2862 1904 2886 codd.
1917 2861 2262 2891 ACDEGHLMNOQRST:
2281 2861 2397 2885 ostendit
2412 2861 2440 2885 di
2459 2868 2485 2885 e-

1423 2897 1538 2922 rentiam
1554 2897 1623 2922 inter
1632 2897 1768 2928 principia
1781 2900 1808 2922 et
1822 2905 1874 2921 non
1885 2897 2029 2928 principia,
2041 2900 2067 2921 et
2078 2895 2110 2930 (N
2121 2900 2146 2921 et
2156 2896 2247 2928 etiam)
2262 2896 2471 2921 convenientiam
2478 2903 2487 2924 ,-

1423 2932 1469 2956 BI:
1484 2932 1600 2957 ostendit
1613 2932 1790 2965 differentiam
1805 2932 2056 2961 etconuenientiam,
2072 2937 2148 2956 ceter.
2163 2936 2191 2955 ut
2204 2931 2223 2955 P
2229 2939 2236 2962 ;
2252 2931 2288 2955 K:
2303 2931 2419 2955 ostendit
2434 2931 2486 2964 dis-

1416 2967 1564 3000 serentium
1587 2967 1657 2992 inter
1671 2974 1722 2991 non
1742 2967 1879 2999 principia
1899 2970 1925 2992 et
1943 2966 2092 2998 principia,
2112 2969 2139 2990 et
2151 2966 2370 2990 convenientiam.

1476 3001 1500 3033 δ)
1521 3002 1700 3034 Supponendo
1715 3002 1785 3033 quod
1798 3005 1898 3027 sunt.-
1909 3002 1979 3026 Haec
1994 3001 2068 3025 lectio
2083 3001 2161 3025 Piana
2176 3001 2249 3025 datur
2262 3009 2277 3025 a
2296 3001 2370 3025 codd.
2385 3001 2433 3031 1L;
2447 3001 2484 3025 K:

1425 3037 1487 3069 quia
1501 3037 1562 3062 sint.
1578 3037 1659 3061 Codd.
1678 3037 1873 3061 BCENORST:
1892 3037 2062 3068 supponendo
2082 3036 2153 3068 quod
2170 3036 2231 3060 sint.
2251 3036 2332 3060 Codd.
2347 3036 2484 3060 ADGHM:

1423 3072 1596 3104 supponendo
1615 3072 1680 3103 quid
1697 3072 1751 3096 sint
1756 3079 1766 3101 ;
1785 3072 1823 3102 Q:
1841 3072 2013 3103 supponendo
2028 3078 2095 3105 quae
2108 3071 2151 3096 sit.
2161 3084 2179 3091 —·
2191 3071 2268 3101 Quod
2286 3074 2347 3095 sunt
2360 3071 2401 3095 vel
2415 3071 2487 3103 quod

1423 3107 1490 3136 sint,
1509 3107 1572 3139 quia
1590 3107 1645 3131 sint
1661 3107 1703 3131 vel
1721 3110 1789 3137 sunt,
1810 3107 1931 3131 eumdem
1950 3106 2045 3131 habent
2063 3113 2184 3136 sensum;
2204 3106 2250 3130 sed
2269 3110 2323 3129 tum
2343 3106 2414 3137 quid,
2430 3110 2486 3130 tum

1425 3149 1499 3173 quae,
1513 3146 1575 3166 sunt
1589 3142 1711 3166 lectiones
1724 3149 1833 3174 prorsus
1848 3149 1983 3166 erroneae:
1999 3142 2094 3166 dictum
2105 3146 2144 3166 est
2154 3141 2222 3165 enim
2237 3141 2295 3165 lect.
2303 3148 2329 3171 11,
2344 3149 2369 3164 n.
2378 3140 2400 3171 3,
2416 3141 2486 3173 quod

1425 3177 1457 3201 de
1469 3177 1599 3209 principiis
1619 3184 1672 3201 non
1686 3177 1851 3208 cognoscitur
1864 3177 1928 3208 quid
1942 3180 2011 3205 sunt,
2026 3177 2072 3201 sed
2087 3177 2173 3200 solum
2189 3176 2259 3208 quia,
2270 3183 2324 3205 seu,
2340 3176 2411 3207 quod
2423 3183 2486 3200 vera

1424 3215 1493 3236 sunt.
1508 3212 1541 3235 Et
1559 3210 1725 3235 confirmatur
1739 3219 1768 3235 ex
1782 3211 1830 3242 his,
1846 3219 1913 3243 quae
1927 3211 2073 3235 immediate
2092 3211 2210 3235 dicuntur
2229 3211 2278 3242 (Cf.
2293 3210 2365 3241 infra,
2380 3215 2432 3234 not.
2448 3210 2486 3244 μ).

1478 3246 1499 3277 ε)
1513 3246 1567 3270 Sed
1577 3246 1750 3277 passiones.—
1760 3246 1841 3270 Codd.
1852 3246 1915 3278 (exc.
1926 3246 1947 3270 E
1958 3251 1983 3271 et
1993 3254 2074 3278 marg.
2085 3246 2116 3278 S)
2131 3245 2253 3270 omittunt
2264 3245 2351 3275 verba,
2365 3246 2413 3270 sed
2421 3252 2486 3277 pas-

1424 3281 1517 3310 siones,
1537 3288 1604 3313 quae
1622 3288 1711 3305 revera
1728 3281 1810 3305 omitti
1829 3286 1957 3313 possunt,
1976 3282 2023 3306 sed
2036 3286 2122 3305 tamen
2141 3280 2356 3312 subintelligenda
2376 3285 2436 3304 sunt
2455 3288 2486 3305 ex

1426 3316 1498 3340 dictis
1514 3316 1570 3340 lect.
1581 3323 1607 3346 n,
1623 3323 1648 3340 n.
1661 3315 1684 3346 3,
1699 3316 1770 3347 quod
1785 3323 1879 3348 nempe
1894 3317 1926 3340 de
1940 3316 2061 3348 passione
2075 3315 2300 3348 praecognoscitur
2315 3315 2380 3346 quid
2393 3318 2446 3344 est,
2460 3320 2487 3340 et

1425 3350 1584 3375 concluditur
1603 3350 1664 3381 quia
1683 3353 1730 3375 est.
1750 3350 1814 3375 Cod.
1833 3351 1857 3374 H
1877 3358 1984 3375 erronee
2002 3350 2095 3375 omittit
2118 3357 2169 3374 non
2189 3355 2214 3374 et
2232 3350 2306 3382 legit:
2332 3357 2399 3382 quae
2421 3353 2486 3375 sunt

1419 3385 1556 3417 principia
1562 3392 1571 3413 ;
1590 3385 1611 3409 1:
1631 3388 1657 3409 et
1675 3385 1738 3410 haec
1757 3392 1808 3410 non
1827 3388 1890 3409 sunt
1902 3386 2046 3417 principia.

1478 3420 1601 3452 Sequitur
1620 3420 1645 3444 in
1658 3420 1737 3444 Piana
1755 3425 1780 3444 et
1793 3420 1820 3444 in
1834 3420 1908 3444 codd.
1924 3420 1988 3452 (exc.
2002 3420 2097 3452 AGK):
2116 3420 2163 3444 sed
2179 3419 2250 3451 quod
2266 3419 2355 3444 unitas
2369 3420 2405 3445 sit
2423 3424 2485 3450 etc.;

1425 3460 1451 3479 et
1469 3460 1509 3479 est
1523 3455 1597 3479 lectio
1611 3462 1671 3479 vera
1685 3455 1719 3479 ob
1734 3455 1859 3479 rationem
1872 3455 2028 3487 assignatam
2042 3455 2068 3479 in
2082 3454 2207 3487 superiori
2221 3460 2294 3485 nota;
2308 3455 2344 3479 G:
2363 3455 2410 3479 sed
2423 3455 2486 3486 quia

1426 3490 1514 3515 unitas
1531 3490 1574 3518 sit,
1594 3495 1619 3514 et
1638 3494 1676 3514 est
1694 3490 1763 3514 idem
1783 3497 1884 3520 sensus,
1903 3494 1931 3514 ut
1949 3490 1983 3514 ib.
1999 3490 2122 3520 diximus3
2141 3491 2246 3522 insuper
2263 3489 2311 3514 sed
2329 3490 2392 3522 quia
2409 3490 2489 3515 habet

1425 3525 1501 3549 etiam
1524 3525 1637 3549 semnda
1660 3532 1738 3549 manu
1761 3525 1796 3555 K,
1822 3525 1879 3549 loco
1904 3525 1951 3549 sed
1970 3525 2041 3556 quod
2064 3524 2163 3557 primae
2182 3532 2288 3549 manus:
2314 3530 2405 3557 postea
2423 3532 2486 3549 vero

1425 3559 1499 3592 legit:
1514 3563 1562 3584 aut
1576 3560 1639 3591 quia
1653 3559 1878 3592 magnitudo.—A
1892 3559 1974 3592 prima
1988 3567 2066 3584 manu
2089 3559 2200 3584 habebat
2213 3559 2261 3585 sed
2275 3560 2351 3592 quid,
2371 3565 2397 3585 at
2415 3567 2487 3585 error

1424 3595 1536 3620 secunda
1555 3602 1633 3619 manu
1656 3595 1801 3628 corrigitur:
1819 3595 1867 3620 sed
1886 3595 1964 3627 quod.

2279 3648 2344 3680 27*
