2548 4192
2230 265 2382 292 CCCXXIX

798 528 1441 593 DISSERTATIO
1504 530 1766 592 XXXI.

427 685 494 725 De
523 687 715 735 quatuor
743 684 893 724 sancti
920 682 960 723 T
961 685 1124 724 homae
1153 685 1394 735 Aquinatis
1422 685 1538 725 locis
1566 697 1621 725 ac
1650 686 1880 725 doctrinae
1910 686 2147 736 capitibus,

608 756 764 806 inepta
792 758 837 796 et
865 755 1036 796 iniusta
1064 768 1261 796 censura
1287 756 1462 796 notatis
1490 769 1520 796 a
1547 757 1720 797 Ioanne
1748 756 1965 797 Fabricio.

587 1129 787 1166 CAPUT
823 1130 849 1166 1.

188 1227 312 1252 Sancmm
330 1225 462 1251 'rhomam
481 1229 553 1250 notat
570 1225 679 1250 loannes
700 1225 832 1250 Fabricius
851 1226 884 1250 de
903 1225 1030 1250 mendoso
1044 1223 1127 1249 indice
1145 1222 1263 1254 Gregorii

259 1261 347 1294 Magni
365 1268 444 1294 super
463 1260 584 1286 Cantica:
608 1269 738 1293 quaenam
756 1261 874 1286 eiusdem
893 1260 969 1285 fuerit
986 1260 1012 1284 in
1031 1259 1179 1284 huiusmodi
1199 1258 1264 1283 indi-

260 1297 333 1322 cibus
352 1296 490 1329 diligentia.
513 1296 581 1321 Ante
599 1296 756 1329 Aquinatem
776 1296 845 1321 idem
866 1296 942 1320 index
961 1295 1103 1320 mendosus
1127 1295 1219 1327 legitur
1238 1294 1264 1318 in

259 1332 383 1365 Magistro
400 1331 593 1361 Sententiarum
613 1331 690 1356 Petro
707 1331 865 1356 Lombardo:
880 1332 947 1356 unde
959 1330 1067 1355 Fabricii
1081 1338 1190 1355 censura
1203 1329 1263 1354 insi-

150 1392 154 1394 ,
193 1388 201 1391 ,
223 1363 381 1401 >minisei
398 1366 500 1392 iniusta.
518 1366 633 1391 Vitiosae
647 1367 792 1400 praedictae
811 1366 936 1391 citationis
955 1366 1040 1398 origo:
1056 1374 1088 1390 an
1104 1373 1166 1397 ergo
1177 1365 1263 1398 potius

259 1403 383 1428 Glossam
402 1410 482 1435 quam
501 1402 656 1433 Gregorium
675 1410 737 1427 vere
756 1402 871 1427 citaverit
883 1407 986 1427 sanctus
999 1401 1124 1426 Thomas.
1138 1401 1264 1426 Huiusce-

260 1439 332 1464 modi
351 1446 475 1464 censurae
489 1438 516 1463 in
531 1437 663 1462 ’rhomam
677 1437 862 1471 ineptissimae.
877 1438 950 1462 Bona
964 1442 990 1462 et
1003 1437 1101 1470 optima
1115 1435 1180 1462 fides
1199 1436 1263 1461 eius.

308 1544 310 1547 >
335 1560 338 1563 ‚
383 1548 457 1587 >
488 1537 644 1571 μοεῃῃεε
671 1528 833 1559 Fabricius
866 1528 899 1558 in
932 1529 1070 1559 secunda
1097 1528 1265 1559 Historiae

279 1545 366 1622 ‘ig
400 1546 496 1626 ast*
510 1572 728 1604 bibliothecae
756 1573 970 1603 Fabricianae
993 1579 1091 1613 parte,
1114 1582 1204 1603 num.
1227 1573 1262 1602 13

262 1614 266 1619 ’
291 1587 329 1646 g-
339 1625 358 1649 2!
398 1593 473 1661 gai·
488 1616 503 1637 ='
523 1624 663 1648 recenset
677 1617 816 1647 Diomae
824 1618 994 1657 Aquinatis
1004 1617 1169 1648 Summam
1180 1617 1265 1647 theo-

279 1674 289 1700 g
319 1666 359 1680 ²¹
398 1656 450 1703 75³«
462 1664 511 1697 {x
523 1662 631 1702 logiae
653 1661 810 1692 Coloniae
830 1671 915 1692 anno
936 1662 1016 1692 1622
1033 1661 1116 1702 typis
1136 1660 1263 1691 editam.

479 1750 661 1790 colligit,
692 1759 774 1790 quae
801 1759 875 1780 sane
906 1756 961 1780 aut
991 1749 1098 1780 minus
1122 1755 1265 1779 accurata

492 1797 507 1802 ’”
522 1801 606 1832 sunt,
631 1800 686 1824 aut
701 1794 818 1834 inepta,
838 1800 893 1824 aut
909 1793 996 1831 falsa,
1021 1800 1057 1824 ut
1076 1793 1263 1824 sanctissimi

191 1840 339 1873 Doctoris
355 1839 487 1880 eiusque
503 1837 656 1878 postremi
680 1837 794 1877 Operis
815 1838 936 1868 claritas
954 1844 984 1868 et
999 1838 1168 1868 auctoritas
1184 1847 1264 1878 quo-

191 1895 258 1928 quo
278 1884 377 1915 modo
401 1883 576 1914 infuscetur
592 1880 634 1912 'ac
657 1882 830 1912 minuatur.
854 1882 996 1922 Singula,
1015 1892 1098 1923 quae
1114 1881 1175 1912 fide
1192 1892 1265 1922 pro-

190 1929 375 1961 testantium
398 1934 452 1958 aut
475 1926 597 1957 criticae
620 1926 908 1966 intemperantioris
931 1927 1103 1957 hominum
1126 1926 1266 1957 adhibita

192 1979 413 2015 opponuntur,
429 1971 541 2002 referre
558 1971 620 2001 hoc
635 1970 708 2001 loco
725 1981 792 2000 non
808 1971 913 2009 lubet,
931 1981 1005 2002 cum
1022 1981 1058 2001 ea
1077 1970 1109 2001 in
1121 1972 1266 2011 praeviis

190 2017 467 2050 Admonitionibus
483 2022 538 2046 aut
552 2015 841 2046 Dissertationibus
864 2015 978 2046 nostris
994 2015 1146 2046 hactenus
1165 2015 1198 2046 in
1218 2015 1265 2045 lu-

192 2073 262 2094 cem
285 2061 428 2099 emissis,
455 2067 510 2091 aut
535 2059 727 2090 validissime
755 2059 888 2090 refutata
911 2060 974 2091 sint
1005 2067 1060 2091 aut
1083 2060 1264 2099 diligentius

193 2113 344 2138 enarrata.
367 2106 472 2136 Pauca
488 2110 659 2135 occurrunt
682 2104 721 2134 ab
742 2104 813 2144 ipso
836 2104 980 2135 Fabricio
1000 2105 1159 2142 adnotata,
1184 2114 1265 2145 quae

192 2161 268 2183 cum
283 2149 440 2181 momenti
454 2149 621 2190 quidpiam
636 2148 803 2179 videantur
816 2148 941 2187 habere,
953 2149 993 2179 ad
1007 2159 1138 2179 examen
1153 2158 1266 2180 vocare

192 2201 338 2236 praestat.

257 2239 376 2279 Pagina
396 2238 437 2268 88
453 2238 486 2268 in
502 2237 640 2268 editione
664 2236 780 2268 scilicet
798 2237 1055 2268 Wolfenbuttelii
1074 2247 1159 2268 anno
1184 2237 1265 2278 1718

193 2291 310 2322 curata,
334 2283 378 2314 sic
402 2283 446 2313 ait
468 2289 596 2313 censor:
629 2282 727 2312 Nunc
747 2282 964 2322 depromenda
987 2287 1074 2319 sunt,
1099 2291 1182 2322 quae
1205 2283 1268 2313 viri

192 2328 312 2360 eruditi
331 2328 394 2358 hac
416 2328 448 2358 in
468 2327 603 2357 Summa
627 2324 836 2368 (theologiae)
860 2327 1073 2357 observarunt
1099 2331 1267 2356 notarunt-

191 2383 263 2414 que:
287 2373 456 2410 Quaenam
473 2381 549 2401 vero
566 2378 596 2402 et
612 2377 693 2411 quot
715 2370 769 2400 illa
793 2377 877 2408 sunt,
901 2381 983 2411 quae
999 2381 1018 2401 a
1034 2380 1120 2400 novo
1137 2380 1266 2401 censore

193 2417 310 2448 iterum
332 2415 466 2456 proferri
495 2425 531 2446 ac
558 2414 703 2455 redargui
734 2415 918 2452 debuerint;
950 2415 1103 2445 nimirum
1129 2422 1268 2454 quatuor

192 2468 319 2492 tantum
342 2466 559 2497 numerantur,
583 2459 634 2489 vel
657 2469 739 2500 quae
762 2459 892 2499 insuper
915 2459 1059 2489 habenda
1080 2458 1203 2489 fuerant
1218 2466 1266 2490 ut-

192 2512 269 2546 pote
284 2505 442 2535 levissima
465 2504 515 2534 vel
531 2513 613 2544 quae
633 2504 744 2544 iniqua
763 2513 894 2534 censura
917 2504 1179 2543 perstringuntur.
1201 2504 1267 2534 Pri-

192 2560 286 2580 mum
301 2556 361 2580 est:
388 2562 402 2577 α
414 2549 447 2579 Ρ.
460 2548 472 2579 Ι
490 2546 599 2588 (parte
607 2547 746 2589 prima),
762 2555 883 2588 quaest.
899 2558 964 2585 vm,
984 2555 1039 2579 art.
1052 2555 1095 2578 111:
1111 2547 1175 2578 Sed
1193 2558 1266 2578 con-

196 2607 211 2623 »
234 2599 286 2625 tra
310 2599 356 2624 est
379 2593 464 2634 quod
489 2593 669 2633 Gregorius
691 2592 768 2623 dicit
794 2602 892 2632 super
917 2592 1012 2623 Cant.
1037 2592 1268 2623 Canticorum:

196 2651 211 2666 2
238 2637 332 2675 Quod
350 2639 442 2668 Deus
465 2637 627 2667 communi
646 2636 738 2667 modo
758 2642 805 2667 est
828 2638 860 2667 in
884 2637 1030 2668 omnibus
1053 2637 1148 2667 rebus
1168 2647 1267 2677 prae-

196 2694 210 2709 »
232 2684 357 2720 sentia,
383 2682 528 2722 potentia
553 2686 583 2712 et
605 2681 795 2711 substantia.
824 2681 887 2711 Hic
909 2681 1000 2711 locus
1024 2691 1091 2711 non
1115 2681 1269 2720 reperitur

197 2740 211 2755 »
234 2727 269 2757 in
284 2726 439 2766 Gregorio
455 2727 588 2764 Magno:
617 2726 766 2756 Ancillon
782 2726 928 2766 Me'lang.
946 2727 1066 2766 critiq.,
1080 2736 1113 2766 p.
1126 2726 1173 2762 II,
1185 2726 1268 2756 333.

195 2783 211 2799 ι
235 2774 279 2802 At
301 2771 380 2812 quid
403 2770 428 2801 si
452 2770 486 2800 in
509 2770 664 2810 Gregorio
688 2770 855 2810 Nysseno,
886 2770 942 2810 qui
973 2770 1066 2800 illum
1095 2771 1128 2800 in
1151 2770 1269 2800 librum

195 2828 210 2842 ›
235 2821 470 2846 commentatus
493 2811 561 2844 est?
589 2814 659 2844 Imo
682 2814 716 2844 in
740 2821 864 2844 nostrae
889 2814 1035 2844 editionis
1061 2815 1202 2855 margine
1226 2814 1268 2845 ci-

196 2871 212 2887 »
233 2866 317 2890 tatur
349 2859 502 2900 Gregorii
529 2859 578 2889 M.
606 2858 730 2889 Homil.
754 2869 808 2888 vm
842 2859 873 2888 in
901 2859 1118 2900 Ezechielem,
1153 2869 1268 2899 parurn

169 2911 173 2915 ’
196 2915 212 2930 ›
235 2910 307 2933 ante
330 2903 511 2934 medium.»

264 2948 347 2978 Inter
368 2948 619 2978 Dissertationes
639 2948 788 2987 triginta,
811 2946 844 2976 in
869 2957 936 2977 uno
959 2947 1124 2978 volumine
1141 2947 1173 2977 in
1191 2947 1269 2977 folio

197 2991 293 3022 simul
318 2991 482 3029 collectas,
511 2991 562 3021 De
583 2992 694 3031 gestis,
711 2996 741 3021 et
756 2992 904 3031 scriptis,
932 3001 973 3022 ac
994 2992 1141 3022 doctrina
1164 2993 1271 3022 sancti

202 3036 341 3066 Thomae
356 3036 537 3075 Aquinatis,
562 3035 724 3075 editasque
741 3035 880 3065 Venetiis
904 3046 989 3066 anno
1014 3038 1096 3077 1750
1121 3036 1206 3076 apud
1223 3036 1268 3066 Io.

197 3080 372 3119 Baptistam
400 3079 566 3119 Pasquali‚
600 3086 761 3119 postrema
784 3086 849 3117 est,
882 3080 937 3110 ubi
965 3080 1145 3120 diligentius
1169 3080 1271 3120 agitur

199 3124 300 3164 capite
318 3134 350 3153 xv
373 3123 411 3153 de
435 3123 527 3163 copia
549 3123 704 3160 lectionis,
729 3133 827 3164 quam
850 3124 945 3163 longe
969 3124 1094 3165 lateque
1110 3131 1271 3165 patentem

198 3168 232 3198 in
256 3174 364 3198 sancto
389 3167 518 3197 Thoma
541 3167 613 3197 satis
637 3167 776 3198 indicant
799 3168 867 3198 eius
891 3168 1008 3208 Opera,
1032 3169 1096 3199 sive
1120 3169 1210 3209 quod
1226 3175 1269 3198 at-

198 3212 277 3243 tinet
299 3212 340 3242 ad
357 3218 476 3242 veteres
494 3211 706 3251 philosophos
728 3211 792 3241 sive
806 3212 943 3242 maxime
962 3213 1002 3242 ad
1017 3213 1174 3243 Ecclesiae
1191 3213 1270 3243 chri-

199 3257 316 3287 stianae
335 3257 441 3286 Patres
465 3255 670 3295 scriptoresve
694 3256 799 3285 omnis
819 3256 896 3286 aevi.
920 3257 1085 3297 Anonymi
1102 3257 1198 3287 critici
1215 3257 1271 3286 viri

198 3301 354 3341 puerilem
370 3299 591 3339 castigavimus
607 3299 925 3338 animadversionem,
949 3301 1004 3340 qui
1021 3311 1096 3331 curn
1115 3307 1272 3331 recenseat

199 3345 365 3385 scriptores
382 3343 617 3381 ecclesiasticos,
642 3353 724 3384 quos
739 3344 849 3382 legerit
864 3345 1019 3381 Thomas,
1043 3351 1189 3375 numerat
1202 3351 1271 3374 tan-

199 3396 270 3420 tum
287 3390 487 3429 Magistrum
498 3388 748 3424 Sententiarum,
763 3388 926 3427 Epistolas
939 3389 1128 3429 Pontificum
1151 3389 1271 3418 Decre-

199 3435 282 3464 tales
305 3443 344 3464 ac
367 3434 528 3473 integrum
557 3432 706 3462 Gratiani
724 3432 909 3462 Decretum.
934 3432 1002 3462 Imo
1026 3432 1093 3462 sine
1116 3432 1215 3462 dubio
1239 3432 1272 3461 in

201 3478 286 3508 hisce
309 3477 417 3508 rivulis
442 3486 508 3506 non
531 3476 658 3506 sistebat
679 3476 832 3516 Aquinas,
856 3476 1023 3516 adibatque
1047 3476 1150 3506 fontes
1173 3475 1271 3515 ipsos,

202 3522 228 3552 si
250 3532 309 3562 pro
334 3520 450 3552 saeculi
474 3520 657 3551 conditione
675 3519 790 3550 liceret.
815 3520 946 3550 Patrum
963 3530 1069 3559 opera,
1093 3530 1174 3560 quae
1191 3520 1271 3549 bene

202 3566 303 3596 multa
322 3572 446 3606 praesto
468 3571 565 3602 erant,
589 3564 754 3594 evolvebat
777 3564 1032 3604 excutiebatque:
1066 3574 1102 3594 ac
1121 3563 1270 3594 novimus

200 3609 339 3650 insignes
364 3610 439 3640 alias
462 3609 696 3640 lucubrationes
715 3618 797 3649 quae
813 3608 1079 3647 desiderabantur,
1103 3608 1271 3648 diligentis—

346 3673 416 3705 Opp.
435 3673 466 3696 D.
486 3672 600 3696 Tuowm
619 3671 651 3696 T.
671 3671 688 3695 1.

1320 1126 1399 1157 sime
1423 1127 1461 1157 ab
1485 1126 1555 1166 ipso
1580 1126 1766 1166 perquisitas
1789 1127 1822 1157 in
1846 1128 2023 1167 codicibus,
2047 1129 2103 1169 qui
2125 1130 2262 1161 latebant
2284 1131 2317 1162 in
2341 1132 2388 1162 fo-

1320 1171 1406 1201 rulis.
1430 1172 1570 1201 Noverat
1592 1171 1660 1210 ipse
1692 1171 1901 1202 nihilominus
1925 1183 1990 1203 non
2010 1183 2110 1212 pauca
2129 1173 2186 1204 sibi
2211 1175 2317 1206 deesse
2340 1186 2388 1207 ec-

1321 1215 1491 1245 clesiastica
1506 1222 1727 1253 monumenta,
1752 1226 1833 1256 quae
1857 1217 1930 1247 alibi
1953 1217 2087 1247 indicata
2111 1225 2166 1249 aut
2185 1219 2217 1248 in
2241 1220 2389 1260 catalogis

1320 1259 1470 1290 recensita
1494 1259 1635 1299 legebat:
1669 1260 1878 1300 ipsorumque
1906 1260 2064 1291 defectum
2095 1268 2131 1292 ut
2159 1263 2266 1303 aliquo
2290 1265 2390 1295 modo

1321 1304 1491 1343 suppleret,
1509 1305 1655 1335 utebatur
1672 1305 1809 1335 Decreto
1828 1305 1988 1342 Gratiani,
2005 1312 2035 1335 et
2052 1305 2184 1344 Glossis,
2201 1314 2232 1338 et
2250 1308 2390 1346 Catenis,

1320 1347 1416 1388 idque
1440 1358 1540 1388 genus
1568 1348 1826 1386 collectionibus,
1859 1349 2139 1391 antiquiorumque
2167 1351 2391 1391 magistrorum

1321 1392 1454 1432 scriptis,
1479 1403 1560 1433 quae
1585 1393 1764 1424 serebantur
1786 1393 1840 1423 illa
1865 1400 1974 1424 aetate.
1999 1394 2090 1424 Hanc
2106 1395 2248 1425 lectionis
2265 1397 2392 1436 copiam

1319 1436 1353 1466 in
1369 1437 1528 1477 Aquinate
1544 1444 1575 1468 et
1589 1438 1670 1468 hanc
1694 1437 1761 1468 eius
1781 1438 1993 1468 eruditionem
2010 1438 2270 1478 splendidissimis
2286 1450 2390 1471 exem-

1321 1480 1381 1520 plis
1400 1491 1436 1511 ac
1453 1481 1540 1511 factis
1563 1482 1759 1513 inconcussis
1783 1482 1980 1513 ostendimus
1998 1482 2031 1512 in
2047 1482 2272 1514 Dissertatione
2289 1485 2391 1522 citata,

1321 1535 1402 1565 quae
1418 1526 1476 1556 sub
1490 1525 1725 1557 Admonitionis
1743 1527 1897 1566 praeviae
1912 1526 2005 1557 titulo
2020 1527 2153 1558 habetur
2166 1528 2199 1558 in
2214 1534 2304 1559 torno
2319 1529 2392 1560 XVI

1321 1569 1466 1609 Operum
1490 1570 1588 1600 sancti
1606 1571 1764 1608 Thomae,
1789 1581 1930 1611 quorum
1954 1571 2127 1602 editionem
2146 1573 2300 1603 Venetam
2323 1573 2355 1603 in
2371 1583 2394 1613 4

1320 1613 1438 1654 incepit
1461 1614 1615 1654 Iosephus
1638 1615 1840 1653 Bettinellus‚
1861 1625 1896 1646 ac
1915 1615 2119 1656 prosequitur
2143 1616 2395 1657 diligentioribus

1321 1658 1404 1698 typis
1428 1658 1537 1689 Simon
1565 1659 1672 1690 Occhi.

1388 1702 1487 1739 Quod
1510 1713 1570 1743 ego
1594 1703 1741 1733 Thomae
1765 1703 1932 1744 Aquinatis
1956 1703 2097 1744 elogium
2117 1705 2194 1735 dum
2214 1705 2323 1745 paucis
2346 1715 2394 1736 re-

1321 1752 1408 1786 peto,
1432 1757 1550 1777 naevos
1574 1747 1668 1778 etiam
1699 1747 1732 1777 in
1761 1747 1828 1778 eius
1852 1747 2011 1788 Operibus
2035 1758 2101 1779 non
2125 1749 2280 1788 diffiteor,
2312 1760 2395 1790 quos

1322 1797 1421 1821 aetate
1446 1801 1503 1821 sua
1526 1801 1709 1831 praecavere
1736 1802 1794 1822 nec
1817 1792 1935 1831 ingenii
1959 1793 2124 1831 acumine,
2155 1803 2213 1824 nec
2237 1794 2302 1824 ulla
2325 1794 2395 1824 dili-

1321 1835 1426 1875 gentia
1441 1845 1476 1865 ac
1490 1835 1643 1866 industria
1659 1843 1798 1876 poterat:
1821 1836 2000 1866 cuiusmodi
2016 1844 2099 1875 sunt,
2117 1838 2216 1868 alium
2231 1845 2395 1869 auctorem

1321 1889 1380 1919 pro
1400 1879 1463 1909 alio
1480 1879 1624 1919 allegare,
1641 1887 1671 1911 et
1687 1880 1814 1911 alterius
1830 1891 1912 1920 opus
1929 1881 2016 1911 alteri
2032 1882 2231 1920 substituere,
2248 1892 2283 1913 ac
2299 1883 2394 1913 libro-

1322 1934 1394 1954 rum
1417 1924 1506 1954 locos
1530 1925 1683 1955 mendose
1708 1925 1822 1963 citare,
1854 1931 1909 1955 aut
1937 1926 2110 1956 mendosos
2134 1926 2189 1967 qui
2212 1927 2396 1967 legebantur

1321 1967 1411 2009 sequi
1427 1968 1556 1999 indices.
1576 1969 1790 2009 Temporum,
1807 1969 1922 2010 quibus
1938 1970 2036 2000 vitam
2053 1970 2163 2010 agebat
2179 1971 2395 2012 Scribebatque

1320 2012 1475 2053 Aquinas,
1496 2013 1637 2044 conditio
1656 2013 1734 2044 haec
1753 2020 1834 2044 erat:
1859 2023 1940 2054 quae
1963 2020 2070 2045 tamen
2093 2025 2159 2045 non
2183 2015 2297 2054 obstat,
2314 2026 2394 2056 quo-

1322 2057 1428 2087 minus
1448 2057 1598 2088 Erasmus
1622 2058 1670 2088 vir
1693 2058 1907 2088 criticissimus
1931 2068 1967 2088 ea
1990 2058 2083 2089 laude
2099 2059 2292 2100 Aquinatem
2317 2060 2395 2090 cele-

1321 2101 1466 2139 braverit,
1491 2107 1526 2132 ut
1549 2103 1604 2142 qui
1627 2103 1677 2139 iis,
1701 2112 1784 2143 quae
1801 2112 1864 2142 per
1886 2113 1957 2133 eam
1982 2108 2195 2143 tempestatem
2221 2104 2394 2142 dabantur,

1321 2151 1387 2176 tam
1414 2146 1528 2176 dextre
1556 2147 1598 2177 sit
1628 2156 1716 2177 usus.
1747 2147 1863 2177 Menda
1887 2147 2110 2178 huiuscemodi
2141 2155 2214 2188 post
2243 2155 2394 2179 reseratos

1322 2190 1426 2221 fontes
1436 2191 1577 2229 Patrurn,
1593 2198 1666 2231 post
1680 2190 1797 2221 editam
1812 2191 2093 2222 ecclesiasticorum
2109 2199 2395 2223 monumentorum

1324 2235 1462 2274 copiam,
1487 2242 1624 2276 postque
1649 2235 1790 2275 plurium
1815 2235 2016 2266 saeculorum
2037 2236 2168 2266 sudores
2189 2236 2394 2277 laboresque,

1323 2278 1405 2309 facili
1426 2279 1555 2318 negotio
1580 2286 1634 2309 aut
1657 2279 1766 2309 omnia
1792 2286 1847 2310 aut
1869 2289 1950 2319 pene
1974 2280 2083 2310 omnia
2106 2281 2320 2311 emundarunt
2339 2291 2396 2311 no-

1323 2330 1432 2353 strates
1451 2323 1567 2364 aliique
1582 2323 1639 2353 viri
1656 2323 1903 2363 diligentissimi:
1927 2324 2113 2365 collatisque
2130 2325 2291 2356 codicibus
2306 2326 2396 2356 Tho-

1323 2378 1394 2398 mae
1418 2367 1659 2407 manuscriptiS,
1685 2369 1850 2398 observare
1874 2375 2048 2408 potuerunt
2077 2369 2250 2400 mendosos
2278 2370 2398 2400 indices

1322 2422 1389 2442 non
1413 2422 1532 2452 paucos
1556 2422 1621 2442 non
1646 2423 1662 2442 e
1687 2412 1809 2443 calamo
1833 2413 1981 2443 Thomae
2004 2412 2164 2453 profectos
2188 2423 2266 2451 esse,
2290 2415 2345 2444 sed
2361 2424 2399 2444 ex

1322 2456 1566 2486 amanuensium
1590 2463 1645 2487 aut
1667 2457 1907 2497 typothetarum
1930 2457 2052 2487 inscitia
2069 2464 2099 2488 et
2115 2458 2290 2489 oscitantia.

1390 2501 1428 2531 11.
1454 2501 1520 2531 Iam
1543 2511 1619 2531 vero
1639 2501 1678 2531 ad
1694 2501 1886 2531 mendosum
1903 2501 2055 2542 Gregorii
2068 2503 2187 2543 Magni
2199 2512 2297 2542 super
2313 2503 2397 2533 Can-

1321 2546 1385 2575 tica
1409 2545 1548 2575 indicem
1576 2555 1681 2575 sermo
1713 2552 1923 2576 convertatur.
1953 2548 2037 2576 Ante
2065 2546 2259 2587 Aquinatem
2282 2547 2396 2585 verba,

1322 2599 1404 2630 quae
1428 2589 1582 2629 descripta
1606 2596 1679 2620 sunt
1703 2600 1792 2620 num.
1817 2600 1843 2628 1,
1862 2590 1927 2620 iam
1951 2590 2106 2630 Gregorio
2130 2591 2279 2621 tribuerat
2298 2591 2396 2631 Magi-

1323 2640 1385 2664 ster
1417 2633 1650 2664 Sententiarum
1682 2635 1798 2665 Petrus
1827 2634 2052 2672 Lombardus,
2086 2634 2119 2665 in
2158 2635 2261 2675 primo
2294 2635 2395 2674 libro,

1323 2678 1394 2708 dist.
1418 2688 1522 2708 xxxva
1541 2679 1600 2708 sub
1615 2678 1716 2709 littera
1739 2680 1785 2708 A:
1810 2679 1932 2709 Beatus
1948 2679 2127 2719 Gregorius
2145 2689 2243 2720 super
2261 2680 2395 2710 Cantica

1326 2722 1532 2753 Canticorum
1564 2724 1685 2763 inquit:
1715 2724 1804 2753 Licet
1831 2723 1923 2753 Deus
1951 2725 2112 2754 communi
2136 2724 2227 2754 modo
2251 2724 2396 2754 omnibus

1324 2767 1419 2797 rebus
1446 2768 1522 2797 insit
1546 2769 1753 2807 praesentia,
1778 2769 1944 2807 potentia,
1973 2768 2150 2798 substantia
2183 2775 2240 2798 etc.
2270 2768 2395 2798 Miratio

1324 2811 1408 2842 subit
1431 2811 1464 2841 id
1487 2821 1553 2841 non
1577 2812 1744 2842 advertisse
1764 2811 1942 2842 Fabricium
1971 2811 2150 2842 censorem!
2177 2812 2211 2841 ld
2235 2822 2309 2842 vero
2333 2812 2395 2851 pri-

1325 2856 1398 2886 dem
1422 2856 1640 2886 observaverat
1663 2856 1856 2896 Reginaldus
1879 2856 2054 2886 Lucarinus
2070 2856 2102 2886 in
2119 2856 2183 2886 suis
2200 2856 2395 2885 animadver-

1324 2900 1467 2930 sionibus
1486 2900 1518 2930 in
1535 2907 1656 2930 textum
1671 2900 1816 2940 Operum
1840 2900 1937 2930 sancti
1954 2900 2112 2938 Thomae,
2137 2901 2258 2930 Romae
2275 2900 2396 2930 excusis

1324 2954 1409 2974 anno
1439 2945 1531 2974 1666:
1556 2944 1655 2975 Hanc
1677 2945 1865 2975 sententiam
1882 2950 1940 2974 etc.
1961 2942 2134 2986 (inquiens)
2159 2945 2267 2974 tribuit
2287 2945 2395 2984 Magi-

1323 2994 1391 3019 ster
1406 2990 1437 3018 in
1454 2989 1483 3025 I,
1499 2989 1570 3019 dist.
1587 2999 1689 3018 xxxvn
1705 2994 1816 3019 sancto
1833 2988 2003 3028 Gregorio,
2019 2989 2168 3018 scribenti
2187 2998 2285 3028 super
2312 2988 2395 3018 Can-

1325 3034 1420 3063 ticum
1441 3033 1665 3063 Canticorum:
1680 3034 1809 3073 eiusque
1817 3032 1920 3073 fidem
1936 3038 2089 3072 sequutus
2104 3037 2151 3063 est
2164 3037 2294 3062 sanctus
2314 3033 2394 3062 7710-

1325 3087 1404 3107 mas.
1428 3077 1476 3107 De
1492 3077 1550 3107 hac
1570 3077 1792 3107 allucinatione
1816 3077 1879 3116 agit
1895 3076 2119 3106 Sammaureus
2136 3076 2280 3116 Operum
2296 3075 2394 3106 sancti

1326 3121 1468 3161 Gregorii
1485 3121 1587 3151 editor
1603 3121 1803 3151 doctissimus
1826 3120 1859 3150 in
1875 3121 2093 3151 admonitione
2109 3121 2148 3150 ad
2165 3120 2394 3160 expositionem

1326 3165 1532 3196 canticorum
1558 3164 1667 3206 (num.
1685 3164 1724 3206 6)
1749 3175 1767 3195 a
1790 3175 1854 3205 qua
1877 3164 1943 3194 sine
1960 3165 2057 3195 dubio
2074 3165 2160 3195 abest
2176 3175 2212 3194 ea
2228 3164 2392 3194 sententia.

1331 3210 1481 3239 Thomam
1506 3209 1647 3249 quidem,
1665 3210 1719 3239 sed
1743 3208 1836 3239 etiam
1860 3210 2057 3249 Magistrum
2074 3209 2308 3239 Sententiarum
2328 3218 2393 3238 me-

1326 3260 1430 3283 morat
1445 3263 1503 3292 pro
1527 3263 1584 3283 sua
1607 3253 1767 3292 diligentia
1782 3259 1813 3283 et
1828 3252 1901 3287 fide.
1922 3253 1977 3293 qui
2000 3253 2033 3282 in
2057 3262 2193 3283 errorem
2209 3251 2390 3283 inciderint:

1326 3297 1501 3337 probatque
1525 3297 1637 3329 deinde
1660 3298 1748 3327 Petri
1770 3297 1943 3327 Lombardi
1965 3297 2175 3336 temporibus,
2206 3297 2260 3336 qui
2274 3297 2394 3335 floruit

1325 3341 1510 3371 duodecimo
1542 3341 1728 3371 saeculo...
1757 3341 1886 3371 dubium
1915 3351 1976 3371 non
2002 3340 2109 3382 fuisse
2140 3345 2285 3371 sanctum
2315 3340 2393 3370 Gre-

1325 3386 1454 3425 gorium
1480 3386 1662 3424 exposuisse
1688 3385 1830 3415 Cantica.

1387 3429 1581 3458 Mendosum
1596 3438 1670 3468 ergo
1683 3428 1820 3458 indicem
1835 3438 1871 3458 ex
1885 3429 2047 3468 Magistro
2058 3428 2296 3459 Sententiarum
2311 3435 2393 3458 tran-

1326 3472 1482 3511 scripserit
1504 3472 1663 3512 Aquinas:
1689 3482 1786 3512 quem
1809 3472 1903 3502 etiam
1927 3479 2051 3503 sanctus
2073 3473 2295 3503 Bonaventura
2310 3479 2394 3502 tran-

1326 3516 1448 3555 scripsit
1470 3516 1588 3546 ibidem
1611 3523 1698 3555 parte
1713 3517 1741 3554 1,
1766 3522 1821 3546 art.
1839 3526 1887 3554 111,
1911 3526 1965 3556 qu.
1983 3527 2014 3547 11.
2039 3519 2082 3547 At
2103 3516 2229 3556 lapsum
2250 3517 2394 3547 huiusce—

1326 3560 1427 3597 modi,
1455 3559 1653 3590 levissimum
1682 3560 1774 3590 illum
1808 3560 1990 3600 nulliusque
2022 3561 2197 3598 momenti,
2226 3561 2297 3601 quis
2327 3570 2393 3591 non

1328 3605 1487 3635 condonet
1509 3604 1542 3634 in
1558 3604 1708 3645 Magistro
1732 3615 1767 3635 ac
1790 3604 1893 3634 multo
1917 3604 2015 3645 magis
2039 3605 2071 3635 in
2095 3612 2202 3636 sancto
2218 3605 2347 3635 Thoma
2362 3611 2394 3635 et

2215 3674 2248 3698 42
