2788 4204
44 520 154 542 'aeodd
143 527 183 542 -:P
193 521 259 548 quod

45 548 145 568 utrum.
149 563 162 568 ..
184 527 256 569 eir-ret.

45 573 114 601 uxt'a
139 589 145 595 .
163 573 202 595 vel
217 579 256 595 ve-

45 605 105 621 rum

1129 265 1241 301 CAP.
1271 266 1340 312 xl,
1371 265 1522 301 LECT.
1552 265 1626 301 xx

283 346 356 383 hac
389 344 492 382 enim
526 343 848 382 demonstratione
879 342 1062 391 probatur
1094 342 1234 390 aliquid
1269 355 1349 379 esse

283 410 421 435 verum
449 410 519 446 per
546 398 622 434 hoc
641 398 746 446 quod
771 396 852 433 eius
872 395 1092 443 oppositum
1117 402 1173 431 est
1199 395 1347 431 falsum.

286 451 404 498 Quod
431 463 676 500 nequaquam
706 449 820 486 conti.
809 455 959 496 :geren
989 447 1020 484 si
1047 447 1227 495 possibile
1253 455 1351 484 esset

283 511 488 553 utrumque
504 503 770 563 oppositorum
790 513 873 539 esse
892 500 1100 538 falsum*.-
1111 501 1203 537 Non
1221 507 1351 537 tamen

285 569 444 616 semper
464 557 580 594 utitur
606 556 798 604 praedicta
818 553 1091 592 demonstratio
1112 554 1188 589 hoc
1213 553 1350 601 princi-

284 610 362 659 pio,
383 610 472 659 quia
491 609 723 658 quandoque
742 608 835 645 illud
854 607 1074 666 oppositum
1100 606 1207 654 quod
1226 614 1350 643 osten-

286 663 386 701 ditur
404 675 486 699 esse
506 662 655 708 falsum,
676 674 755 698 non
775 668 831 698 est
849 660 1011 708 negatio,
1029 659 1098 697 sed
1117 659 1350 696 contrarium

284 715 561 752 immediatum.
593 714 698 751 Sicut
730 714 761 751 si
789 714 1053 751 ostenderetur
1085 713 1253 762 aliquem
1281 725 1350 750 nu-

284 779 436 804 merum
452 780 535 805 esse
551 780 690 816 parem
709 780 779 816 per
792 768 867 804 hoc
881 766 987 815 quod
1002 767 1138 803 falsum
1155 774 1211 803 est
1224 766 1351 815 ipsum

285 832 368 857 esse
398 820 586 870 imparem
615 821 791 858 ducendo
821 821 870 858 ad
899 819 1133 868 impossibile
1156 825 1181 856 ¹.
1212 820 1351 867 Neque

284 873 399 910 etiam
427 874 543 910 utitur
569 874 645 911 hoc
672 873 858 923 principio
886 873 1159 919 universaliter,
1185 872 1284 909 idest
1310 872 1350 909 in

284 938 354 963 sua
384 927 687 974 universalitate,
721 927 792 964 sub
824 926 882 964 his
918 926 1088 963 terminis
1110 928 1143 972 Α,
1173 938 1238 962 ens
1266 925 1286 946 *
1316 933 1352 962 et

223 983 230 990 ’
284 991 359 1016 ηοη
388 991 472 1026 ens,
511 981 580 1018 sed
615 987 801 1028 quantum
830 979 1022 1017 sufficiens
1060 986 1115 1016 est
1142 978 1180 1015 in
1212 990 1350 1026 genere

284 1033 423 1082 aliquo.
454 1033 504 1070 Et
535 1033 621 1071 dico
650 1033 698 1070 de
729 1033 793 1069 illo
822 1045 972 1080 genere,
1006 1031 1104 1068 circa
1131 1031 1237 1079 quod
1265 1038 1352 1067 sunt

285 1085 640 1123 demonstrationes.
662 1085 768 1123 Sicut
794 1085 825 1122 si
852 1085 891 1122 in
919 1084 1128 1133 geometria
1147 1083 1351 1132 accipiatur

284 1146 430 1175 rectum
465 1145 503 1175 et
537 1151 618 1176 non
645 1146 808 1184 rectum3
827 1145 870 1175 ut
888 1150 977 1174 cum
997 1137 1207 1174 ostenditur
1225 1136 1350 1185 aliqua

282 1190 384 1228 linea
405 1203 488 1228 esse
517 1199 619 1228 recta
649 1204 719 1240 per
738 1191 758 1212 ¹¹
781 1192 857 1228 hoc
879 1190 985 1240 quod
1013 1198 1070 1227 est
1096 1190 1233 1226 falsum
1262 1201 1349 1226 eam

283 1255 367 1280 esse
395 1256 475 1281 non
502 1251 645 1281 rectam
675 1244 851 1282 ducendo
881 1243 930 1280 ad
957 1242 1203 1292 impossibile.

335 1308 374 1344 4.
389 1296 552 1343 Deinde,
573 1309 662 1334 cum
682 1297 787 1348 dicit:
813 1297 1103 1334 Communicant
1119 1301 1245 1332 autem
1264 1302 1347 1341 etc.‚

283 1349 448 1388 ostendit
470 1350 629 1398 qualiter
643 1350 664 1371 *
680 1349 1000 1388 demonstrativae
1025 1348 1202 1386 scientiae
1222 1360 1262 1385 se
1282 1348 1348 1384 ha-

259 1415 263 1416 ’
282 1403 398 1440 beant
412 1403 668 1440 communiter
682 1404 731 1441 ad
746 1403 876 1441 omnia
885 1410 906 1431 μ
914 1402 1098 1451 principia
1113 1401 1346 1439 communia.

251 1454 254 1456 ’
281 1455 332 1492 Et
354 1455 453 1493 circa
479 1456 554 1493 hoc
574 1456 651 1493 duo
685 1456 782 1494 facit.
812 1457 954 1502 Primo,
977 1455 1065 1493 dicit
1087 1454 1192 1504 quod
1212 1467 1348 1491 omnes

281 1508 459 1546 scientiae
483 1508 524 1546 in
543 1510 814 1547 communibus
841 1509 1034 1559 principiis
1063 1507 1349 1546 communicant

280 1561 356 1599 hoc
383 1561 517 1610 modo,
542 1563 648 1610 quod
669 1575 805 1600 omnes
823 1571 980 1601 utuntur
999 1562 1064 1609 eis,
1085 1562 1181 1598 sicut
1200 1573 1245 1597 ex
1264 1560 1347 1608 qui-

280 1613 353 1652 bus
382 1614 659 1662 demonstrant,
689 1616 796 1665 quod
825 1625 880 1654 est
906 1616 961 1653 uti
990 1615 1042 1652 eis
1070 1622 1111 1651 ut
1137 1613 1346 1663 principiis:

281 1668 349 1705 sed
385 1680 465 1704 non
496 1675 652 1706 utuntur
680 1669 753 1717 eis,
786 1677 829 1706 ut
861 1671 909 1707 de
942 1669 1080 1718 quibus
1108 1667 1249 1716 aliquid
1282 1666 1346 1704 de-

332 1872 360 1908 x)
379 1873 432 1898 Per
449 1873 498 1898 hoc
516 1872 589 1906 quod
605 1872 708 1907 salsum
727 1876 767 1898 est
785 1878 861 1898 etc.·-
874 1873 945 1898 Haec
969 1872 1044 1897 lectio
1063 1872 1136 1897 datur
1155 1871 1314 1896 concorditer
1332 1878 1347 1894 a

279 1908 426 1939 codicibus,
452 1916 506 1933 uno
516 1881 550 1933 qG
570 1913 691 1941 excepte,
712 1915 791 1940 quam
812 1908 906 1933 idcirco
930 1906 1073 1932 sufficimus
1093 1907 1200 1932 Pianae:
1222 1914 1274 1939 per
1299 1906 1348 1931 hoc

277 1943 351 1978 quod
367 1943 424 1969 eius
441 1943 591 1976 oppositum
603 1943 706 1976 falsum
725 1947 772 1972 est,
788 1943 887 1968 scilicet
905 1943 989 1975 ipsum
1008 1950 1063 1968 esse
1086 1943 1214 1975 imparem
1234 1947 1309 1967 etc.—-
1323 1941 1347 1965 H

277 1984 347 2012 post,
361 1978 421 2004 duc.
434 1979 472 2004 ad
491 1978 656 2011 impossibile,
671 1978 705 2003 ita
719 1979 896 2019 prosequitur:
917 1986 999 2011 neque
1017 1978 1086 2003 enim
1106 1978 1186 2010 (enim
1201 1985 1253 2002 non
1267 1976 1346 2009 recte)

279 2014 365 2040 utitur
383 2014 582 2040 demonstrator
599 2014 649 2039 hoc
661 2014 797 2046 principio
816 2014 1010 2043 universaliter,
1031 2014 1100 2039 idest
1118 2013 1144 2038 in
1165 2020 1215 2038 sua
1230 2020 1346 2038 commu-

278 2050 378 2079 nitate,·
396 2050 419 2074 N
431 2049 508 2074 etiam
527 2049 601 2082 legit:
620 2050 822 2079 communitate,·
841 2049 878 2074 R:
893 2056 976 2082 neque
990 2049 1076 2074 utitur
1089 2049 1138 2074 hoc
1148 2048 1284 2081 principio
1298 2052 1346 2072 etc.

277 2085 339 2111 PG:
358 2092 441 2118 neque
459 2085 545 2110 utitur
562 2084 652 2110 etiam.

331 2119 360 2154 λ)
376 2120 431 2145 Sub
444 2120 486 2145 his
498 2120 626 2145 terminis.
635 2133 656 2138 -
665 2120 749 2145 Editio
763 2120 841 2145 Plana
853 2119 943 2145 habet:
957 2120 1006 2145 sed
1016 2120 1064 2145 sub
1078 2119 1119 2145 his
1131 2118 1266 2145 terminis.-
1278 2126 1347 2151 quae

278 2155 354 2181 lectio
373 2155 437 2180 falsa
461 2160 515 2186 est,
539 2160 565 2180 et
583 2155 692 2180 destruit
709 2156 863 2180 sententiam
882 2163 903 2180 s.
913 2155 1046 2180 Thomae:
1066 2162 1148 2188 neque
1166 2155 1246 2180 etiam
1261 2154 1347 2179 utitur

278 2191 328 2216 hoc
335 2191 471 2223 principio
485 2191 704 2216 universaliter...
714 2191 762 2216 sed
775 2195 903 2223 quantum
917 2191 956 2223 (P,
967 2191 994 2215 in
1009 2191 1148 2223 quantum)
1162 2190 1295 2224 sufficiens
1307 2193 1347 2214 est

279 2226 320 2259 (P,
339 2229 380 2251 est
396 2226 538 2260 sufficiens)
559 2226 797 2251 etc.-Germanam
816 2227 952 2251 lectionem
973 2226 1072 2251 restitui
1091 2234 1121 2251 ex
1134 2225 1249 2250 unanimi
1271 2225 1345 2249 codd.

279 2261 428 2286 auctoritate
450 2261 528 2294 (unus
550 2261 574 2286 G
591 2267 641 2286 stat
659 2269 718 2286 cum
742 2262 829 2294 Pinna)
849 2267 874 2287 et
893 2269 923 2287 ex
941 2262 999 2286 edd.
1016 2261 1122 2286 Venetis
1141 2261 1235 2286 saeculi
1257 2260 1314 2285 XV.
1328 2274 1347 2279 -

278 2297 414 2327 Praeterea
431 2296 477 2321 PG
491 2302 517 2322 et
532 2297 589 2321 edd.
603 2297 669 2322 Ven.
688 2302 749 2330 post
765 2297 852 2327 verba,
867 2297 894 2322 in
912 2304 1010 2330 genere
1022 2297 1118 2329 aliquo,
1134 2297 1244 2321 addunt:
1264 2296 1304 2320 uel
1318 2295 1344 2320 in

279 2335 408 2364 quantum
430 2332 600 2357 contrahitur
614 2332 652 2357 ad
668 2339 753 2365 genus
770 2332 923 2358 subiectum.
947 2332 1048 2362 Quibus
1069 2332 1155 2356 verbis
1180 2336 1267 2356 carent
1288 2339 1346 2356 sex-

279 2367 363 2392 decim
377 2367 418 2392 alii
431 2367 542 2398 codices,
555 2375 667 2400 quorum
681 2372 818 2400 propterea
832 2368 980 2392 auctoritate
994 2375 1024 2392 ea
1043 2367 1221 2400 expunximus.
1237 2367 1344 2397 Revera,

278 2410 339 2428 cum
357 2403 454 2427 dictum
472 2403 505 2427 sit
523 2403 594 2435 quod
620 2403 810 2427 demonstrator
830 2403 910 2428 utitur
934 2403 1059 2436 principio
1085 2403 1130 2427 illo
1149 2409 1287 2435 supremo,
1313 2402 1346 2427 de

279 2438 395 2470 quolibet
412 2441 453 2463 est
469 2438 617 2471 affirmatio
632 2438 676 2463 vel
694 2438 802 2471 negatio
821 2445 893 2467 vera,
912 2446 964 2463 non
983 2439 1009 2463 in
1028 2438 1082 2462 suis
1096 2437 1212 2462 terminis
1224 2437 1346 2470 propriis,

278 2473 323 2506 qui
342 2478 411 2504 sunt,
429 2480 476 2498 ens
494 2478 520 2497 et
533 2481 584 2498 non
604 2480 657 2502 ens,
672 2473 739 2498 idest
757 2481 809 2498 non
827 2473 853 2498 in
868 2482 915 2498 sua
934 2473 1132 2503 universalitate,
1148 2481 1195 2498 seu
1213 2478 1345 2497 transcen-

279 2508 433 2538 dentalitate,
453 2508 500 2533 sed
518 2513 645 2541 quantum
664 2507 794 2533 sufficiens
818 2514 858 2534 est
876 2509 902 2533 in
920 2516 1014 2541 genere
1038 2509 1132 2541 aliquo,
1152 2514 1229 2540 atque
1253 2508 1346 2533 deinde

277 2543 385 2568 addatur
403 2544 474 2576 quod
493 2551 574 2576 genus
592 2544 661 2568 istud
679 2544 714 2568 sit
726 2544 790 2568 illud
803 2544 869 2569 circa
883 2545 955 2577 quod
968 2549 1029 2569 sunt
1043 2543 1289 2574 demonstrationem
1308 2544 1344 2568 vi-

278 2579 372 2604 dentur
384 2578 515 2612 superflua
526 2579 613 2608 verba,
624 2586 691 2611 quae
705 2580 833 2604 adduntur
846 2588 861 2604 a
875 2579 956 2604 citatis
971 2580 1029 2604 edd.
1040 2584 1066 2604 et
1078 2579 1134 2604 cod.
1145 2579 1256 2604 G.—-Sed
1271 2587 1345 2612 prae-

277 2618 348 2639 terea
366 2621 426 2638 cum
443 2613 567 2638 omnibus
586 2614 660 2649 codd.
681 2614 719 2647 (O
739 2614 816 2639 habet
835 2615 964 2647 lacunam)
983 2615 1111 2647 legimus:
1130 2618 1157 2639 et
1175 2614 1234 2639 dico
1249 2614 1282 2639 de
1300 2614 1345 2639 illo

277 2656 387 2683 genere,
407 2649 487 2674 Piana
510 2649 637 2681 seposita:
656 2653 683 2675 et
702 2649 761 2675 dico
780 2650 813 2675 de
831 2651 876 2675 illo
890 2650 982 2682 primo
999 2657 1104 2683 genere.

277 2684 879 2746 flm“.{.‡“.5’'53·55;2552”5.212“.03'4'32322‘3·„-
888 2685 1142 2745 tissimi}
1158 2685 1222 2744 ‘²135‘
1233 2685 1274 2745 ²231
1283 2692 1345 2744 5:²13

273 2755 410 2788 principia
419 2755 585 2784 communias
597 2755 634 2780 R:
649 2755 687 2780 ad
699 2755 755 2781 alia
763 2756 901 2788 principia
915 2756 1005 2781 omnia
1014 2756 1180 2784 communia5
1194 2756 1240 2780 sed
1255 2755 1345 2780 omnia

279 2790 468 2823 expungitur.-
481 2790 597 2815 ACELO
617 2795 642 2815 et
665 2799 690 2824 p.
705 2799 741 2816 m.
760 2791 783 2815 D
797 2799 875 2825 supra
893 2791 1015 2816 omittunt
1028 2790 1266 2816 scientiae.—1nfra
1284 2798 1344 2815 cum

279 2825 355 2850 codd.
374 2825 438 2858 (exc.
451 2825 509 2858 GK)
529 2826 653 2858 legimus,
673 2826 699 2851 in
714 2827 896 2852 communibus
915 2826 1055 2859 principiis
1060 2834 1070 2856 ,·
1088 2827 1147 2852 PG:
1163 2827 1189 2852 in
1203 2826 1345 2859 principiis

278 2860 473 2890 communitum
490 2861 526 2886 K:
545 2861 572 2886 in
592 2861 749 2893 quibusdam
767 2862 971 2888 communicant.

332 2895 356 2928 ν)
376 2895 432 2921 Sed
453 2903 505 2921 non
525 2899 638 2921 utuntur
655 2897 693 2922 eis
711 2902 759 2922 etc.
769 2898 856 2928 —Est,
876 2898 965 2930 paucis
984 2897 1105 2930 exceptis,
1124 2897 1200 2922 lectio
1223 2897 1301 2922 Piana
1320 2902 1347 2922 et

278 2930 346 2956 Ven.
360 2931 418 2956 edd.
426 2931 552 2956 -Damus
567 2932 641 2957 codd.
656 2932 783 2957 variantes
798 2933 934 2963 lectiones,
949 2933 1054 2957 Pianam
1067 2933 1222 2965 repetendo:
1237 2932 1285 2957 sed
1300 2929 1345 2967 (B,

279 2963 316 2999 et)
337 2973 388 2991 non
409 2969 521 2991 utuntur
538 2966 584 2996 eis,
604 2970 634 2992 ut
652 2967 685 2992 de
704 2967 742 3000 (E
761 2968 842 2992 omitt.
857 2968 904 3000 de)
923 2968 1016 3000 quibus
1034 2968 1138 3000 aliquid
1151 2968 1344 2998 demonstrant,

280 3004 310 3025 ut
324 3001 357 3026 de
370 2999 505 3030 subiectis,
521 3008 604 3034 neque
614 3002 684 3027 sicut
697 3002 791 3035 (codd.,
805 3011 858 3028 exc.
868 3003 922 3034 EN,
936 3003 1005 3028 sicut
1018 3003 1059 3036 eo)
1074 3003 1147 3034 quod
1160 3003 1346 3028 demonstrant

280 3035 372 3068 (CDE,
393 3035 586 3065 demonstran
600 3036 636 3067 Q,
656 3037 885 3070 demonstrarent)
911 3038 979 3063 idest
1002 3038 1028 3063 in
1053 3038 1262 3063 conclusionibus
1283 3036 1344 3071 (AB

280 3071 560 3102 CDEHIKLMOQST,
574 3072 651 3104 quasi
662 3073 750 3101 concl,·
762 3073 794 3103 G,
805 3074 881 3106 quasi
894 3073 926 3099 de
938 3074 1035 3102 concl.,·
1044 3074 1075 3103 N,
1086 3073 1155 3099 idest
1165 3074 1242 3106 quasi
1252 3074 1346 3103 concl.;

281 3106 316 3136 R,
336 3106 404 3131 idest
426 3107 556 3138 concl..)-
536 3107 589 3131 -G
607 3106 754 3132 immediate
772 3109 952 3141 prosequitur.
972 3109 1040 3134 idest
1057 3109 1183 3134 scientiae
1200 3109 1344 3134 communi-

279 3144 343 3167 cant
361 3141 388 3166 in
407 3141 590 3174 dignitatibus,
609 3142 658 3167 sed
675 3150 727 3168 non
746 3143 943 3169 communicant
960 3144 987 3168 in
1001 3144 1171 3176 passionibus
1190 3152 1237 3169 nec
1255 3144 1282 3168 in
1301 3152 1344 3169 su-

280 3176 377 3202 biectis.
391 3176 466 3207 Quae
478 3177 566 3207 verba,
585 3185 645 3202 cum
657 3177 683 3202 in
696 3178 786 3203 ceteris
801 3179 875 3204 codd.
889 3179 1046 3209 omittantur,
1061 3187 1108 3204 nec
1127 3179 1151 3204 G
1165 3187 1286 3212 magnam
1299 3187 1346 3212 per

280 3220 309 3237 se
327 3212 421 3236 habeat
438 3211 627 3244 auctoritatem,
646 3220 699 3238 non
716 3217 746 3237 ut
764 3221 785 3238 s.
800 3213 918 3239 Thomae
936 3219 996 3239 sunt
1013 3214 1143 3244 habenda,
1163 3215 1210 3239 sed
1227 3219 1256 3239 ut
1275 3222 1346 3239 com-

279 3247 434 3272 mentarium
449 3247 613 3278 adnotator-is,
628 3249 699 3281 quod
713 3249 877 3274 amanuensis
891 3249 1017 3282 imperitia
1030 3249 1108 3274 textui
1126 3249 1267 3274 inseruitu-
1275 3250 1346 3274 Loco

280 3284 328 3308 τοῦ
342 3282 434 3307 idest‘
424 3290 451 3307 m
465 3283 547 3308 concl.
562 3282 664 3313 Pinnae,
678 3284 832 3316 adoptamus
847 3284 924 3316 quasi
936 3285 1026 3313 concl„
1040 3289 1069 3308 ut
1083 3285 1172 3316 legunt
1186 3284 1238 3309 fere
1252 3292 1345 3309 omnes

281 3317 390 3343 codices.
405 3317 508 3342 Etenim
522 3325 544 3342 s.
551 3317 670 3343 Thomae
691 3318 815 3351 expositio
830 3324 885 3344 est:
900 3319 1025 3344 Scientiae
1043 3327 1136 3344 omnes
1149 3324 1256 3344 utuntur
1274 3327 1345 3344 com-

280 3353 404 3378 munibus
417 3352 556 3385 principiis,
569 3353 636 3378 sicut
649 3360 687 3378 ex
699 3354 793 3386 quibus
807 3354 995 3385 demonstrant3
1005 3355 1052 3379 sed
1065 3362 1117 3379 non
1132 3359 1240 3379 utuntur
1253 3362 1346 3379 omnes

281 3388 380 3413 eisdem
394 3387 538 3420 principiis,
558 3388 633 3421 quasi
651 3389 773 3414 subiectis
788 3389 821 3414 de
833 3389 929 3422 quibus
943 3390 1040 3422 aliquid
1055 3390 1240 3419 demonstrent,
1260 3397 1346 3422 neque

281 3424 355 3456 quasi
370 3423 588 3454 conclusionibus,
607 3431 654 3448 seu
668 3424 820 3456 praedicatis
838 3425 880 3449 vel
899 3424 1071 3457 passionibus,
1091 3432 1157 3456 quae
1173 3425 1205 3448 de
1224 3424 1345 3449 subiectis

282 3459 499 3484 demonstrentur.

335 3492 358 3526 ξ)
379 3494 526 3519 Dialectica
549 3494 619 3518 enim
643 3497 683 3519 est
707 3493 740 3519 de
763 3494 945 3519 communibus
963 3499 1011 3519 etc.
1025 3509 1046 3513 —
1060 3494 1149 3519 Cod.1
1168 3501 1287 3524 erronee,
1308 3502 1346 3519 ex

280 3536 431 3554 commum-
441 3529 479 3554 0:
494 3532 520 3553 et
532 3529 613 3554 etiam
625 3529 716 3561 aliqua
729 3529 784 3554 alia
797 3537 844 3558 sc.‚·
857 3529 892 3554 N:
905 3533 932 3554 et
944 3530 1034 3561 aliqua
1046 3529 1127 3554 etiam
1141 3529 1196 3554 alia
1209 3537 1255 3556 sc..·
1269 3530 1302 3554 B:
1317 3533 1346 3554 et

280 3564 372 3597 aliqua
384 3564 440 3589 alia
453 3564 533 3589 etiam
547 3571 597 3593 sc.;
611 3564 876 3595 CDEGHILMQRT:
889 3568 916 3590 et
933 3564 1023 3597 aliqua
1041 3565 1132 3589 scient.
1141 3564 1344 3589 -ACDEHILM

282 3599 362 3625 Rs'r:
380 3603 420 3625 est
433 3599 514 3624 etiam
529 3599 562 3625 de
575 3607 684 3629 comm.;
702 3600 739 3624 K:
754 3603 795 3625 est
808 3600 841 3625 de
854 3607 984 3625 commun.
999 3599 1088 3625 etiam.
1097 3599 1344 3625 -BCELMNOSTz

422 3653 491 3685 Opp.
511 3653 542 3677 D.
556 3652 670 3677 Tuomst:
689 3652 720 3677 T.
740 3653 758 3677 Ι.

2392 277 2466 314 217

1405 350 1627 389 monstrant,
1651 350 1693 379 ut
1720 343 1767 379 de
1797 342 1983 388 subiectis,
2005 355 2129 391 neque
2158 343 2254 379 sicut
2280 345 2385 392 quod
2404 345 2467 381 de-

1405 403 1626 442 monstrant,
1648 396 1754 444 quasi
1784 396 2129 432 conclusionibus.
2107 402 2119 416 ²·

1463 448 1494 484 5.
1517 448 1707 494 Secundo,
1737 448 1806 485 ibi:
1826 450 1877 485 Et
1898 449 2090 485 dialectica
2119 449 2165 485 de
2192 449 2363 486 omnibus
2384 457 2466 497 etc.‚

1406 500 1571 537 ostendit
1603 478 1708 548 quod⁷
1740 501 1931 550 quaedam
1970 501 2148 538 scientiae
2179 509 2336 538 utuntur
2365 503 2468 551 prin-

1407 552 1511 600 cipiis
1536 554 1805 590 communibus
1825 554 1898 591 alio
1918 555 2036 592 modo
2057 567 2174 603 quam
2195 554 2337 592 dictum
2359 563 2415 592 est
2433 556 2465 593 *.

1406 605 1611 642 Dialectica
1640 606 1743 643 enim
1772 614 1827 643 est
1864 607 1910 644 de
1946 608 2236 654 communibus3
2275 616 2312 645 et
2344 608 2468 657 aliqua

1407 657 1478 694 alia
1497 658 1651 695 scientia
1666 667 1722 695 est
1737 660 1850 696 etiam
1867 660 1914 696 de
1935 661 2216 708 communibus,
2233 662 2372 698 scilicet
2385 662 2467 710 phi-

1406 711 1580 759 losophia
1607 711 1770 759 prima,
1746 709 1760 735 ξ
1793 713 1898 749 cuius
1927 714 2139 751 subiectum
2160 722 2215 751 est
2233 727 2298 751 ens
2317 722 2355 751 et
2378 728 2468 752 con-

1407 763 1545 801 siderat
1574 765 1653 800 ea*
1673 777 1772 813 quae
1802 774 2085 815 consequuntur
2114 780 2197 815 ens,
2226 776 2268 805 ut
2294 769 2468 817 proprias

1405 829 1602 865 passmnes
1632 825 1738 854 ent1s.

1461 869 1668 907 Sciendum
1696 877 1824 907 tamen
1855 879 1909 907 est
1940 873 2045 920 quod
2077 874 2149 910 alia
2176 874 2321 911 ratione
2355 875 2467 912 diale-

1407 922 1500 959 ctica
1515 930 1571 959 est
1599 923 1645 960 de
1666 923 1935 960 communibus
1956 933 1991 961 et
2013 925 2159 973 logica⁰
2178 935 2215 963 et
2227 927 2468 977 philosophia

1404 975 1572 1024 prima*.
1587 975 1836 1034 Philosophia
1852 977 1954 1013 enim
1969 978 2092 1026 prima
2111 987 2167 1015 est
2187 980 2234 1016 de
2254 981 2466 1018 communi-

1406 1029 1498 1075 bus,
1532 1028 1620 1077 quia
1660 1028 1739 1065 eius
1775 1029 2025 1067 consideratio
2059 1039 2115 1068 est
2147 1032 2245 1069 circa
2275 1033 2376 1081 ipsas
2408 1047 2468 1071 res

1406 1057 1655 1128 corrimunes,
1685 1081 1824 1118 scilicet
1843 1082 1941 1119 circa
1969 1095 2035 1120 ens
2065 1091 2100 1120 et
2126 1093 2251 1132 partes
2271 1094 2308 1122 et
2324 1087 2469 1135 passio-

1405 1146 1473 1170 nes
1502 1134 1640 1172 entis⁷‘.
1671 1135 1720 1171 Et
1743 1135 1832 1183 quia
1852 1135 1950 1172 circa
1978 1137 2108 1173 omnia
2126 1150 2224 1186 quae
2254 1138 2291 1175 in
2320 1140 2432 1176 rebus
2449 1141 2469 1162 *

1405 1193 1492 1223 sunt
1523 1187 1639 1224 habet
1670 1188 1852 1235 negotiari
1880 1188 1998 1235 ratio,
2034 1189 2154 1237 logica
2182 1198 2309 1228 autem
2337 1200 2393 1229 est
2421 1193 2468 1230 de

1405 1240 1690 1288 operationibus
1719 1241 1872 1278 rationis
1891 1242 1931 1287 *3
1961 1242 2082 1289 logica
2102 1243 2214 1280 etiam
2235 1244 2302 1281 erit
2331 1245 2377 1282 de
2397 1246 2465 1292 his,

1405 1305 1503 1341 quae
1524 1293 1746 1330 communia
1773 1302 1860 1331 sunt
1883 1294 2074 1342 omnibus,
2103 1295 2200 1332 idest
2227 1298 2275 1334 de
2303 1298 2468 1335 intentio—

1404 1346 1512 1382 nibus
1531 1346 1696 1393 rationis,
1718 1359 1816 1395 quae
1835 1347 1890 1396 ,ad
1909 1360 2045 1387 omnes
2065 1361 2124 1385 res
2144 1361 2185 1385 se
2204 1350 2356 1387 habent.
2378 1351 2469 1388 Non

1404 1406 1533 1435 autem
1561 1399 1622 1446 ita,
1653 1400 1759 1448 quod
1787 1400 1909 1448 logica
1929 1401 1949 1421 *
1978 1401 2024 1437 sit
2043 1401 2200 1450 deipsis
2229 1403 2341 1440 rebus
2366 1416 2469 1441 com-

1403 1451 1600 1499 munibus,
1631 1452 1726 1489 sicut
1745 1453 1793 1490 de
1822 1453 2010 1490 subiectis.
2042 1455 2268 1492 Considerat
2293 1456 2395 1493 enim
2415 1458 2468 1493 lo-

1403 1505 1502 1552 gica,
1523 1505 1619 1542 sicut
1642 1506 1827 1552 subiecta,
1847 1507 2132 1556 syllogismum,
2152 1509 2468 1556 enunciationem,

1396 1558 1671 1606 praedicatum,
1693 1566 1757 1595 aut
1775 1559 1917 1608 aliquid
1935 1560 2156 1598 huiusmodi
2171 1567 2197 1598 Ρ.
2227 1563 2320 1599 Pars
2340 1571 2468 1600 autem

1402 1611 1561 1659 logicae,
1592 1623 1690 1660 quae
1716 1612 2014 1650 demonstrativa
2042 1622 2117 1660 est,
2153 1615 2220 1651 etsi
2241 1615 2338 1652 circa
2366 1629 2470 1653 com-

1402 1676 1538 1701 munes
1566 1664 1793 1702 intentiones
1824 1673 1997 1703 versetur
2026 1667 2046 1688 *
2078 1667 2253 1705 docendo
2279 1675 2310 1715 ⁰,
2341 1677 2470 1706 tamen

1695 1812 1713 1828 Ο

1402 1870 1501 1895 scilicet
1514 1870 1675 1903 philosoph.‚·
1688 1871 1725 1896 D:
1737 1871 1785 1896 sed
1797 1871 1875 1904 phil.;
1889 1872 1925 1896 R:
1940 1876 1969 1897 ut
1977 1872 2150 1905 philosoph.—-
2159 1873 2181 1897 A
2196 1873 2230 1897 ob
2244 1881 2379 1898 recursum
2393 1882 2469 1899 voca-

1402 1906 1455 1930 buli
1470 1913 1523 1935 ens,
1538 1906 1633 1931 omittit
1644 1906 1783 1931 oscitanter
1795 1907 1882 1938 verba,
1892 1911 1918 1932 et
1926 1908 2078 1933 considerat
2087 1914 2119 1933 ea
2131 1915 2198 1941 quae
2210 1913 2406 1941 consequuntur
2415 1917 2468 1935 ens.

1401 1941 1494 1966 -Fere
1512 1941 1589 1973 igitur
1602 1949 1694 1966 omnes
1708 1942 1810 1967 codices
1825 1942 1919 1968 habent
1937 1943 2025 1972 etiam,
2041 1944 2111 1976 quod
2130 1951 2160 1968 ex
2175 1944 2230 1976 ipsa
2249 1944 2331 1969 forma
2345 1945 2468 1970 orationis

1402 1976 1496 2017 requiri
1510 1977 1626 2007 videtur;
1640 1977 1710 2002 unde
1724 1977 1787 2002 illud
1801 1978 1919 2002 addimus
1934 1979 2035 2003 lectioni
2050 1979 2150 2010 Pianae,
2165 1979 2269 2012 sequuti
2283 1980 2400 2005 ordinem
2414 1989 2469 2006 ma-

1401 2011 1463 2036 ioris
1483 2016 1509 2036 et
1527 1995 1640 2037 melioris
1660 2013 1738 2045 partis
1753 2013 1828 2038 codd.
1842 2014 1891 2038 Sed
1907 2013 2012 2047 insuper
2025 2015 2179 2047 adoptamus
2194 2022 2224 2039 ex
2243 2015 2317 2040 codd.
2331 2015 2468 2041 BCELMN

1402 2047 1478 2077 OST,
1500 2047 1600 2072 scilicet
1618 2048 1816 2080 phi!os.,10co
1840 2049 1956 2074 lectionis
1976 2049 2010 2074 P:
2034 2050 2102 2075 sicut
2119 2050 2297 2082 philosophia.
2323 2051 2380 2075 Non
2400 2051 2469 2076 enim

1401 2082 1465 2107 aliae
1479 2083 1599 2107 scientiae
1618 2084 1718 2114 dantur,
1732 2091 1799 2116 quae
1818 2085 1869 2109 sint
1887 2085 1919 2109 de
1933 2085 2127 2114 communibus,
2146 2091 2247 2118 praeter
2266 2086 2422 2111 dialecticam
2444 2092 2470 2111 et

1401 2117 1592 2158 philosophiam
1605 2119 1724 2151 primam.
1743 2119 1818 2144 Unde
1831 2115 1860 2144 τὸ
1875 2119 1944 2144 sicut
1958 2120 1999 2145 ed.
2019 2120 2111 2145 Pianae
2130 2129 2181 2145 non
2196 2121 2262 2145 bene
2274 2121 2375 2146 videtur
2389 2130 2468 2155 appo-

1401 2153 1492 2183 situm;
1512 2150 1542 2178 τὸ
1563 2154 1662 2179 scilicet
1678 2159 1764 2179 autem
1779 2160 1847 2179 recte
1867 2155 1984 2187 designat
2003 2163 2070 2188 quae
2084 2156 2116 2180 sit
2130 2156 2179 2180 alia
2199 2156 2318 2186 scientia,
2333 2164 2399 2189 quae
2418 2165 2468 2182 una

1401 2196 1460 2213 cum
1480 2189 1562 2221 logica
1583 2189 1672 2229 (modo
1682 2190 1791 2230 *quidem
1810 2190 1912 2214 diverso
1931 2195 1957 2214 et
1974 2191 2100 2222 nobiliori,
2115 2197 2143 2215 ut
2157 2196 2247 2223 postea
2261 2175 2408 2225 explicatur)
2428 2197 2469 2217 est

1400 2224 1465 2248 circa
1484 2224 1630 2249 communia
1650 2225 1772 2257 principia
1791 2225 1962 2250 scientiarum.

1454 2259 1479 2291 o)
1495 2259 1638 2284 Sciendum
1653 2263 1741 2284 tamen
1755 2264 1795 2285 est
1809 2266 1856 2285 etc.
1861 2261 1968 2285 *Codd
1985 2261 2053 2293 (exc.
2067 2261 2174 2294 ABGK)
2189 2261 2284 2286 habent
2297 2261 2370 2292 hanc,
2387 2270 2467 2295 quam

1401 2294 1554 2326 adoptamus
1580 2295 1756 2320 lectionem.
1769 2296 1834 2320 Eam
1859 2296 1936 2320 etiam
1960 2295 2037 2321 habet
2058 2297 2095 2327 A,
2121 2297 2168 2321 nisi
2194 2297 2264 2329 quod
2290 2305 2337 2329 pro
2362 2300 2465 2327 tamen,

1400 2337 1452 2353 non
1465 2335 1534 2354 recte
1553 2331 1624 2362 ponit
1642 2331 1727 2360 enim;
1745 2331 1778 2354 Β.
1793 2331 1936 2355 Sciendum
1950 2334 2037 2356 tamen
2052 2335 2091 2356 est
2108 2332 2180 2364 quod
2192 2332 2247 2356 alia
2262 2333 2366 2357 ratione
2379 2333 2466 2365 logica

1400 2368 1440 2389 est
1458 2365 1491 2389 de
1509 2366 1689 2390 communibus
1707 2369 1733 2390 et
1751 2366 1890 2391 dialectica
1902 2369 1929 2390 et
1942 2371 1998 2397 etc.;
2013 2367 2051 2391 G:
2067 2367 2210 2392 Sciendum
2226 2370 2313 2392 tamen
2327 2368 2399 2400 quod
2411 2368 2466 2392 alia

1400 2400 1504 2425 ratione
1522 2404 1562 2425 est
1580 2401 1718 2426 dialectica
1743 2401 1776 2425 de
1799 2401 1980 2426 communibus
1999 2405 2025 2427 et
2042 2402 2130 2435 logica
2152 2405 2179 2427 et
2197 2403 2305 2427 etc-K
2323 2403 2467 2427 mendosus

1400 2435 1449 2460 hoc
1469 2436 1527 2460 loco
1542 2440 1594 2460 est:
1614 2436 1756 2461 Sciendum
1776 2440 1863 2461 tamen
1882 2440 1922 2461 est
1937 2437 2009 2469 quod
2027 2437 2081 2462 alia
2100 2438 2204 2462 ratione
2223 2438 2360 2463 dialectica
2379 2441 2418 2462 est
2435 2438 2467 2463 de

1399 2470 1594 2500 communibus,
1618 2471 1681 2504 quia
1699 2471 1755 2496 eius
1773 2472 1951 2497 consideratio
1974 2477 2022 2496 etc.
2042 2473 2106 2497 Vide
2131 2473 2156 2497 in
2182 2473 2332 2505 repetitione
2349 2473 2467 2497 vocabuli

1398 2506 1580 2531 communibus
1598 2506 1700 2531 solitam
1720 2507 1818 2531 errandi
1839 2515 1943 2532 causam
1962 2508 2172 2532 amanuensibus.
2194 2508 2271 2538 Quod
2286 2508 2391 2540 quidem
2411 2516 2468 2532 mo-

1399 2549 1461 2566 nere
1482 2541 1610 2566 interdum
1629 2542 1716 2571 liceat;
1740 2547 1766 2566 at
1784 2550 1836 2566 non
1855 2542 1931 2567 toties
1951 2543 2052 2575 quoties
2071 2543 2140 2567 idem
2158 2543 2248 2567 vitium
2267 2544 2468 2568 amanuensibus

1400 2577 1496 2606 accidit,
1517 2584 1549 2601 ne
1569 2577 1698 2601 fastidium
1719 2577 1856 2602 lectoribus
1876 2578 2107 2602 moveamus.-P:
2127 2578 2270 2603 Sciendum
2290 2582 2377 2603 tamen
2397 2579 2468 2611 quod

1399 2612 1455 2636 alia
1474 2612 1578 2636 ratione
1602 2615 1642 2636 est
1659 2612 1692 2637 de
1710 2613 1890 2637 communibus
1909 2613 1996 2646 logica
2014 2617 2041 2638 et
2054 2613 2223 2645 philosophia
2242 2614 2341 2645 prima.

1454 2647 1483 2680 π)
1495 2647 1544 2672 Est
1553 2647 1624 2672 circa
1637 2647 1708 2679 ipsas
1718 2655 1761 2672 res
1769 2655 1920 2673 communes
1930 2648 2089 2673 etc.—-Codd.
2100 2649 2180 2673 BGL:
2190 2649 2262 2674 circa
2273 2656 2314 2673 res
2323 2656 2453 2674 commun.
2459 2656 2468 2678 ‚⁴

1401 2682 1425 2706 R
1442 2690 1496 2707 non
1514 2687 1596 2707 recte:
1610 2683 1683 2708 circa
1701 2683 1772 2715 ipsas
1785 2684 1978 2712 conclusionem
1990 2684 2064 2708 codd.
2075 2684 2138 2716 (exc.
2154 2684 2205 2716 G):
2220 2691 2381 2713 communes,
2401 2685 2469 2709 sicut

1401 2717 1440 2750 (G
1459 2725 1519 2742 cum
1538 2718 1572 2748 P,
1591 2718 1704 2750 scilicet)
1723 2719 1795 2743 circa
1813 2726 1859 2744 ens
1877 2722 1904 2743 et
1916 2722 2011 2751 partes
2029 2722 2055 2744 et
2072 2719 2212 2751 passiones
2230 2720 2306 2744 entis.
2327 2719 2423 2749 Verba,
2442 2723 2469 2744 et

1395 2753 1542 2785 passiones,
1562 2761 1628 2786 quae
1642 2753 1801 2778 admittimus
1814 2754 1839 2778 in
1853 2759 1931 2785 textu,
1947 2755 2040 2779 desunt
2053 2754 2079 2779 in
2091 2755 2111 2778 P
2126 2759 2151 2779 et
2165 2755 2190 2779 in
2205 2755 2241 2786 K;
2257 2755 2368 2779 secunda
2382 2760 2468 2779 tamen

1401 2796 1480 2813 manu
1495 2793 1662 2821 apponuntur
1679 2788 1704 2813 in
1719 2789 1768 2813 hoc
1787 2789 1882 2814 codice.

1455 2824 1480 2857 ρ)
1502 2824 1661 2849 Considerat
1679 2824 1784 2849 enim...
1798 2825 1915 2850 subiecta
1933 2825 2041 2850 etc.-I:
2059 2825 2175 2850 subiecta
2195 2825 2235 2857 (et
2253 2826 2286 2850 ita
2305 2825 2345 2850 alii
2365 2825 2466 2857 codd.),

1396 2859 1569 2892 principium,
1584 2860 1682 2893 syllog.
1696 2865 1745 2888 etc‚·
1757 2860 1794 2884 R:
1809 2867 1909 2888 cnunc„
1928 2860 2079 2889 subiectum,
2094 2860 2296 2892 praedicatum,·
2311 2861 2333 2885 G
2342 2869 2348 2884 :
2357 2860 2468 2892 praedi-

1401 2898 1490 2920 catum
1503 2898 1530 2920 et
1543 2895 1686 2920 subiectum
1694 2902 1702 2923 ;
1715 2895 1751 2919 K:
1765 2898 1792 2920 et
1803 2894 1955 2920 huiusmodi
1959 2903 1968 2924 ;
1983 2896 2015 2920 P:
2028 2896 2097 2920 sicut
2110 2896 2261 2924 subiectum,
2272 2895 2465 2928 syllogismum,

1401 2934 1428 2956 et
1446 2930 1670 2960 enunciationem,
1692 2930 1896 2962 praedicatum,
1922 2934 1971 2955 aut
1989 2931 2140 2955 etc.—Infra
2165 2939 2224 2955 cum
2244 2931 2317 2955 codd.
2344 2930 2466 2962 legimus:

1401 2966 1474 2992 circa
1491 2973 1642 2991 communes
1662 2965 1882 2991 intentiones.-P
1902 2971 1927 2990 et
1945 2974 1970 2998 p.
1984 2974 2020 2991 m.
2038 2967 2074 2990 B:
2093 2966 2165 2991 circa
2183 2973 2272 2990 omnes
2291 2966 2382 2990 intent.

1455 3002 1482 3034 σ)
1502 3001 1638 3029 Docendo,
1658 3004 1746 3026 tamen
1767 3008 1828 3026 usus
1848 3001 2071 3026 demonstrativae
2088 3001 2213 3026 scientiae
2231 3008 2283 3025 non
2302 3004 2342 3025 est
2360 3001 2386 3025 in
2400 3008 2467 3032 pro-

1402 3037 1519 3062 cedendo
1538 3044 1575 3061 ex
1593 3036 1634 3061 his
1652 3036 1914 3061 communibus-lta
1932 3037 2042 3067 codices,
2057 3045 2110 3061 uno
2129 3041 2234 3068 excepto
2250 3037 2283 3067 R,
2304 3036 2354 3068 qui,
2370 3043 2417 3068 per
2429 3043 2466 3066 se,

1402 3072 1499 3097 nullius
1513 3077 1553 3096 est
1567 3072 1731 3096 auctoritatis.
1745 3071 1811 3096 Cum
1826 3072 1956 3096 codicibus
1973 3077 2040 3096 stant
2054 3073 2130 3096 etiam
2144 3072 2202 3096 edd.
2212 3072 2325 3096 Venetae
2338 3071 2465 3095 ac.-PR:

1403 3108 1521 3132 docendo
1535 3107 1667 3139 quomodo
1672 3107 1748 3140 fiunt
1760 3107 1984 3132 demonstrativae
1998 3107 2121 3132 scientiae
2125 3114 2134 3135 ,·
2149 3114 2199 3131 non
2215 3110 2302 3131 tamen
2316 3106 2362 3138 (R,
2378 3109 2465 3131 tamen

1402 3151 1454 3168 non
1468 3143 1505 3174 in)
1520 3142 1691 3174 procedendo
1705 3149 1742 3166 ex
1757 3142 1805 3174 (R,
1820 3149 1857 3167 ex
1870 3142 1921 3174 his)
1936 3142 2116 3168 communibus
2131 3147 2177 3166 etc.
2187 3157 2206 3161 -
2216 3142 2371 3171 Lectionem,
2387 3149 2466 3173 quam

1402 3178 1580 3210 adoptavimus
1600 3185 1630 3201 ex
1649 3177 1724 3202 codd.
1744 3182 1769 3208 ct
1787 3178 1852 3202 Ven.
1867 3178 1939 3208 edd.‚
1958 3178 2063 3210 praebet
2081 3178 2157 3202 etiam
2176 3177 2319 3206 Caietanus‚
2335 3177 2464 3208 inquiens:

1403 3223 1416 3235 ‹
1436 3213 1588 3237 Aristoteles
1608 3213 1695 3236 dicens
1714 3212 1872 3237 dialecticam
1892 3218 1916 3237 et
1935 3213 2135 3245 metaphysicam
2154 3212 2274 3242 omnibus
2296 3212 2340 3241 uti,
2360 3212 2466 3235 intendit

1404 3258 1416 3271 »
1437 3256 1483 3280 per
1502 3249 1527 3280 ly
1547 3247 1674 3277 omnibus,
1694 3247 1815 3272 omnibus
1834 3248 1919 3272 modis
1933 3248 2014 3278 dictis,
2034 3249 2129 3272 scilicet
2147 3255 2184 3272 ex
2197 3247 2297 3279 quibus,
2313 3247 2345 3271 de
2363 3246 2463 3278 quibus,

1404 3293 1417 3306 »
1438 3288 1463 3307 et
1477 3290 1559 3315 quae,·
1573 3287 1598 3306 et
1612 3282 1661 3306 hoc
1676 3283 1744 3307 idern
1759 3283 1888 3307 declarare
1903 3284 2010 3308 intendit
2024 3289 2049 3308 et
2063 3283 2174 3315 gloriose
2189 3283 2299 3307 declarat
2313 3290 2335 3306 s.
2349 3281 2464 3305 Thomas

1403 3329 1416 3341 ›
1436 3323 1493 3343 tam
1511 3319 1537 3342 in
1558 3317 1688 3342 dialectica
1706 3325 1785 3349 quam
1800 3318 1825 3342 in
1844 3318 2019 3351 metaphysica
2034 3319 2146 3347 inveniri,
2160 3318 2217 3342 licet
2231 3325 2282 3341 non
2297 3317 2463 3346 uniformiter,

1402 3364 1415 3376 ›
1436 3359 1465 3378 ut
1484 3353 1591 3386 diligens
1612 3353 1693 3377 lector
1713 3353 1844 3384 percipere
1867 3353 1941 3378 facile
1959 3358 2058 3386 potest,
2080 3353 2259 3385 distinguendo
2279 3357 2331 3376 tam
2353 3352 2464 3376 dialecti-

1402 3399 1415 3412 »
1437 3396 1493 3413 cam
1512 3395 1592 3420 quam
1612 3388 1839 3412 demonstrativam
1864 3389 1889 3412 in
1915 3389 2050 3414 docentem
2070 3394 2096 3412 et
2114 3391 2241 3416 utentem,
2265 3392 2290 3411 et
2308 3387 2463 3419 assignando

1402 3433 1416 3447 »
1436 3431 1526 3448 earum
1540 3423 1605 3447 inter
1620 3430 1649 3447 se
1663 3422 1832 3447 differentiam
1851 3428 1876 3448 et
1890 3431 1904 3448 a
1918 3424 2104 3456 metaphysica,
2127 3428 2152 3448 et
2170 3424 2195 3447 in
2214 3430 2266 3454 quo
2286 3422 2460 3446 conveniant»

1401 3459 1446 3492 (In
1464 3459 1474 3483 1
1494 3459 1609 3487 Foster„
1636 3465 1759 3490 cap-111,
1779 3457 1794 3490 ξ
1816 3458 1894 3483 Circa
1915 3463 2038 3490 quartam
2064 3458 2253 3483 conclusionem
2275 3462 2334 3486 etc.‚
2356 3457 2398 3481 fol.
2416 3455 2462 3487 56,

1401 3494 1449 3519 col.
1469 3493 1509 3526 2).
1533 3493 1644 3517 Nomine
1668 3493 1788 3517 scientiae
1815 3493 1933 3518 docentis
1957 3494 1982 3518 in
2006 3494 2131 3534 praesenti
2159 3493 2305 3532 intelligitur
2329 3492 2371 3516 illa
2396 3499 2464 3524 quae

1400 3534 1535 3562 praecepta
1549 3533 1617 3552 recte
1637 3528 1828 3552 demonstrandi
1847 3530 1934 3560 tradit;
1949 3529 2054 3553 nomine
2068 3528 2188 3553 scientiae
2201 3527 2298 3552 utentis
2317 3527 2463 3559 intelligitur

1401 3564 1535 3597 applicatio
1549 3563 1701 3588 eorumdem
1720 3569 1916 3596 praeceptorum
1930 3565 1962 3589 ad
1977 3570 2071 3589 certam
2086 3563 2256 3596 cognitionem
2277 3562 2309 3586 de
2329 3562 2406 3587 rebus
2422 3569 2463 3586 ac-

1401 3599 1554 3633 quirendam
1574 3597 1628 3634 (Cf.
1641 3598 1675 3622 IV
1693 3598 1878 3632 Metaphysic„
1899 3600 1956 3624 lect.
1971 3599 2021 3634 tv).

2262 3649 2320 3675 28*

2496 567 2507 577 ‘⁸
2516 573 2545 588 Ατ
2553 575 2558 589 :
2573 568 2612 589 sit.

2494 782 2551 804 “Ea
2567 790 2595 805 ex
2610 784 2680 806 codd.

2589 949 2604 966 0

2495 997 2552 1019 ⁸(Jf.
2561 998 2612 1020 lect.
2621 1004 2644 1025 n,
2660 1004 2683 1019 n.
2691 1002 2708 1026 η

2495 1169 2545 1190 *In
2560 1144 2629 1190 relaias
2643 1176 2671 1191 ex

2496 1202 2523 1216 co
2526 1195 2539 1217 d
2542 1195 2556 1216 d
2560 1211 2565 1216 .

2495 1250 2507 1261 ⁵
2517 1250 2552 1271 Cf.
2567 1250 2619 1271 lect.
2629 1256 2645 1271 ι.

2497 1409 2639 1431 codd-:1²
2654 1409 2708 1437 ipsa

2498 1435 2547 1463 [ος.

2596 1578 2610 1603 Ρ

2497 1647 2508 1658 ’
2519 1653 2534 1668 u
2541 1654 2546 1668 ι
2563 1647 2682 1667 versatur.

2595 1683 2610 1699 σ
