2548 4192
187 272 255 297 CCII

191 351 205 365 2>
225 337 311 367 tione
335 336 423 367 boni.
446 337 553 366 Tertia
575 336 745 376 Speculum
769 335 967 372 Historiale,
987 334 1019 363 in
1043 343 1106 373 qua
1126 338 1258 362 tractan-v

191 394 205 409 »
224 388 275 411 tur
297 387 383 421 gesta
407 387 438 411 et
461 380 542 411 dicta
564 380 707 410 virorum
730 379 920 416 illustrium,
947 388 1003 417 per
1026 387 1107 417 quae
1132 375 1259 406 confor-

191 432 309 461 >›,tatur
332 425 486 456 memoria
510 432 568 455 etc.
583 437 597 452 »
625 424 775 464 Expende
804 429 869 454 tres
901 429 1026 452 tantum
1054 420 1158 460 operis
1182 419 1259 449 Vin-

189 469 323 500 centiani
347 477 460 510 partes.
487 469 710 499 Animadverte
736 477 862 498 rursum
887 465 990 506 operis
1015 465 1156 495 eiusdem
1181 463 1259 493 divi-

189 514 313 544 sionem
326 514 414 544 iuxta
428 523 599 543 numerum
613 512 710 542 trium
724 512 847 541 animae
859 510 1055 547 facultatum,
1067 509 1258 545 intellectus,

189 559 363 589 voluntatis
386 563 416 588 et
439 558 621 588 memoriae.
654 556 737 586 Hinc
756 555 868 593 collige
897 553 1072 594 Speculum
1096 560 1172 583 tunc
1187 553 1259 582 Μο-

189 603 260 633 rale
275 602 470 642 appellatum
486 611 551 630 non
571 600 657 630 aliud
679 609 745 629 esse
760 608 858 639 quam
872 598 1043 638 Speculum
1059 597 1258 628 Doctrinale.

257 646 411 676 Codicem
435 655 493 675 mS.
520 643 660 684 optimae
692 649 807 680 notae,
831 642 865 672 in
889 652 956 683 quo
989 642 1100 672 eadem
1133 641 1260 672 Ioannis

190 690 375 730 Hautfuney
408 689 513 719 tabula
546 687 744 725 continetur,
778 693 880 717 servat
917 686 1107 716 bibliotheca
1139 687 1261 717 Veneta

190 745 230 764 ss.
249 734 374 764 loannis
398 740 428 763 et
451 731 558 770 Pauli,
584 731 637 762 ubi
658 731 814 771 descripta
836 731 981 771 superius
1005 731 1100 761 verba
1123 731 1260 772 propriis

189 778 288 808 oculis
312 777 438 818 perlegi.

255 821 375 858 Quidni
394 830 468 850 vero
493 830 531 850 eo
556 819 650 850 titulo
665 819 794 860 Speculi
810 820 950 850 Moralis
965 819 1106 859 insigniri
1121 821 1261 861 potuerit

188 866 370 906 Speculum,
395 865 483 906 quod
507 871 618 895 auctor
639 865 830 895 Doctrinale
853 862 1042 905 appellavit?
1058 865 1108 896 Ad
1129 876 1260 896 morum

187 909 305 951 quippe
328 909 570 939 instructionem
593 909 699 949 plures
715 909 872 949 pertinent
894 909 963 939 libri
987 909 1020 939 in
1044 910 1159 940 eodem
1183 921 1259 941 con-

187 955 274 985 tenti.
295 954 407 984 Libros
422 953 546 994 aliquos
569 963 746 994 eorumque
761 953 872 984 titulos
888 954 1009 994 accipe:
1033 968 1047 982 «
1061 954 1154 985 Liber
1168 957 1259 996 quin-

189 1011 203 1025 »
224 1004 275 1029 tus
298 998 409 1038 incipit
441 1008 532 1038 agere
556 998 594 1028 de
618 998 761 1039 practicis
794 997 859 1028 sive
888 999 1070 1030 Moralibus
1093 999 1260 1031 Scientiis:

190 1054 203 1069 »
223 1050 254 1073 et
268 1043 331 1083 agit
353 1043 393 1073 de
408 1044 597 1079 monastica,
621 1050 787 1083 tamquam
801 1052 882 1083 quae
897 1043 1037 1083 priorem
1056 1044 1165 1075 locum
1180 1044 1260 1075 inter

190 1099 204 1113 2>
222 1088 278 1118 has
301 1093 398 1126 tenet,
419 1097 457 1117 eo
481 1087 557 1127 quia
581 1088 677 1118 vitam
699 1088 866 1127 propriam
892 1098 1158 1130 unumquemque
1177 1099 1260 1120 com-

189 1142 203 1157 »
217 1141 342 1172 ponere
365 1131 469 1162 decet:
487 1132 582 1162 habet
605 1138 712 1162 autem
728 1141 850 1162 eLxxvn
865 1132 1035 1172 capitula...
1048 1133 1141 1164 Liber
1150 1139 1262 1164 sextus

190 1187 204 1201 »
223 1176 328 1207 adhuc
352 1176 415 1216 agit
443 1176 483 1206 de
506 1177 683 1207 monastica
711 1177 845 1207 scientia
875 1183 906 1207 et
929 1184 975 1207 est
1006 1178 1097 1218 quasi
1121 1179 1261 1218 comple-

190 1231 204 1246 »
225 1227 371 1251 mentum
394 1220 497 1261 quinti
524 1220 605 1251 libri.
631 1221 666 1250 In
690 1220 746 1250 illo
770 1230 910 1261 namque
936 1222 1137 1262 generaliter
1159 1223 1262 1263 agitur

190 1276 204 1290 »
224 1265 264 1296 de
287 1265 428 1296 moribus
451 1266 502 1297 vel
524 1265 681 1296 habitibus
713 1265 803 1295 bonis
827 1270 858 1295 et
880 1266 999 1304 malis,
1030 1267 1111 1298 idest
1133 1267 1173 1298 de
1197 1269 1261 1298 vir-

190 1320 204 1335 »
225 1310 344 1340 tutibus
368 1315 398 1340 et
422 1310 525 1340 vitiis:
548 1309 581 1339 in
605 1309 666 1340 hoc
690 1316 818 1347 autem,
843 1310 948 1349 primo
981 1311 1113 1351 quidem
1146 1312 1260 1342 descri-

190 1365 204 1379 ›>
224 1354 343 1385 buntur
360 1354 609 1395 particulariter
623 1363 728 1384 mores
750 1353 923 1384 hominum
937 1355 1169 1396 cuiuscumque
1186 1366 1261 1387 con-

189 1409 204 1424 »
225 1399 354 1429 ditionis
375 1408 411 1429 ac
425 1408 517 1430 sexus
537 1405 568 1429 et
587 1398 710 1429 aetatis:
735 1398 946 1438 postmodum
967 1406 1075 1430 autem
1089 1400 1122 1430 in
1137 1401 1261 1431 univer—

189 1453 204 1468 »
223 1443 279 1474 sali
290 1444 329 1475 de
344 1444 426 1475 bona
437 1449 467 1475 et
482 1443 568 1473 mala
578 1443 741 1473 hominum
753 1443 852 1473 vita...
867 1443 961 1474 habet
969 1444 1106 1484 capitula
1116 1455 1261 1476 cxxxiv...

190 1499 204 1513 »
224 1489 318 1519 Liber
341 1494 473 1519 octavus
496 1487 606 1528 incipit
629 1497 719 1527 agere
737 1487 777 1518 de
794 1487 940 1527 politica,
965 1498 1047 1528 quae
1064 1489 1198 1528 pertinet
1221 1490 1261 1520 ad

189 1543 204 1557 ι·
225 1534 264 1563 ad
283 1533 423 1573 regimen
449 1532 621 1563 civitatum.
639 1532 713 1572 Agit
737 1531 842 1572 itaque
869 1531 907 1562 de
938 1532 1115 1563 civitatibus
1137 1543 1261 1564 earum-

192 1590 206 1605 »
226 1588 289 1619 que
305 1577 488 1608 rectoribus:
514 1584 544 1607 et
568 1576 664 1607 etiarn
682 1576 722 1606 de
741 1576 866 1617 legibus
882 1586 917 1606 ac
937 1577 976 1607 de
994 1576 1062 1608 iure
1082 1577 1260 1618 multiplici,

192 1636 207 1651 »
227 1624 266 1653 de
290 1621 432 1663 personis
456 1620 590 1662 publicis
613 1627 644 1651 et
666 1620 813 1660 privatis,
830 1620 870 1651 de
893 1621 989 1652 rebus
1011 1632 1136 1663 quoque
1158 1624 1262 1654 sacris

192 1680 207 1695 s
227 1674 258 1698 et
276 1677 343 1698 non
366 1666 473 1697 sacris:
499 1672 529 1696 et
549 1665 643 1696 habet
659 1665 797 1705 capitula
820 1675 899 1696 an.
912 1688 919 1695 .
933 1688 941 1696 .
958 1665 1053 1697 Liber
1072 1677 1176 1698 nonus
1199 1667 1263 1707 agit

192 1725 206 1739 »
226 1713 266 1743 de
288 1711 485 1748 actionibus,
518 1709 582 1740 sive
611 1710 649 1740 de
672 1709 726 1739 illa
744 1716 832 1750 parte
859 1710 936 1740 iuris
959 1721 1042 1751 quae
1065 1711 1199 1752 pertinet
1222 1712 1262 1742 ad

191 1770 205 1784 »
226 1757 374 1787 actiones.
393 1755 545 1786 Continet
567 1763 642 1794 ergo
666 1764 853 1794 processum
870 1764 1037 1785 causarum
1057 1766 1092 1786 ac
1111 1756 1217 1786 litium
1231 1763 1262 1788 et

191 1815 204 1829 2>
225 1801 371 1832 ordinem
403 1799 613 1830 iudiciorum:
644 1798 739 1829 habet
761 1805 869 1829 autem
897 1799 975 1829 liber
998 1799 1056 1830 iste
1079 1810 1156 1830 cxxx
1180 1801 1262 1841 capi-

189 1859 204 1874 »
224 1846 351 1877 tula...
377 1844 470 1875 Liber
493 1843 635 1874 decimus
663 1843 727 1883 agit
756 1843 796 1874 de
825 1844 1012 1875 criminibus
1044 1844 1108 1875 sive
1138 1844 1262 1876 iudiciis

189 1904 204 1919 »
225 1890 395 1921 criminum
414 1898 495 1929 quae
519 1888 763 1919 committuntur
786 1888 818 1918 in
837 1888 956 1926 Deum,
976 1889 1154 1920 secundum
1173 1890 1263 1931 quod

190 1948 205 1963 »
225 1935 382 1975 pertinent
400 1933 440 1963 ad
463 1939 636 1973 utrumque
660 1931 788 1970 forum,
809 1932 948 1963 seculare
980 1933 1125 1964 videlicet
1155 1940 1186 1964 et
1213 1944 1262 1966 ec·

190 1993 204 2008 »
225 1978 447 2010 clesiasticum:
478 1977 572 2007 habet
595 1983 703 2007 autem
726 1977 864 2017 capitula
887 1987 961 2008 ccx.
975 2000 982 2008 .
995 2001 1003 2008 .
1021 1977 1115 2008 Liber
1134 1978 1262 2010 undeci-

191 2037 205 2052 »
225 2033 297 2054 mus
336 2022 400 2062 agit
432 2021 526 2052 simili
560 2021 660 2052 modo
690 2021 729 2052 de
761 2021 945 2052 criminibus
975 2032 1058 2063 quae
1091 2023 1263 2055 committit

191 2082 205 2096 »
225 2068 326 2098 homo
350 2068 383 2097 in
402 2067 590 2107 proximum
613 2065 663 2096 vel
687 2065 783 2096 etiam
806 2067 839 2096 in
858 2067 1015 2106 seipsum:
1037 2066 1131 2098 habet
1154 2074 1262 2098 autern

190 2126 205 2141 »
223 2113 302 2143 liber
325 2111 383 2142 iste
402 2121 472 2140 cmv
489 2110 636 2150 capitula.
650 2122 665 2137 »
693 2108 796 2141 Viden
816 2120 965 2150 magnam
989 2111 1117 2151 Speculi
1134 2112 1262 2143 Doctri-

188 2157 272 2188 nalis
295 2162 418 2196 partem
448 2155 489 2184 ad
519 2164 624 2184 mores
648 2154 820 2185 hominum
849 2161 880 2186 et
907 2155 947 2185 ad
970 2155 1133 2186 scientiam
1156 2167 1262 2188 mora-

186 2202 250 2232 lem
273 2200 476 2237 attinentem,
508 2205 544 2229 ut
572 2198 691 2229 mirum
724 2209 790 2230 non
814 2199 854 2230 sit
885 2199 1060 2240 Speculum
1092 2200 1178 2231 idem
1207 2212 1262 2242 ap-

186 2245 295 2286 pellari
318 2243 461 2285 potuisse
484 2243 743 2284 appellatumque
768 2254 835 2274 esse
858 2243 1029 2284 Speculum
1053 2245 1193 2277 Morale.

253 2290 305 2320 111.
330 2289 397 2319 Tot
423 2297 499 2318 vero
523 2294 720 2328 argumenta,
745 2297 827 2329 quae
855 2298 961 2319 mores
989 2288 1161 2320 hominum
1188 2290 1261 2322 illu-

186 2341 294 2372 strant,
319 2343 394 2364 cum
422 2332 536 2363 eodem
559 2332 592 2362 in
620 2332 756 2372 Speculo
784 2333 969 2363 Doctrinali
995 2334 1163 2365 versaverit
1190 2335 1260 2366 Bel-

185 2377 371 2414 lovacensis,
393 2377 432 2407 de
450 2377 537 2407 bono
562 2376 678 2407 scilicet
701 2383 732 2407 et
748 2377 845 2415 malo,
871 2377 910 2408 de
932 2377 1101 2409 virtutibus
1121 2386 1152 2410 et
1165 2379 1259 2419 vitiis,

188 2423 226 2453 de
243 2421 428 2453 criminibus
443 2420 477 2450 in
493 2421 610 2458 Deum,
627 2421 811 2460 proximum
830 2428 860 2452 et
876 2422 1028 2462 seipsum,
1046 2423 1148 2464 deque
1167 2424 1261 2455 rebus

186 2466 280 2498 sacris
304 2473 335 2497 et
357 2475 423 2496 non
448 2465 556 2503 sacris;
580 2471 696 2495 notum
718 2465 754 2496 fit
777 2473 1058 2508 compertumque,
1090 2468 1261 2500 consilium

187 2510 323 2542 auctoris
348 2519 413 2540 non
437 2509 533 2540 fuisse
570 2515 607 2540 ut
629 2509 800 2550 Speculum
824 2511 955 2542 Morale
984 2512 1023 2541 ab
1052 2511 1120 2542 aliis
1151 2512 1260 2544 distin-

190 2562 277 2587 ctum
301 2554 506 2587 elucubraret.
527 2553 600 2584 Hoc
624 2554 766 2594 primum
784 2562 1009 2594 argumentum
1028 2562 1095 2586 esto
1115 2556 1195 2587 inter
1213 2568 1260 2596 ea,

189 2610 271 2641 quae
304 2599 401 2630 insita
434 2598 601 2636 dicuntur,
635 2598 699 2628 sive
733 2608 814 2639 quae
847 2609 884 2629 ex
910 2599 981 2639 ipso
1010 2610 1106 2639 opere
1133 2601 1166 2631 in
1194 2612 1262 2633 sese

189 2650 329 2684 spectato
350 2649 599 2683 comparatoque
622 2652 697 2673 curn
715 2642 851 2683 Speculo
874 2644 998 2674 Morali
1021 2644 1166 2684 depromi
1189 2656 1262 2686 pos-

189 2695 272 2719 sunt.

256 2732 328 2763 Alia
351 2732 417 2762 duo
442 2730 680 2762 subministrant
701 2731 796 2762 verba
819 2731 985 2773 utriusque
1012 2732 1152 2773 Prologi,
1181 2744 1263 2774 quae

188 2777 344 2808 habentur
363 2775 463 2816 capite
479 2782 526 2806 111:
555 2788 570 2803 α
587 2775 734 2816 Denique
752 2775 907 2817 quoniam
923 2782 959 2807 ut
978 2777 1122 2816 superius
1142 2777 1263 2809 dictum

192 2834 206 2849 »
229 2828 290 2859 est,
315 2830 357 2852 ex
378 2820 515 2852 diversis
537 2820 722 2851 auctoribus
745 2820 807 2851 hoc
831 2830 914 2861 opus
939 2827 1122 2852 contextum
1143 2828 1205 2861 est,
1228 2829 1263 2853 ut

191 2879 206 2894 »
229 2865 344 2897 sciatur
367 2864 444 2906 quid
469 2863 624 2905 cuiusque
648 2864 697 2902 sit,
720 2865 926 2906 singulorum
950 2865 1043 2896 dictis
1071 2875 1181 2897 eorum
1206 2877 1262 2898 no-

191 2923 206 2938 »
226 2911 312 2940 mina
337 2908 505 2940 annotavi:
522 2918 558 2939 ac
572 2918 612 2939 ne
633 2908 722 2939 facile
745 2915 1025 2950 transponerentur
1041 2910 1080 2941 de
1095 2910 1174 2941 locis
1189 2921 1262 2951 pro-

191 2967 206 2982 »
226 2954 312 2995 priis,
337 2963 539 2994 nequaquam
559 2954 591 2984 in
616 2954 827 2994 margine...
851 2953 906 2984 sed
929 2955 1014 2985 inter
1037 2954 1140 2986 lineas
1163 2956 1260 2996 ipsas,

192 3012 206 3027 »
225 2999 306 3030 sicut
330 2998 402 3028 fecit
425 2997 594 3028 Gratianus
617 2997 650 3028 in
675 2997 914 3038 Compilatione
938 2997 1132 3037 Canonum,
1156 3009 1193 3030 ea
1214 3000 1261 3031 in-

191 3056 206 3071 »
228 3043 319 3073 serui.
338 3042 500 3073 Interdum
523 3041 619 3073 etiam
642 3052 689 3079 ea,
704 3052 787 3083 quae
809 3042 878 3082 ipse
896 3042 946 3073 vel
961 3052 980 3073 a
994 3043 1167 3074 maioribus
1182 3044 1262 3075 meis

192 3099 206 3115 ›
227 3087 343 3117 scilicet
366 3086 526 3116 modernis
559 3086 740 3117 auctoribus
774 3086 867 3118 didici
900 3087 950 3117 vel
979 3086 1011 3118 in
1044 3089 1261 3129 quorumdam

193 3144 207 3159 »
227 3131 348 3171 scriptis
372 3130 522 3161 notabilia
545 3130 656 3171 reperi,
681 3130 812 3162 nomine
832 3141 918 3169 meo,
941 3131 1022 3163 idest
1044 3133 1192 3171 auctoris,
1211 3133 1260 3164 in-

193 3188 208 3204 »
227 3175 368 3206 titulavi.
381 3197 389 3205 .
402 3197 409 3205 .
427 3175 471 3205 Ut
493 3181 600 3206 autem
624 3175 720 3206 huius
743 3175 849 3216 operis
865 3182 968 3216 partes
987 3176 1128 3217 singulae
1151 3177 1261 3208 lectori

193 3233 207 3248 »
228 3219 350 3250 facilius
373 3219 561 3257 elucescant,
580 3219 688 3260 ipsum
711 3230 791 3261 opus
809 3225 909 3251 totum
921 3230 984 3260 per
1002 3221 1101 3253 libros
1119 3227 1149 3252 et
1163 3222 1260 3254 libros

193 3277 207 3292 »
222 3273 285 3305 per
317 3263 458 3304 capitula
490 3263 691 3304 distinguere
724 3265 820 3295 volui.
843 3277 858 3292 2
885 3265 972 3295 Haec
1002 3272 1162 3306 postrema
1190 3273 1261 3297 tene

190 3309 293 3340 verba.
311 3307 485 3348 Speculum
508 3308 638 3339 Morale
660 3308 769 3339 confer
788 3319 863 3340 curn
881 3308 980 3340 tribus
999 3310 1077 3348 aliis,
1093 3310 1260 3349 Naturali,

190 3353 374 3384 Doctrinali
413 3357 444 3383 et
482 3352 658 3383 Historiali
666 3375 677 3390 ‚
714 3363 796 3394 quae
828 3363 997 3394 germanos
1029 3354 1260 3386 Bellovacensis

192 3397 295 3427 foetus
319 3396 461 3436 agnoscit
483 3396 569 3427 natio
594 3397 709 3428 omnis.
727 3397 815 3428 Haec
838 3398 897 3428 tria
918 3408 994 3429 vero
1018 3400 1139 3430 suntin
1164 3399 1262 3431 libros

193 3441 290 3471 divisa
314 3448 344 3472 et
366 3441 436 3471 libri
455 3440 561 3472 tributi
579 3442 610 3472 in
627 3442 743 3482 capita.
761 3442 836 3473 Non
861 3442 902 3473 ita
929 3442 1100 3483 Speculum
1119 3444 1259 3482 Morale,

193 3485 281 3524 quod
304 3486 336 3515 in
361 3485 458 3516 libros
482 3485 650 3524 dividitur,
672 3487 704 3516 in
723 3492 838 3527 partes
860 3486 930 3517 libri
955 3487 1110 3519 distributi
1135 3495 1209 3520 sunt
1231 3495 1262 3520 et

193 3528 334 3567 singulae
357 3536 459 3569 partes
487 3531 519 3560 in
543 3530 761 3562 distinctiones
785 3538 815 3562 et
837 3531 914 3562 istae
945 3532 977 3562 in
1001 3533 1168 3564 articulos.
1194 3532 1262 3565 Cur

193 3572 338 3602 ordinem
361 3573 543 3604 mutavisset
566 3574 761 3613 Vincentius,
786 3575 873 3606 nulla
896 3576 1082 3607 mutationis
1103 3576 1184 3609 facta
1207 3577 1262 3609 ali-

195 3615 267 3646 cubi
290 3617 462 3656 mentione,
486 3627 544 3648 nec
563 3618 683 3649 reddita
697 3617 808 3650 causa?

906 250 1368 292 DISSERTATIONES
1396 250 1651 289 CRITICAE

1383 329 1492 360 Priora
1525 330 1668 362 eiusdem
1698 332 1761 363 loci
1791 333 1885 363 verba
1913 334 2033 373 recole,
2059 344 2140 375 quae
2165 334 2395 365 Bellovacensis

1316 373 1437 404 bonam
1460 373 1557 405 fidem
1586 376 1780 415 patefaciunt
1810 377 2003 418 plenamque
2035 378 2254 409 sinceritatem.
2280 379 2396 409 Datam

1316 416 1413 448 fidem
1437 418 1547 450 liberat
1570 419 1623 450 ille
1647 421 1680 450 in
1704 421 1817 461 triplici
1843 423 1986 462 speculo,
2006 423 2172 460 Naturali,
2189 424 2393 460 Doctrinali,

1315 462 1512 501 Historiali;
1534 464 1614 494 nihil
1644 465 1734 506 quod
1758 476 1854 496 suurn
1877 477 1944 497 non
1968 474 2014 498 est
2042 467 2100 498 sibi
2124 478 2293 507 arrogans,
2323 467 2395 498 scri-

1316 514 1511 548 ptorumque
1535 509 1678 547 nomina,
1703 520 1720 540 a
1744 510 1861 550 quibus
1885 511 2015 551 accepit,
2040 522 2107 542 non
2122 514 2154 542 in
2170 514 2321 553 margine
2337 522 2396 542 no-

1316 558 1396 590 tans,
1421 552 1476 582 sed
1500 554 1587 583 intra
1611 554 1715 585 lineas
1737 554 1886 585 inserens.
1912 556 1951 586 V.
1976 566 2005 595 g.
2030 556 2108 586 haec
2132 563 2163 587 et
2186 556 2301 593 similia
2325 567 2394 597 pas-

1316 596 1377 626 sim
1401 604 1581 628 occurrunt.
1599 598 1696 629 Libro
1714 599 1725 628 1
1743 599 1869 639 Speculi
1885 600 2044 630 Naturalis
2064 600 2165 640 capite
2181 608 2207 631 1:
2222 601 2274 632 De
2287 601 2394 631 diver-

1315 641 1360 671 sis
1383 641 1496 671 mundi
1518 644 1764 683 acceptionibus,
1783 654 1824 674 ex
1839 644 1919 675 libro
1935 645 1991 685 qui
2004 644 2124 675 dicitur
2139 646 2248 686 imago
2263 646 2376 676 mundi
2381 653 2395 683 ‚¹

1317 685 1418 725 capite
1441 694 1478 717 11:
1497 687 1548 716 De
1570 687 1695 718 duobus
1718 688 1847 718 mundis
1870 689 2079 720 existentibus
2086 697 2099 727 ;
2121 689 2263 720 Hermes
2285 691 2341 730 qui
2364 695 2395 720 et

1316 730 1504 762 Mercurius
1528 737 1558 768 et
1586 732 1798 773 Trimegistus
1821 733 1864 763 ad
1882 733 2063 773 Asclepium
2075 741 2088 770 ‚·
2111 733 2212 774 capite
2228 741 2278 764 111:
2300 734 2395 771 Quod

1316 774 1456 805 mundus
1479 776 1676 816 archetypus
1695 778 1762 816 ipse
1778 778 1821 807 sit
1836 777 1900 807 Dei
1914 777 2019 808 Filius
2025 785 2038 815 ;
2052 778 2198 809 Basilius
2212 779 2244 808 in
2260 778 2393 809 Hexae-

1316 828 1427 848 meron
1452 819 1533 850 libro
1551 821 1660 859 primo
1668 827 1681 857 ;
1703 820 1810 860 capite
1833 828 1879 851 xv:
1907 821 1994 858 Quid
2015 823 2058 852 sit
2079 822 2170 853 Deus
2178 830 2191 860 ;
2213 823 2395 863 Dionysius

1316 863 1348 892 in
1366 863 1448 893 libro
1466 864 1518 894 De
1536 864 1654 895 divinis
1672 865 1863 895 Nominibus
1879 871 1910 895 et
1923 865 1967 896 sic
1983 865 2141 906 deinceps.
2157 867 2278 897 Eadem
2294 867 2395 907 fulget

1315 908 1400 937 bona
1423 907 1501 938 fides
1524 908 1756 939 Bellovacensis
1772 908 1805 938 in
1820 909 1956 949 Speculo
1974 910 2167 947 Doctrinali.
2186 911 2276 948 Quae
2293 921 2395 951 pauca

1316 959 1494 992 sequuntur
1523 953 1651 993 profero
1681 953 1839 993 exempla:
1865 963 1982 994 nempe
2005 953 2098 992 libro,
2113 954 2169 995 qui
2189 956 2346 986 secundus
2360 955 2395 986 in

1316 996 1406 1027 editis
1431 1004 1632 1036 numeratur,
1657 997 1758 1038 capite
1781 1005 1815 1028 x:
1839 998 1890 1028 De
1906 999 2025 1038 primis
2042 999 2241 1039 philosophis
2259 1000 2315 1040 qui
2337 1009 2394 1030 na-

1316 1047 1424 1071 turam
1438 1043 1575 1072 scrutati
1593 1047 1669 1072 sunt
1673 1050 1687 1079 ‚·
1701 1043 1908 1083 Augustinus
1922 1043 1974 1073 De
1989 1043 2118 1074 civitate
2132 1043 2196 1073 Dei
2211 1043 2292 1074 libro
2308 1048 2394 1074 octa-

1317 1096 1355 1116 vo
1361 1093 1375 1123 ;
1398 1086 1498 1126 capite
1514 1093 1573 1117 xn:
1590 1087 1641 1117 De
1664 1086 1800 1117 diversis
1821 1087 1996 1128 generibus
2020 1088 2284 1128 philosophorum
2291 1095 2305 1126 ;
2334 1087 2395 1119 Isi-

1316 1130 1416 1161 dorus
1440 1132 1472 1161 in
1502 1131 1592 1161 libris
1622 1131 1831 1172 Ethymolog.
1863 1136 1975 1162 octavo
1999 1132 2102 1169 libro;
2125 1132 2226 1173 capite
2249 1139 2320 1163 xm:
2343 1133 2396 1163 De

1316 1175 1554 1216 definitionibus
1570 1176 1812 1216 philosophiae‚·
1833 1176 2026 1207 Richardus.
2052 1176 2184 1207 Caetera
2198 1177 2393 1208 conveniunt

1317 1219 1436 1250 omnia.
1468 1220 1719 1261 Notandumque
1743 1220 1908 1260 diligenter
1931 1227 1978 1251 est
2007 1220 2109 1261 capita
2132 1231 2305 1259 occurrere,
2325 1221 2395 1262 qui-

1316 1265 1376 1294 bus
1400 1264 1537 1295 auctoris
1561 1274 1681 1295 nomen
1705 1264 1795 1306 infra
1812 1265 1915 1296 lineas
1929 1275 1996 1295 non
2011 1264 2202 1305 praefigitur:
2220 1265 2396 1307 eademque

1317 1308 1448 1348 intelligi
1472 1316 1600 1349 accepta
1623 1309 1735 1339 debere
1760 1320 1796 1340 ex
1813 1316 1940 1340 auctore
1956 1309 2100 1350 proxime
2116 1316 2207 1340 antea
2221 1309 2326 1340 citato.
2344 1310 2395 1341 Ab

1317 1353 1376 1383 hac
1400 1363 1466 1383 non
1490 1354 1621 1384 discedit
1651 1353 1804 1385 methodo
1828 1354 2060 1385 Bellovacensis
2083 1354 2116 1384 in
2131 1354 2267 1395 Speculo
2282 1354 2395 1386 Histo-

1317 1398 1405 1435 riali,
1424 1397 1478 1428 ubi
1494 1398 1612 1438 passim
1629 1398 1719 1439 infra
1743 1398 1884 1439 capitum
1908 1399 2011 1429 lineas
2024 1399 2195 1429 laudantur
2209 1399 2290 1430 Acta
2311 1399 2395 1430 San-

1317 1447 1441 1472 ctorum
1466 1449 1496 1473 et
1522 1442 1683 1473 Chronica
1707 1449 1739 1473 et
1761 1443 1928 1483 scriptores
1945 1443 1997 1473 alii
2012 1443 2091 1473 sacri
2109 1449 2140 1474 et
2153 1443 2324 1484 prophani,
2340 1443 2397 1485 qui

1317 1496 1438 1516 sacram
1461 1487 1719 1528 saecularemque
1742 1487 1907 1518 historiam
1931 1487 2090 1528 scripsere.
2115 1487 2278 1528 integrum
2292 1487 2394 1519 modo

1317 1530 1446 1568 evolve,
1470 1531 1539 1571 lege
1563 1541 1598 1561 ac
1631 1531 1756 1571 perlege
1779 1532 1950 1572 Speculum
1975 1532 2114 1563 Morale.
2138 1531 2253 1563 Varius
2276 1532 2396 1573 passim

1317 1574 1559 1606 distinctionum
1583 1581 1613 1606 et
1636 1575 1843 1608 articulorum
1867 1576 1966 1617 stylus
1989 1583 2138 1616 apparet:
2163 1586 2245 1618 quae
2263 1576 2395 1608 varietas

1317 1619 1457 1650 diversos
1480 1620 1600 1660 absque
1624 1619 1722 1650 dubio
1753 1620 1920 1660 scriptores
1943 1620 2072 1659 indicat,
2096 1620 2174 1662 quin
2199 1630 2313 1652 eorum
2335 1631 2394 1652 no-

1317 1664 1404 1694 mina
1428 1664 1628 1695 adnotentur.
1654 1664 1783 1704 Superis
1799 1671 1919 1705 grates:
1945 1664 1979 1694 hi
1995 1674 2135 1705 namque
2158 1664 2326 1705 scriptores
2342 1665 2395 1696 de·-

1317 1708 1420 1739 florati
1443 1715 1537 1750 atque
1558 1708 1746 1749 transcripti,
1762 1709 1810 1739 sin
1827 1718 1950 1744 omnes.
1968 1708 2173 1740 innotescunt
2188 1709 2297 1750 aliqui,
2313 1719 2396 1751 quos

1317 1752 1398 1783 infra
1422 1753 1577 1784 dabimus.
1604 1753 1638 1783 ld
1662 1753 1726 1783 iam
1749 1763 1824 1784 vero
1849 1753 1923 1784 satis
1944 1760 1991 1784 est
2014 1760 2049 1784 ut
2065 1754 2195 1784 Morale
2210 1754 2394 1794 Speculum,

1317 1797 1349 1827 in
1373 1807 1440 1838 quo
1464 1797 1696 1828 Bellovacensis
1721 1798 1805 1828 bona
1828 1797 1906 1828 fides
1928 1798 2131 1836 desideratur,
2148 1798 2292 1839 nihilque
2307 1798 2394 1839 inge-

1317 1841 1362 1871 nii
1386 1841 1453 1872 eius
1477 1842 1669 1882 agnoscitur,
1693 1852 1760 1872 non
1784 1842 1823 1872 ab
1847 1842 1930 1882 ipso,
1947 1843 2002 1873 sed
2021 1853 2039 1873 a
2056 1842 2181 1873 falsario
2199 1843 2395 1874 consarcina-

1317 1893 1385 1917 tore
1409 1886 1562 1917 emissum
1581 1886 1766 1917 innotescat.

1384 1932 1490 1972 Atque
1514 1931 1572 1962 tria
1595 1931 1706 1972 utique
1720 1931 1859 1972 specula,
1875 1931 2048 1969 Naturale,
2063 1931 2265 1969 Doctrinale,
2282 1932 2395 1963 Histo-

1317 1975 1400 2005 riale
1423 1975 1592 2006 cohaerent
1615 1975 1673 2006 sibi
1696 1975 1850 2014 invicem,
1875 1975 1998 2017 sibique
2021 1982 2137 2006 mutuo
2161 1975 2329 2016 perhibent
2350 1983 2395 2008 te-

1318 2019 1516 2051 stimonium.
1542 2020 1578 2050 ln
1601 2020 1737 2061 Speculo
1760 2020 1962 2058 Doctrinali,
1995 2020 2086 2062 quod
2108 2020 2287 2051 secundum
2309 2020 2396 2053 iuxta

1317 2071 1460 2095 mentem
1483 2064 1717 2106 consiliumque
1742 2065 1879 2095 auctoris
1902 2064 2012 2095 locum
2035 2071 2121 2095 tenet
2143 2063 2177 2095 in
2197 2074 2304 2106 opere,
2326 2065 2392 2107 epi-

1316 2108 1410 2148 logus
1442 2109 1653 2149 praemittitur
1675 2109 1804 2150 Speculi
1827 2109 2019 2140 Naturalis:
2051 2108 2210 2150 siquidem
2242 2119 2260 2140 a
2293 2110 2395 2151 capite

1317 2153 1422 2193 primo
1454 2153 1494 2184 ad
1525 2153 1675 2195 quintum
1704 2163 1806 2195 usque
1842 2153 2035 2194 compendio
2068 2153 2281 2193 colliguntur,
2312 2163 2395 2196 quae

1316 2197 1427 2228 latiore
1442 2198 1564 2228 calamo
1582 2199 1614 2228 in
1632 2198 1768 2238 Speculo
1782 2198 1940 2229 Naturali
1954 2203 2141 2238 pertractata
2157 2204 2232 2229 sunt
2246 2197 2287 2230 de
2301 2197 2396 2240 lapsu

1316 2242 1453 2273 hominis
1475 2253 1516 2273 ac
1537 2243 1675 2274 hominis
1698 2243 1782 2284 lapsi
1809 2243 1962 2274 miseria:
1983 2242 2122 2284 indeque
2150 2241 2186 2273 fit
2214 2242 2330 2283 gradus
2353 2243 2395 2275 ad

1316 2286 1548 2327 reparationem
1571 2287 1711 2318 hominis
1741 2297 1797 2328 per
1820 2287 1998 2318 doctrinam
2022 2293 2052 2318 et
2083 2286 2227 2318 studium
2250 2286 2393 2328 philoso-

1316 2331 1418 2371 phiae.
1444 2331 1531 2362 Idem
1566 2331 1710 2372 epilogus
1741 2338 1812 2362 tum
1835 2331 1965 2372 Speculi
1986 2332 2179 2369 Naturalis,
2205 2338 2275 2363 tum
2299 2331 2395 2364 etiam

1314 2375 1516 2407 Doctrinalis
1531 2376 1636 2417 primo
1651 2376 1725 2407 loco
1742 2383 1872 2417 apparet
1886 2378 1918 2407 in
1936 2376 2072 2417 Speculo
2086 2375 2272 2408 Historiali.
2289 2378 2319 2408 A
2333 2376 2396 2419 pri-

1315 2430 1371 2451 mo
1386 2420 1486 2461 capite
1505 2421 1546 2451 ad
1559 2430 1644 2451 xrvn
1658 2420 1810 2452 inclusive
1830 2420 2023 2462 compendio
2039 2420 2303 2462 perstringuntur,
2312 2431 2396 2463 quae

1315 2464 1348 2495 in
1371 2465 1528 2496 Naturali
1551 2465 1687 2506 Speculo
1709 2465 1861 2496 latissime
1884 2465 2030 2496 disseruit
2053 2472 2164 2497 auctor
2186 2465 2226 2497 de
2247 2466 2329 2504 Deo,
2354 2465 2395 2498 de

1314 2509 1462 2551 Angelis,
1479 2510 1519 2541 de
1539 2510 1667 2541 homine
1687 2510 1789 2551 deque
1803 2510 1941 2541 hominis
1955 2511 2068 2551 lapsu:
2082 2516 2113 2541 et
2127 2520 2145 2540 a
2161 2510 2262 2551 capite
2279 2517 2393 2554 octavo

1316 2561 1347 2585 et
1369 2554 1612 2596 quadragesimo
1636 2564 1738 2596 usque
1761 2554 1801 2585 ad
1824 2565 1880 2593 1.v,
1910 2555 2043 2586 breviter
2071 2554 2174 2595 agitur
2196 2555 2236 2586 de
2259 2564 2394 2596 repara·

1316 2599 1402 2629 tione
1424 2599 1561 2629 hominis
1578 2609 1642 2639 per
1658 2600 1890 2640 poenitentiam
1915 2605 1946 2630 et
1969 2600 2114 2637 virtutes,
2132 2599 2234 2640 deque
2251 2600 2394 2632 scientiis

1315 2652 1399 2683 quae
1421 2643 1517 2673 datae
1539 2648 1615 2674 sunt
1637 2643 1759 2674 homini
1788 2643 1878 2684 lapso
1902 2644 1934 2674 in
1959 2643 2155 2681 remedium,
2179 2643 2220 2674 de
2236 2644 2394 2684 practicis

1317 2692 1347 2717 et
1370 2687 1562 2718 mechanicis
1583 2687 1718 2725 artibus,
1742 2697 1782 2718 ac
1803 2687 1931 2718 demum
1954 2687 1995 2718 de
2012 2687 2277 2718 sermocinalibus
2289 2688 2391 2718 scien-

1317 2731 1369 2762 tiis
1392 2736 1423 2762 et
1445 2731 1569 2762 artibus
1591 2732 1745 2772 magicis:
1767 2741 1849 2772 quae
1873 2731 1983 2762 omnia
2006 2738 2037 2762 et
2059 2731 2183 2771 singula
2206 2738 2392 2771 argumenta

1316 2775 1526 2806 luculentiore
1549 2785 1696 2806 sermone
1719 2774 1752 2805 in
1766 2775 1902 2816 Speculo
1915 2775 2101 2806 Doctrinali
2115 2774 2320 2807 illustrantur.
2335 2777 2392 2808 At-

1317 2818 1372 2860 qui
1397 2819 1625 2860 compendium
1648 2819 1681 2850 id
1703 2829 1804 2860 genus
1828 2819 2021 2850 desideratur
2043 2820 2077 2850 in
2093 2819 2230 2860 Speculo
2246 2819 2391 2852 Morali:

1316 2873 1437 2905 quaeve
1460 2863 1494 2894 in
1523 2863 1594 2904 ipso
1618 2863 1680 2895 late
1707 2870 1953 2904 pertractantur,
1984 2863 2178 2904 compendio
2207 2864 2299 2895 nullo
2323 2874 2392 2906 per-

1317 2908 1512 2948 stringuntur
1535 2908 1568 2938 in
1586 2915 1749 2949 postremo
1765 2908 1914 2949 Speculo,
1934 2908 2023 2950 quod
2038 2914 2084 2940 est
2097 2908 2288 2940 Historiale.
2306 2908 2393 2941 Cum

1317 2962 1391 2993 ergo
1416 2952 1576 2993 praedicto
1600 2953 1713 2983 morali
1737 2953 1868 2993 speculo
1892 2952 1972 2984 desit
1995 2963 2093 2984 nexus
2117 2953 2180 2991 ille,
2205 2963 2271 2995 quo
2295 2951 2392 2986 simul

1317 2997 1446 3038 specula
1469 3007 1526 3028 sua
1549 2996 1707 3037 colligavit
1730 2997 1935 3028 Vincentius:
1956 3007 2031 3029 cum
2054 2997 2134 3028 illud
2154 2997 2248 3028 etiam
2272 2997 2391 3039 Specu-

1315 3041 1385 3072 lum
1408 3041 1528 3072 Morale
1545 3041 1684 3072 duorum
1699 3042 1966 3083 praecedentium,
1982 3042 2156 3073 Naturalis
2171 3047 2202 3073 et
2216 3043 2390 3074 Doctrina-

1316 3086 1373 3124 lis,
1398 3086 1595 3117 mentionem
1622 3086 1743 3127 ingerat
1765 3086 1901 3117 nullam:
1926 3097 1962 3118 ac
1985 3094 2185 3128 postremum
2207 3086 2391 3118 Historiale

1315 3130 1443 3161 nullum
1465 3130 1627 3171 perhibeat
1650 3131 1689 3162 de
1705 3131 1828 3162 Morali
1851 3131 2087 3170 testimonium;
2103 3130 2230 3162 evidens
2246 3141 2390 3173 comper-

1315 3181 1450 3216 tumque
1473 3175 1600 3216 signum
1624 3182 1670 3206 est
1693 3185 1797 3217 neque
1821 3175 1859 3206 de
1882 3175 1939 3206 illo
1963 3176 2087 3207 edendo
2107 3175 2260 3216 cogitasse
2284 3174 2389 3208 Bello-

1315 3229 1492 3250 vacensem.

1382 3263 1667 3295 Animadversione
1700 3264 1832 3295 demum
1855 3264 1950 3305 digna
1980 3264 2108 3306 profero
2138 3265 2234 3296 verba
2260 3263 2389 3304 Prologi

1316 3308 1445 3349 genuini
1470 3307 1571 3349 capite
1593 3316 1688 3340 xvm:
1709 3322 1724 3337 ι
1743 3309 1839 3340 Hunc
1863 3316 1970 3340 autem
1989 3309 2130 3340 libellum
2151 3314 2295 3341 nostrum
2311 3317 2388 3349 apo-

1319 3365 1333 3381 »
1355 3353 1527 3395 logeticum
1551 3350 1621 3396 (qui
1645 3363 1761 3394 nempe
1785 3360 1831 3384 est
1853 3353 1920 3394 ipse
1951 3351 2134 3397 Prologus),
2157 3358 2286 3394 propter
2301 3361 2388 3393 prae—

1319 3410 1333 3425 »
1356 3397 1453 3428 dictas
1477 3407 1586 3428 causas
1610 3407 1627 3428 a
1650 3397 1807 3439 principio
1831 3397 1936 3439 operis
1961 3397 2023 3429 huc
2047 3407 2149 3440 usque
2177 3403 2388 3438 protractum,

1319 3455 1333 3470 ι
1356 3442 1431 3483 quia
1454 3442 1521 3483 pari
1535 3442 1657 3473 ratione
1671 3442 1841 3484 respondet
1855 3442 1983 3474 cuilibet
1990 3443 2093 3483 parti,
2109 3448 2215 3474 totum
2228 3440 2261 3472 in
2276 3441 2388 3471 unius-

1319 3499 1333 3514 »
1356 3487 1510 3528 cuiusque
1533 3486 1633 3528 capite
1656 3486 1861 3518 inserendum
1884 3486 2003 3528 putavi.
2017 3498 2032 3515 ι
2059 3484 2256 3527 Interpolatis
2286 3484 2387 3515 verbis

1316 3531 1467 3562 eumdem
1485 3541 1615 3562 sensum
1629 3530 1715 3563 effert
1729 3531 1876 3572 vulgatus
1891 3531 2048 3571 Prologus
2064 3529 2164 3571 capite
2179 3535 2240 3560 xix:
2260 3541 2275 3557 α
2291 3528 2387 3560 Hunc

1319 3588 1334 3603 2·
1356 3582 1464 3606 autem
1490 3575 1666 3617 Prologum
1699 3582 1830 3617 propter
1853 3585 1961 3606 causas
1994 3574 2166 3616 praedictas
2189 3583 2208 3604 a
2231 3572 2386 3614 principio

1319 3631 1334 3647 ι
1357 3619 1460 3660 operis
1484 3619 1649 3661 hucusque
1673 3627 1879 3661 protractum,
1899 3619 1974 3660 quia
1997 3617 2063 3660 pari
2078 3617 2146 3649 iure
2161 3617 2387 3658 correspondet
