2548 4192
211 255 233 278 X

212 305 1016 371 stianos'converterunt—Sed
1048 302 1288 355 omnibus
1318 298 1473 350 veluti
1509 295 1734 364 palmam
1769 292 2118 371 praeripuisse
2137 292 2288 372 ‘vis-us
2329 305 2407 346 est

210 387 545 455 Augustinus
608 382 692 450 qui
733 379 939 448 ingenio
979 384 1317 444 praepotens,
1360 381 1410 421 et
1447 367 1604 419 sacris
1644 364 1980 442 profamsque
2018 363 2305 443 d.¹SC.¹P¹¹¹¹¹S
2335 365 2403 417 ad

212 461 420 529 plenum
460 427 697 520 imb’utus,
722 461 897 502 contra
936 466 1116 498 omnes
1156 464 1278 496 suae
1301 440 1477 493 aetatis
1504 457 1705 490 errores
1736 435 2276 514 acerrlmeUdlmicavit
2296 436 2402 489 fide

213 549 411 583 summa
448 525 677 578 doctrina
705 521 825 591 pari.
863 519 1040 588 Quem
1071 516 1151 568 ille
1182 511 1543 583 philosophiae
1575 509 1747 586 locum
1779 527 1885 585 non
1916 507 2105 586 attlgit3
2138 507 2243 559 imo
2273 529 2400 560 vero

213 621 366 669 quem
402 571 503 650 rion
545 592 926 663 diligentissime
958 585 1297 655 investigavit,
1333 584 1441 635 sive
1479 602 1596 633 cum
1636 579 1880 657 altlssnna
1911 578 2034 630 fide1
2076 579 2321 647 mysteria
2351 592 2403 633 et

213 671 450 724 fidelibus
488 666 728 736 aperiret,
770 674 819 714 et
858 671 1034 713 contra
1071 655 1486 710 adversariorum
1526 670 1750 703 vesanos
1790 661 2016 718 1mpetus
2061 650 2398 720 defenderet,

210 743 316 795 sive
357 760 486 806 cum,
517 734 958 790 Academicorum
985 741 1070 782 aut
1103 727 1530 780 Manichaeorum
1562 721 1870 774 commentis
1911 721 2111 791 deletis,
2139 723 2398 776 humanae

210 811 444 865 scientiae
470 808 800 861 fundamenta
821 816 869 856 et
890 801 1252 856 firmitudinem
1279 798 1327 850 in
1351 807 1458 848 tuto
1492 793 1781 861 collocavit,
1804 804 1892 845 aut
1912 794 2185 863 malorum,
2205 796 2398 864 quibus

208 892 504 953 premuntur
539 879 787 945 homines,
810 876 1058 928 rationem
1081 883 1130 924 et
1157 870 1407 939 originem
1432 878 1481 919 et
1502 886 1683 918 causas
1707 876 1784 916 est
1813 867 2153 934 persecutus?
2181 867 2399 937 Quanta

210 955 274 1006 de
299 952 537 1021 Angelis,
578 951 643 1002 de
683 949 864 1016 anima,
905 947 970 998 de
1010 954 1180 997 mente
1221 943 1458 1007 humana,
1500 938 1566 990 de
1598 937 1863 989 voluntate
1897 948 1947 989 et
1976 937 2143 990 libero
2167 940 2397 1009 arbitrio,

208 1026 272 1078 de
312 1023 556 1092 religione
598 1032 646 1073 et
685 1021 749 1072 de
790 1020 940 1071 beata
978 1016 1094 1084 vita,
1127 1015 1191 1066 de
1233 1025 1467 1081 tempore
1500 1022 1550 1062 et
1578 1009 1895 1078 aeternitate,
1933 1010 2000 1062 de
2037 1010 2150 1079 ipsa
2181 1032 2397 1080 quoque

207 1095 522 1148 mutabilium
558 1112 834 1161 corporum
856 1100 1033 1141 natura
1062 1084 1390 1138 subtilissime
1423 1080 1968 1150 disputavitP——Post
1991 1082 2043 1134 id
2071 1093 2279 1152 tempus
2301 1104 2398 1153 per

207 1167 477 1220 Orientem
526 1165 746 1216 loannes
781 1162 1169 1226 Damasceuus,
1219 1155 1387 1208 Basilii
1439 1166 1489 1206 et
1529 1153 1774 1222 Gregorii
1823 1153 2139 1207 Nazianzeni
2177 1156 2399 1225 vestigia

205 1239 478 1307 ingressuS,
511 1257 604 1304 per
630 1234 975 1288 Occidentem
1006 1251 1131 1282 vero
1160 1229 1370 1286 Boetius
1397 1237 1446 1278 et
1472 1225 1776 1293 Anselmus,
1808 1225 2097 1295 Augustini
2131 1227 2396 1280 doctrinas

204 1309 434 1378 professi,
473 1306 833 1376 patrimonium
872 1301 1231 1373 philosophiae
1271 1298 1549 1368 plurimum
1589 1297 1984 1366 locupletarunt.

307 1379 510 1431 Exinde
558 1377 757 1430 mediae
802 1375 975 1428 aetatis
1019 1374 1306 1439 Doctores,
1352 1390 1486 1438 quos
1527 1368 1877 1421 &scolasticos
1915 1382 2131 1439 vocant,
2171 1391 2395 1440 magnae

203 1451 349 1503 molis
389 1471 519 1519 opus
545 1448 773 1518 aggressi
814 1458 952 1514 sunt,
989 1445 1225 1497 nimirum
1256 1454 1462 1511 segetes
1503 1441 1772 1493 doctrinae
1807 1441 2059 1494 fecundas
2100 1454 2151 1495 et
2185 1443 2394 1512 uberes,

202 1521 522 1591 amplissimis
547 1521 852 1572 Sanctorum
877 1519 1084 1570 Patrum
1120 1514 1470 1567 voluminibus
1502 1513 1742 1581 diffusas,
1779 1513 2057 1582 diligenter
2087 1535 2394 1584 congerere,

206 1604 580 1662 congestasque
624 1612 725 1643 uno
755 1590 893 1642 velut
926 1590 1042 1641 loco
1075 1587 1327 1654 condere,
1366 1586 1415 1637 in
1455 1596 1788 1654 posterorum
1821 1606 1972 1637 usum
2010 1597 2060 1638 et
2099 1587 2394 1639 commodi·

203 1663 613 1732 tatem—Quae
651 1674 820 1714 autem
859 1660 1191 1713 scholasticae
1224 1658 1525 1727 disciplinae
1571 1657 1635 1709 sit
1679 1657 1856 1726 origo,
1893 1657 2099 1710 indoles
2139 1669 2191 1710 et
2225 1659 2394 1711 excel-

201 1736 364 1803 lentia,
395 1736 531 1787 iuvat
560 1735 655 1802 hic,
696 1733 1036 1785 Venerabiles
1072 1732 1292 1798 Fratres,
1324 1729 1500 1782 verbis
1531 1729 1896 1798 sapientissimi
1928 1730 2037 1798 viri,
2073 1730 2393 1783 Praedeces-

200 1807 326 1859 soris
352 1806 542 1874 Nostri,
569 1805 694 1857 Sixti
726 1805 789 1857 V.
823 1805 980 1856 fusius
1019 1803 1239 1872 aperire:
1284 1823 1307 1853 «
1333 1801 1533 1854 Divino
1574 1801 1712 1853 Illius
1753 1816 1986 1870 munere,
2015 1802 2103 1870 qui
2135 1803 2278 1855 solus
2305 1803 2395 1855 dat

205 1899 227 1929 »
252 1878 479 1946 spiritum
519 1877 756 1929 scientiae
789 1888 838 1928 et
861 1876 1137 1945 sapientiae
1166 1887 1215 1927 et
1250 1874 1552 1942 intellectuS,
1580 1873 1775 1942 quique
1803 1873 2097 1927 Ecclesiam
2119 1895 2266 1927 suam
2297 1895 2394 1945 per

205 1971 227 2000 »
252 1949 570 2001 saeculorum
591 1960 796 2016 aetates,
827 1960 979 2017 prout
1000 1968 1132 2016 opus
1159 1958 1249 2015 est,
1272 1946 1423 1998 novis
1450 1945 1721 1998 beneficiis
1746 1957 1920 2015 auget,
1947 1946 2099 1999 novis
2119 1946 2394 2016 praesidiis

204 2042 227 2071 »
252 2020 463 2088 instruit,
503 2020 706 2072 inventa
745 2031 820 2072 est
857 2041 887 2072 a
924 2019 1203 2071 maioribus
1244 2018 1431 2070 nostris
1471 2018 1865 2087 sapientissimis
1904 2019 2050 2086 viris,
2091 2018 2394 2089 Theologia

204 2113 226 2143 »
251 2092 565 2159 scholastica,
606 2112 759 2159 quam
800 2091 903 2143 duo
943 2091 1266 2160 potissimum
1307 2090 1522 2159 gloriosi
1558 2090 1843 2158 Doctores,
1870 2091 2139 2159 angelicus
2178 2111 2215 2143 5.
2243 2090 2392 2143 Tho-

203 2184 225 2214 >>
250 2183 357 2214 mas
388 2174 437 2214 et
468 2163 763 2232 seraphicus
803 2184 838 2215 s.
861 2163 1238 2230 Bonaventura,
1262 2162 1527 2214 clarissimi
1560 2162 1711 2214 huius
1733 2162 1984 2215 facultatis
2006 2162 2392 2232 professores,...

131 2259 134 2261 ·
202 2235 510 2286 »excellenti
550 2235 773 2303 ingenio,
813 2235 1021 2287 assiduo
1061 2235 1248 2303 studio,
1278 2234 1482 2303 magnis
1522 2234 1792 2286 laboribus
1833 2245 1883 2286 et
1921 2234 2108 2303 vigiliis
2149 2235 2393 2287 excolue-

203 2327 224 2356 »
251 2317 364 2357 runt
383 2317 533 2374 atque
557 2318 812 2374 ornarunt,
832 2327 1050 2375 eamque
1073 2307 1267 2375 optime
1291 2306 1615 2375 dispositam,
1630 2306 1908 2374 multisque
1931 2306 2104 2359 modis
2126 2306 2393 2376 praeclare

203 2397 225 2428 »
253 2377 549 2445 explicatam
588 2378 805 2446 posteris
844 2378 1173 2431 tradiderunt.
1214 2378 1284 2431 Et
1310 2378 1461 2430 huius
1493 2378 1708 2446 quidem
1740 2390 1843 2430 tam
1879 2378 2114 2431 salutaris
2144 2378 2392 2431 scientiae

204 2448 475 2516 »cognitio
516 2459 565 2500 et
603 2449 908 2518 exercitatio,
948 2471 1079 2518 quae
1120 2451 1186 2502 ab
1227 2450 1502 2502 uberrimis
1542 2450 1835 2502 divinarum
1872 2450 2213 2519 Litterarum,
2254 2470 2394 2503 sum·

203 2539 226 2570 »
251 2539 450 2571 morum
479 2520 801 2588 Pontificum,
837 2533 1128 2574 sanctorum
1162 2523 1373 2575 Patrum
1406 2533 1455 2574 et
1486 2522 1848 2575 Conciliorum
1879 2521 2110 2575 fontibus
2146 2522 2393 2591 dimanat,

204 2611 456 2659 »semper
494 2603 628 2643 certe
668 2592 942 2645 maximum
982 2593 1248 2646 Ecclesiae
1297 2594 1656 2647 adiumentum
1705 2594 1890 2646 afferre
1941 2594 2134 2663 potuit,
2174 2594 2284 2647 sive
2324 2593 2393 2647 ad

203 2661 538 2730 »Scripturas
578 2663 712 2732 ipsas
760 2685 880 2716 vere
922 2675 970 2716 et
1017 2686 1139 2718 sane
1187 2666 1549 2735 intelligendas
1595 2677 1645 2718 et
1693 2666 2134 2735 interpretandas,
2175 2666 2285 2718 sive
2325 2665 2394 2719 ad

206 2753 228 2783 >>
252 2733 427 2785 Patres
466 2735 691 2787 securius
732 2746 781 2788 et
818 2736 984 2788 utilius
1023 2738 1374 2807 perlegendos
1397 2750 1447 2791 et
1477 2738 1834 2808 explicandOS,
1866 2738 1976 2790 sive
2007 2738 2075 2790 ad
2106 2738 2280 2790 varios
2316 2758 2394 2791 er-

205 2824 228 2855 »
253 2824 393 2856 rores
430 2816 478 2857 et
515 2806 752 2858 haereses
793 2807 1112 2877 detegendas
1153 2821 1202 2862 et
1232 2810 1561 2863 refellendas:
1603 2810 1681 2862 his
1707 2830 1834 2877 vero
1858 2810 2155 2862 novissimis
2187 2810 2393 2879 diebus,

206 2895 229 2926 »
254 2875 440 2942 quibus
479 2876 576 2929 iam
615 2878 934 2931 advenerunt
972 2891 1207 2949 tempora
1246 2882 1327 2934 illa
1366 2882 1662 2951 periculosa
1691 2882 1758 2934 ab
1799 2880 2072 2951 Apostolo
2115 2881 2392 2952 descripta,

206 2966 228 2996 »
255 2957 303 2998 et
340 2947 572 3026 homines
612 2949 913 3020 blasphemi,
954 2953 1181 3021 superbi,
1222 2954 1527 3007 seductores
1567 2954 1850 3023 proficiunt
1879 2954 1929 3006 in
1960 2954 2126 3023 peius,
2163 2965 2394 3007 errantes

207 3028 304 3068 »et
340 3018 464 3097 ahos
502 3019 550 3071 in
591 3041 815 3074 errorem
856 3023 1131 3092 mittentes,
1171 3046 1293 3077 sane
1335 3026 1618 3079 catholicae
1660 3026 1782 3078 fidei
1825 3026 2164 3095 dogmatibus
2205 3025 2393 3087 confir-

208 3089 452 3167 ».mand1s
473 3101 522 3142 et
550 3091 847 3145 haeresibus
879 3095 1201 3148 confutandis
1228 3098 1617 3165 pernecessaria
1640 3109 1771 3150 est.»
1798 3098 1979 3167 (Bulla
1998 3131 2015 3138 -
2044 3097 2096 3149 T
2087 3097 2393 3166 rz'umpltan-

203 3167 290 3226 tzs,
330 3173 405 3212 an.
444 3166 610 3240 1U583).
653 3163 806 3232 Quae
847 3166 1007 3218 verba
1046 3169 1281 3235 quamvis
1320 3169 1673 3240 Theologiam
1723 3169 2087 3222 scholasticam
2128 3170 2396 3222 dumtaxat

205 3231 473 3309 comp-lecti
512 3233 795 3313 videantur,
826 3247 995 3289 tamen
1036 3259 1148 3290 esse
1180 3260 1391 3308 quoque
1423 3242 1489 3294 de
1524 3242 1867 3311 Philosophia
1902 3242 2118 3310 eiusque
2149 3241 2394 3294 laudibus

203 3302 501 3380 accipienda
521 3306 834 3373 persplcitur.
870 3307 925 3359 Si
948 3309 1158 3376 quidem
1185 3313 1477 3379 praeclarae
1509 3314 1678 3382 dotes,
1697 3334 1831 3382 quae
1854 3313 2210 3383 Theologiam
2241 3313 2393 3366 scho-

203 3371 427 3450 lastlcam
466 3374 698 3454 hostibus
737 3379 958 3431 veritatis
1006 3380 1193 3434 faciunt
1241 3394 1509 3453 tantopere
1559 3385 1980 3454 formidolosam,
2029 3385 2294 3453 nimirum,
2339 3394 2396 3436 ut

206 3442 340 3494 ldem
373 3444 611 3525 l³ont1fex
648 3449 805 3518 addit,
850 3471 872 3502 «
898 3463 1017 3520 apta
1055 3452 1137 3506 illa
1162 3465 1211 3506 et
1232 3454 1361 3507 inter
1389 3477 1444 3508 se
1471 3478 1603 3510 nexa
1630 3478 1801 3510 rerum
1829 3468 1879 3510 et
1905 3477 2177 3510 causarum
2205 3456 2392 3509 cohae-

211 3517 554 3597 »rent1a,·1lle·
589 3519 718 3571 ordo
760 3533 809 3573 et
847 3522 1116 3591 dispositio
1158 3537 1420 3595 tamquam
1456 3529 1671 3581 militum
1712 3529 1760 3581 in
1792 3529 2083 3599 pugnando
2109 3527 2393 3596 instructio,

212 3603 234 3634 >>
260 3584 368 3636 illae
408 3586 657 3642 diluc1dae
699 3591 1023 3659 definitiones
1046 3607 1095 3647 et
1120 3596 1490 3667 distinctiones,
1522 3600 1604 3652 illa
1643 3612 2071 3669 argumentorum
2104 3600 2316 3653 firmitas
2342 3609 2396 3651 et
