2788 4204
1097 268 1209 304 CAP.
1239 268 1345 316 XIV,
1375 268 1527 305 LECT.
1557 268 1648 305 XIX

335 345 378 379 τὸ
402 346 425 376 Γ
450 346 561 377 αἴτιον
587 346 650 379 τοῦ
675 349 712 387 Α,
737 346 784 387 τῷ
802 340 843 377 δὲ
864 347 886 376 Γ
911 345 952 378 τὸ
968 346 1005 384 Β,
1025 344 1138 386 τούτῳ
1164 340 1202 377 δὲ
1232 344 1333 378 αὐτό.

334 391 412 445 Περὶ
445 389 506 442 μὲν
536 389 592 422 οὖν
621 369 849 445 συλλογισμοῦ
880 391 938 421 καὶ
970 370 1197 430 ἀποδείξεως,
1228 392 1261 422 τί
1296 402 1334 422 τε

336 433 499 490 ἑκάτερόν
535 435 608 468 ἐστι
641 435 701 466 καὶ
743 435 812 472 πῶς
852 436 1010 479 γίνεται,
1052 432 1222 478 φανερόν,
1262 433 1334 487 ἅμα

335 475 374 511 δε
397 481 457 512 καὶ
482 482 556 522 περὶ
582 477 775 523 ἐπιστήμης
813 473 1067 516 ἀποδεικτικῆς·
1102 478 1235 511 ταύτὸν
1269 478 1335 525 γοίρ

335 524 439 557 ἐστιν.

329 644 479 672 ΒΥΝοΡςιε.
496 658 531 663 —-
552 651 576 670 1.
601 643 816 679 Argumentum
847 648 875 670 et
902 641 1005 670 divisio
1032 649 1134 671 textus.
1151 660 1170 664 -
1185 642 1338 678 Quaestio:

267 686 370 711 Utrum
388 682 520 711 eiusdem
541 681 660 710 effectus
681 681 717 709 sit
737 682 840 710 eadem
855 690 942 710 causa
955 682 986 710 in
1005 682 1152 718 omnibus,
1166 683 1211 711 vel
1230 682 1266 711 sit
1283 683 1340 711 alia

267 729 296 752 et
316 722 373 751 alia
393 722 423 750 in
444 721 581 750 diversis?
596 738 616 743 -
630 729 658 749 2.
673 721 800 750 Solvitur
813 721 945 759 quaestio
960 721 1172 759 distinguendo.
1195 724 1270 751 Nam
1289 722 1340 751 tri-

266 762 378 800 pliciter
398 761 539 799 contingit
566 761 706 799 assignari
727 771 844 790 causam
865 762 986 790 alicuius
1007 762 1139 791 effeetus:
1162 772 1222 791 uno
1238 763 1339 798 modo,

266 801 437 839 accipiendo
466 810 584 830 causam
601 810 661 839 per
681 811 712 830 se
719 812 730 836 ,·
756 802 814 830 alio
841 803 942 838 modo,
964 802 1134 838 accipiendo
1160 802 1279 839 aliquod
1301 802 1339 830 si-

266 851 373 880 gnum;
394 841 479 870 tertio
501 841 602 877 modo,
617 841 786 878 accipiendo
808 841 928 879 aliquod
949 842 1091 870 accidens.
1118 842 1216 870 Primo
1237 843 1338 878 modo,

266 891 355 911 causa
375 888 419 910 est
438 891 491 919 per
511 890 542 910 se
567 881 698 910 medium
726 881 999 917 demonstrationis,
1028 882 1110 919 quod
1137 889 1180 910 est
1207 882 1338 911 delinitio

267 921 387 951 maioris
408 920 607 957 extremitatis3
628 921 715 950 unius
736 928 834 950 autem
855 931 915 950 una
935 928 978 950 est
999 921 1144 958 definitio;
1166 931 1235 959 ergo
1252 922 1338 950 unius

267 961 385 991 effectus
405 970 467 990 non
487 967 584 998 potest
604 970 667 990 esse
687 961 743 989 nisi
763 971 823 990 una
843 971 931 990 causa
944 961 974 990 in
996 962 1141 990 omnibus.
1156 963 1195 990 At
1209 962 1338 990 secundo

267 1007 296 1030 et
315 1001 400 1030 tertio
422 1002 524 1037 modo,
546 1010 634 1030 causa
653 1007 772 1038 accepta
792 1011 854 1030 non
874 1008 918 1029 est
938 1010 990 1038 per
1011 1011 1041 1030 se
1062 1001 1192 1030 medium
1214 1002 1339 1030 demon-

267 1040 429 1077 strationis,
451 1047 480 1069 et
499 1040 566 1070 ideo
585 1041 727 1079 contingit
747 1041 876 1070 eiusdem
898 1041 1016 1070 effectus
1037 1051 1100 1070 esse
1121 1041 1248 1070 diversas
1269 1050 1338 1070 cau-

266 1090 313 1110 sas
333 1081 364 1110 in
385 1080 514 1109 diversis.
536 1097 556 1102 —
578 1081 604 1109 3.
626 1081 826 1110 Manifestatur
846 1081 953 1109 solutio
974 1082 1051 1110 data.
1073 1083 1149 1109 Nam
1170 1087 1198 1109 et
1219 1090 1337 1109 causam

266 1127 295 1150 et
309 1120 340 1149 id
360 1120 442 1150 cuius
463 1127 506 1149 est
527 1130 614 1150 causa
635 1121 776 1158 contingit
796 1121 981 1149 considerare
1002 1122 1164 1149 secundum
1185 1120 1336 1149 accidens:

265 1161 318 1190 sed
345 1161 464 1198 quando
494 1169 582 1189 causa
609 1167 638 1189 et
665 1167 812 1190 causatum
842 1160 1029 1206 accipiuntur·
1048 1170 1100 1197 per
1127 1170 1175 1195 se,
1206 1160 1336 1188 medium

265 1201 347 1239 quod
359 1201 507 1246 accipitur
527 1210 582 1238 pro
603 1210 690 1230 causa
708 1202 795 1230 debet
815 1200 1031 1238 proportionari
1053 1200 1181 1234 effectui,
1203 1199 1242 1228 ita
1256 1200 1337 1245 quod

264 1240 296 1270 in
316 1240 448 1270 univocis
475 1241 520 1270 vel
548 1241 678 1279 analogis
699 1240 830 1270 medium
851 1249 1008 1269 commune
1036 1239 1072 1268 sit
1091 1249 1183 1268 unum
1205 1239 1337 1277 generice

531 1353 714 1396 ostquam·
760 1346 1019 1395 Philosophus
1066 1345 1333 1383 determinavit

386 1447 390 1449 ‚
424 1438 432 1443 ,
474 1399 796 1460 quaestionem
815 1406 979 1447 motam,
999 1406 1127 1436 utrum
1150 1399 1170 1420 *
1187 1399 1237 1436 ad
1256 1398 1331 1436 exi-

332 1477 357 1493 .·
414 1423 497 1492 1³&
506 1455 515 1472 ⁵
530 1453 706 1490 stentiam
735 1452 892 1490 effectus
922 1460 1102 1502 sequatur
1138 1452 1333 1489 existentia

430 1494 487 1530 ἵ)
502 1500 510 1509 ‘¹
530 1518 688 1554 causae,
719 1514 756 1544 et
793 1519 814 1544 e
845 1518 1051 1553 converso;
1085 1506 1147 1543 hic
1178 1506 1332 1555 inquirit

317 1673 347 1709 α)
370 1673 466 1700 Utrum
484 1673 522 1698 ad
541 1673 671 1699 unitatem
689 1680 788 1699 causae
804 1677 932 1707 sequatur
951 1674 1040 1699 unitas
1058 1673 1177 1708 effectus,
1196 1677 1223 1699 et
1241 1680 1255 1698 e
1271 1680 1333 1699 con-

262 1716 377 1736 verso.—
391 1709 517 1740 Quaestio
533 1709 582 1734 ista
596 1709 662 1734 duos
681 1714 768 1742 potest
782 1709 878 1734 habere
894 1717 1002 1740 sensus,
1017 1714 1047 1734 ut
1065 1714 1137 1734 notat
1154 1709 1291 1734 Caietanus
1308 1709 1334 1733 in

262 1745 284 1771 11
293 1745 405 1775 fustem,
416 1752 472 1778 cap.
481 1752 526 1776 ιιι,
540 1744 556 1777 Β
568 1744 648 1770 Circa
661 1744 780 1770 eiusdem
793 1745 956 1778 quaestionis
966 1750 1015 1770 etc.
1030 1744 1085 1777 (fol.
1095 1752 1138 1778 91,
1149 1745 1207 1775 col„
1222 1752 1244 1775 1,
1254 1744 1333 1777 seq.).

263 1790 278 1805 c
293 1781 398 1806 Primus
416 1788 510 1806 sensus
529 1785 570 1805 est
582 1785 613 1805 ut
630 1780 774 1814 inquiratur
791 1780 841 1805 hoc
859 1780 885 1805 in
899 1781 958 1805 loco
972 1780 1004 1805 de
1016 1788 1110 1805 causae
1124 1781 1221 1805 unitate
1236 1785 1261 1804 et
1275 1781 1333 1812 plu-

262 1816 362 1842 ralitate
381 1815 532 1849 simpliciter
545 1820 666 1848 respectu
685 1815 803 1840 eiusdem
821 1815 929 1841 effectus
953 1820 1059 1848 propter
1084 1816 1333 1840 demonstrationem

261 1857 351 1878 tamen
369 1856 434 1883 etc.;
453 1852 487 1876 ita
505 1851 578 1884 quod
596 1851 716 1884 quaestio
734 1851 781 1882 sit,
801 1859 834 1876 an
853 1851 984 1883 contingat
1007 1851 1124 1876 eiusdem
1147 1850 1255 1876 effectus
1274 1858 1334 1875 esse

262 1895 356 1914 cauas
373 1887 476 1920 plures,
496 1894 530 1911 an
548 1894 627 1911 unam
645 1891 755 1911 tantum.
773 1887 807 1911 Et
825 1886 866 1912 hic
885 1894 978 1911 sensus
998 1891 1039 1911 est
1057 1886 1156 1911 alienus
1171 1894 1185 1911 a
1203 1887 1332 1919 praesenti

245 1920 417 1954 ⁴intentione,
435 1922 496 1947 licet
513 1929 528 1947 a
547 1921 645 1947 cursim
669 1921 835 1947 studentibus
861 1922 1031 1954 approbetur,
1056 1926 1162 1954 propter
1186 1921 1334 1947 abbreviata

260 1958 342 1984 mba
351 1957 500 1983 Aristotelis
513 1956 540 1982 in
553 1957 734 1990 responsione,
749 1962 775 1982 et
789 1958 973 1990 expositorum,
982 1958 1107 1982 unitatem
1122 1962 1148 1982 et
1161 1957 1334 1990 pluralitatem

260 2001 399 2020 causarum
417 1992 460 2018 hic
478 1993 604 2018 sonantia„
615 2005 635 2011 -·
653 1993 728 2018 Alius
752 2000 846 2018 sensus
865 1998 918 2024 est,
940 1998 970 2018 ut
987 1993 1130 2026 inquiratur
1153 1993 1186 2017 de
1207 1992 1284 2017 unius
1308 1998 1334 2018 et

260 2029 381 2055 eiusdem
400 2028 507 2054 effectus
526 2035 619 2054 causae
637 2029 735 2053 unitate
758 2033 784 2053 et
808 2029 954 2061 pluralitate
977 2036 1030 2053 non
1047 2028 1211 2061 simpliciter,
1235 2028 1282 2053 sed
1305 2028 1331 2053 in

259 2064 382 2091 omnibus
395 2063 422 2089 in
435 2064 531 2097 quibus
549 2063 678 2089 invenitur
693 2064 738 2089 ille
751 2064 875 2095 effectus;
894 2064 929 2089 ita
942 2064 1014 2097 quod
1032 2072 1084 2089 non
1103 2069 1144 2089 est
1162 2063 1282 2097 quaestio
1301 2071 1333 2088 an

259 2100 338 2127 unius
356 2100 464 2126 effectus
484 2100 536 2124 sint
554 2100 644 2132 plures
663 2107 757 2125 causae
770 2100 813 2124 vel
831 2107 883 2125 una
900 2104 1015 2130 tantum,
1030 2100 1078 2125 sed
1097 2107 1129 2124 an
1142 2107 1211 2124 unus
1225 2104 1251 2124 et
1263 2099 1333 2124 idem

259 2135 369 2162 effectus
387 2135 414 2160 in
431 2135 555 2160 omnibus
573 2135 600 2160 in
614 2135 710 2168 quibus
729 2135 865 2166 invenitur,
880 2140 1000 2161 causetur
1014 2135 1046 2160 ab
1066 2135 1157 2160 eadem
1176 2142 1263 2166 causa,
1277 2135 1333 2160 sive

259 2179 314 2198 una
325 2171 382 2197 sive
395 2171 484 2205 plures
499 2178 594 2197 causae
607 2171 639 2196 ad
654 2171 777 2196 eumdem
787 2170 908 2196 effectum
918 2175 1080 2201 concurrant,
1090 2178 1123 2195 an
1133 2178 1186 2195 non
1195 2170 1227 2195 ab
1240 2171 1332 2195 eadem

259 2207 308 2233 sed
321 2206 447 2238 diversis;
466 2210 493 2232 et
506 2211 548 2231 est
560 2214 649 2231 sermo
666 2214 720 2231 non
739 2206 771 2232 de
784 2206 915 2231 identitate
928 2211 954 2231 et
967 2206 1115 2232 diversitate
1130 2206 1270 2237 numerali,
1285 2206 1332 2231 sed

258 2242 362 2268 formali
381 2247 430 2268 etc.
453 2241 557 2272 Quanta
573 2249 638 2267 vero
657 2241 691 2267 sit
708 2242 775 2267 inter
796 2241 845 2267 hos
869 2250 965 2267 sensus
989 2242 1130 2267 differentia
1153 2242 1333 2274 exemplariter

257 2277 446 2304 manifestatur.
470 2278 541 2303 quta
559 2277 688 2310 primum,
708 2283 779 2303 esset
792 2278 911 2311 quaestio
929 2286 962 2302 an
981 2277 1058 2302 unius
1077 2277 1194 2308 effectus,
1208 2282 1272 2310 puta
1286 2278 1332 2302 do-

257 2321 332 2344 mus,
346 2313 399 2339 sint
416 2321 511 2339 causae
529 2313 628 2346 plures,
641 2321 674 2338 an
687 2321 740 2338 una
753 2318 854 2339 tantum
873 2318 935 2340 etc.:
951 2318 976 2338 et
988 2313 1032 2338 tali
1046 2313 1190 2346 quaestioni
1204 2313 1332 2338 diceretur

258 2349 331 2383 quod
350 2349 468 2374 eiusdem
487 2348 596 2374 effectus
615 2354 677 2374 sunt
694 2349 783 2382 plures
801 2356 894 2374 causae
913 2357 960 2381 per
978 2356 1007 2373 se
1026 2348 1051 2373 in
1071 2348 1229 2374 naturalibus
1240 2367 1247 2379 ‚
1270 2349 1331 2381 quia

257 2384 399 2410 materialis
418 2388 444 2410 et
461 2383 547 2410 finalis
566 2388 593 2409 et
610 2384 727 2409 formalis
746 2389 794 2409 etc.
814 2385 884 2409 quta
903 2384 1048 2409 secundum
1066 2391 1130 2409 vero
1148 2391 1271 2413 sensum,
1291 2389 1332 2409 est

257 2420 379 2454 quaestio
393 2427 426 2445 an
440 2419 499 2445 talis
513 2419 621 2444 effecms
639 2427 718 2451 unus,
737 2425 800 2453 puta
819 2420 921 2450 domus,
940 2420 1089 2452 ubicunque
1107 2419 1250 2450 invenitur,
1269 2427 1330 2452 pro-

257 2456 345 2482 veniat
363 2455 395 2480 ab
415 2455 514 2480 eisdem
532 2455 631 2486 causis,
651 2463 684 2480 an
703 2463 718 2480 a
737 2455 860 2480 diversis:
880 2460 942 2488 puta
960 2463 992 2480 an
1012 2456 1106 2480 domus
1121 2455 1219 2487 ubique
1236 2454 1330 2480 habeat

256 2499 306 2526 pro
325 2498 404 2517 causa
421 2491 547 2516 materiali
566 2490 679 2524 lapides,
699 2496 847 2516 cementum
860 2496 909 2516 etc.
916 2509 923 2521 ,
942 2498 990 2523 pro
1008 2490 1112 2515 formali
1130 2491 1328 2524 quadraturam,

274 2526 452 2552 roefficiente
466 2531 558 2557 artem,
572 2534 621 2560 pro
639 2525 709 2552 finali
723 2526 920 2557 habitationem;
935 2534 967 2551 an
982 2534 1043 2555 non,
1057 2526 1103 2551 sed
1122 2526 1214 2551 alicubi
1234 2526 1328 2551 domus

255 2534 353 2588 {abeat
361 2562 431 2587 aliud
442 2560 565 2592 efficiens,
579 2567 643 2595 puta
657 2560 784 2592 naturam,
798 2563 840 2587 vel
854 2562 931 2587 aliam
944 2562 1086 2592 materiam,
1097 2567 1158 2595 puta
1171 2562 1268 2587 ferrum
1280 2566 1328 2586 etc.

255 2598 293 2624 Et·
303 2597 423 2623 similiter
433 2597 460 2623 in
474 2597 645 2630 simplicibus,
655 2605 689 2622 an
697 2597 793 2622 habere
806 2602 860 2622 tres
873 2598 982 2630 angulos
995 2597 1118 2630 aequales
1130 2602 1178 2622 etc.
1193 2597 1330 2622 conveniat

255 2633 379 2659 omnibus
404 2641 452 2666 per
474 2638 611 2658 unammet
629 2641 752 2664 causam,
777 2641 810 2658 an
829 2633 938 2658 diversis
961 2640 1008 2666 per
1029 2632 1144 2658 diversas
1169 2638 1217 2658 etc.
1237 2633 1270 2658 Et
1287 2632 1328 2658 hic

254 2676 351 2695 sensus
366 2673 407 2694 est
420 2669 535 2694 intentus
554 2668 586 2694 ab
605 2668 759 2694 Aristotele:
779 2669 824 2702 qui
841 2669 952 2694 breviter
971 2676 1001 2694 ex
1020 2668 1108 2693 multis
1128 2669 1278 2698 declaratur,
1294 2676 1328 2693 ne

255 2704 331 2731 alicui
349 2704 467 2730 videatur
485 2712 579 2735 novus,
599 2709 624 2729 et
641 2704 792 2737 insipienter
809 2704 943 2729 veritatem
961 2704 1063 2729 refutet.
1082 2704 1171 2728 Primo
1189 2703 1239 2729 hoc
1258 2708 1329 2737 patet

254 2747 287 2766 ex
303 2740 391 2766 verbis
409 2739 557 2765 Aristotelis
576 2739 603 2765 in
621 2739 696 2765 titulo
715 2740 888 2773 quaestionis:
907 2740 942 2764 ait
954 2740 1037 2766 enim:
1053 2742 1143 2764 utrum
1157 2742 1246 2764 autem
1265 2747 1327 2765 con-

254 2775 346 2810 tingat
363 2783 417 2801 non
441 2775 561 2801 eamdem
586 2782 696 2801 causam
721 2775 838 2800 eiusdem
858 2775 885 2800 in
904 2775 1037 2805 omnibus,
1057 2775 1105 2800 sed
1128 2775 1254 2805 alteram,
1278 2778 1327 2800 aut

254 2811 333 2837 non?
350 2811 396 2836 ubi
414 2818 446 2836 ex
463 2811 490 2844 ly
509 2811 536 2837 in
555 2811 685 2841 omnibus,
705 2815 732 2836 et
750 2811 776 2844 ly
790 2811 925 2841 eamdem,
945 2816 971 2836 et
984 2811 1011 2844 ly
1024 2811 1147 2841 alteram,
1162 2811 1244 2844 liquet
1256 2811 1327 2844 quod

254 2846 373 2878 dicimus,
387 2851 418 2872 ut
435 2847 541 2872 cuilibet
559 2846 697 2872 exercitato
710 2846 784 2872 facile
797 2851 837 2872 est
851 2847 987 2872 deducere.
1007 2846 1136 2875 Secundo.
1155 2854 1187 2871 ex
1204 2854 1236 2871 eo
1255 2846 1326 2879 quod

253 2882 399 2908 secundum
417 2881 487 2907 hunc
505 2890 614 2907 sensum
632 2882 729 2907 intenta
746 2882 843 2907 veritas
862 2882 894 2907 de
913 2882 1097 2907 consecutione
1117 2890 1210 2907 causae
1224 2886 1250 2907 et
1264 2882 1326 2907 effe-

253 2922 311 2944 ctus
330 2918 398 2944 inter
415 2926 444 2943 se
462 2917 573 2943 habetur
591 2918 643 2952 (cf.
662 2925 689 2943 η.
708 2921 744 2948 4,
763 2919 860 2951 seqq.),
881 2922 907 2943 et
924 2923 995 2942 totus
1018 2925 1159 2950 processus
1177 2917 1325 2942 Aristotelis

253 2954 339 2980 clarus
356 2954 433 2979 valde
451 2958 506 2978 est:
525 2954 595 2979 iuxta
612 2953 727 2986 primum
742 2958 836 2983 autem,
852 2961 991 2986 processus
1005 2952 1162 2978 insufficiens
1178 2958 1203 2978 et
1217 2961 1325 2986 scrupu-

251 2989 326 3014 losus
340 2989 476 3019 invenitur,
491 2994 517 3014 et
530 2989 709 3021 extorquenda
720 2988 815 3014 veritas
829 2989 913 3021 magis
928 2996 1008 3021 quam
1018 2988 1185 3013 elicienda-ex
1200 2996 1231 3013 eo
1246 2993 1324 3013 esset.

252 3024 356 3054 Tertio,
380 3024 504 3057 quoniam
523 3031 646 3056 expresse
670 3024 824 3049 Aristoteles
843 3024 870 3048 in
891 3024 963 3049 tertia
981 3024 1148 3049 conclusione
1167 3024 1326 3057 (Contingit

252 3060 339 3094 igitur
356 3062 405 3085 etc.
419 3073 439 3078 -
460 3060 502 3093 Cf.
521 3058 593 3092 n.5)
613 3059 767 3084 determinat
789 3059 967 3084 concludendo
991 3067 1022 3084 ex
1045 3059 1177 3084 antedictis
1202 3060 1234 3084 ad
1259 3059 1324 3084 hanc

252 3095 444 3128 quaestionem,
458 3095 530 3128 quod
545 3094 604 3119 licet
615 3095 693 3119 unius
712 3094 820 3120 effectus
839 3094 969 3127 contingat
981 3102 1040 3119 esse
1054 3095 1142 3127 plures
1157 3102 1256 3125 causas,
1271 3102 1324 3119 non

251 3135 339 3156 tamen
357 3130 408 3155 hoc
426 3130 551 3163 contingit
568 3130 590 3155 si
610 3130 781 3160 effectus,i11e
799 3134 840 3155 est
856 3138 925 3155 unus
945 3130 1089 3155 secundum
1109 3130 1237 3162 speciem:
1257 3138 1324 3162 quae

252 3165 387 3191 conclusio
405 3170 476 3191 esset
500 3165 639 3190 manifeste
663 3165 742 3196 falsa,
763 3165 785 3190 si
803 3165 836 3190 de
853 3165 951 3190 unitate
970 3171 995 3190 et
1018 3165 1162 3198 pluralitate
1186 3173 1323 3190 causarum

251 3201 373 3226 absolute
392 3201 556 3234 loqueretur,
571 3201 695 3233 quoniam
712 3201 858 3234 specierum
877 3201 1031 3226 naturalium
1045 3206 1106 3226 sunt
1117 3201 1215 3225 multae
1230 3208 1323 3225 causae

251 3244 324 3274 per
310 3243 355 3267 se;
370 3241 396 3261 et
408 3241 448 3262 est
463 3236 598 3262 manifeste
609 3244 672 3262 vera
684 3237 817 3269 loquendo
830 3237 863 3261 de
874 3236 972 3261 unitate
990 3241 1016 3261 et
1032 3236 1176 3269 pluralitate
1194 3235 1221 3260 in
1239 3235 1323 3260 omni-

250 3272 314 3303 bus,
334 3272 458 3305 quoniam
477 3272 543 3297 sicut
567 3272 674 3297 effectus
694 3277 734 3296 est
752 3271 914 3296 indivisibilis
934 3272 1079 3297 secundum
1097 3271 1226 3304 speciem,
1245 3271 1279 3296 ita
1298 3275 1324 3296 et

251 3315 346 3332 causae
357 3313 460 3332 atomae
472 3312 541 3337 sunt.
555 3311 582 3332 et
600 3311 792 3341 consequenter
807 3307 832 3331 in
846 3307 968 3332 omnibus
983 3307 1090 3332 eaedem
1105 3312 1152 3331 etc.
1173 3306 1221 3331 Est
1235 3311 1322 3331 autem

249 3343 327 3368 valde
340 3343 470 3368 notandus
484 3350 579 3368 sensus
593 3343 650 3373 iste,
669 3347 695 3368 et
712 3350 775 3375 prae
788 3342 871 3367 oculis
890 3350 995 3375 semper
1012 3342 1148 3367 habendus
1167 3341 1194 3366 in
1212 3339 1321 3366 hoffca-

250 3378 346 3411 pitulo;
371 3378 495 3411 quoniam
513 3382 618 3419 oportet
639 3378 728 3403 omnia
750 3378 893 3411 intelligere
916 3377 1082 3411 conformiter
1105 3378 1137 3402 ad
1160 3377 1321 3409 quaesitum,

250 3419 276 3439 et
294 3414 455 3447 apparebunt
473 3413 669 3446 impertinentes
683 3413 848 3447 quaestiones
867 3413 900 3438 de
914 3409 1013 3438 unitate
1020 3418 1052 3439 ,ει
1065 3412 1209 3445 pluralitate
1228 3419 1321 3437 causae

249 3449 292 3475 hic
310 3449 420 3482 agitatae
438 3454 488 3474 etc.
502 3458 516 3472 s

304 3485 378 3510 Circa
396 3493 427 3510 ea
445 3492 514 3518 quae
532 3484 651 3509 dicuntur
669 3483 730 3516 (nn.
745 3491 759 3508 2
773 3488 799 3508 et
813 3483 845 3516 3)
865 3484 891 3509 in
910 3483 1039 3508 solutione
1057 3483 1215 3516 praemissae
1240 3490 1322 3516 quae-

249 3520 355 3551 stionis,
374 3520 468 3545 iterum
487 3525 559 3545 notat
577 3519 714 3544 Caietanus
734 3518 785 3553 (ib.
800 3520 850 3544 col.
865 3526 895 3550 2,
913 3517 1022 3553 seqq.:)
1043 3528 1056 3541 α
1073 3519 1216 3543 Primum...
1210 3536 1226 3550 .‚
1247 3518 1319 3551 quod

248 3556 402 3581 Aristoteles
419 3564 472 3580 non
487 3555 600 3580 distinxit
612 3563 719 3580 causam
733 3555 759 3580 in
768 3562 816 3587 per
829 3562 858 3580 se
872 3560 898 3579 et
909 3562 956 3587 per
970 3554 1087 3579 accidens
1102 3559 1159 3584 etc.;
1173 3554 1219 3578 sed
1233 3553 1320 3578 divisit

249 3591 500 3617 demonstrationem
519 3591 545 3616 in
569 3590 819 3616 demonstrationem
841 3598 887 3623 per
906 3597 935 3614 se
957 3594 983 3614 et
1006 3572 1253 3614 demonstrationem
1277 3596 1318 3613 se-

249 3628 364 3653 cundum
383 3627 488 3660 signum
507 3631 551 3652 aut
569 3626 702 3657 accidens,
720 3631 749 3651 ut
767 3630 836 3658 patet
850 3625 877 3651 in
895 3625 988 3650 littera.
1003 3624 1072 3655 Quid
1091 3630 1177 3650 autem
1195 3624 1320 3657 intelligat

391 3679 462 3711 Opp.
481 3679 513 3703 D.
532 3678 648 3703 Tuom
665 3677 697 3702 T.
712 3678 731 3702 1.

2388 270 2461 317 393

1460 347 1556 388 igitur
1579 357 1663 386 esse,
1688 347 1715 379 C
1741 357 1834 378 causa
1858 354 1904 379 est
1926 347 2026 388 ipsius
2049 350 2093 386 A;
2122 348 2155 378 in
2179 347 2206 379 C
2230 355 2337 379 autem
2360 351 2400 388 A,
2419 349 2463 388 B;

1460 392 1493 422 in
1512 392 1574 423 hoc
1590 399 1698 423 autem
1714 392 1826 422 eadem
1843 399 1898 423 est.
1915 392 1932 411 *
1950 392 1999 422 De
2015 392 2202 433 syllogismo
2219 399 2249 423 et
2268 393 2463 424 demonstra-

1460 436 1559 475 tione,
1584 435 1661 477 quid
1686 436 1944 477 unumquodque
1968 436 2025 475 sit,
2050 443 2080 467 et
2103 437 2271 477 quomodo
2294 436 2343 475 fit,
2364 438 2463 468 mani-

1460 480 1577 511 festum
1590 487 1645 511 est.
1669 481 1818 512 Similiter
1831 487 1939 512 autem
1956 487 1987 512 et
2003 481 2041 511 de
2058 480 2186 512 scientia
2202 481 2463 513 demonstrativa:

1458 524 1545 555 idem
1568 525 1654 555 enim
1678 532 1733 556 est.

1393 643 1438 671 vel
1459 643 1623 680 analogice;
1646 643 1676 672 in
1697 644 1863 681 aequivocis
1885 651 1982 673 autem
2003 644 2039 673 sit
2060 644 2138 673 aliud
2160 651 2188 673 et
2211 645 2290 673 aliud
2318 645 2348 674 in
2369 646 2461 674 diver-

1394 683 1441 711 sis.
1463 700 1483 705 -
1500 692 1529 718 4.
1552 683 1630 711 Talis
1652 684 1758 712 modus
1784 685 2009 721 consequentiae
2037 685 2159 713 habetur
2188 685 2263 713 inter
2289 695 2406 714 causam
2434 692 2463 714 et

1394 729 1544 751 causatum
1559 729 1587 751 et
1601 723 1761 752 subiectum
1783 723 1829 752 cui
1851 724 1925 752 inest
1937 724 2008 752 illud
2023 731 2181 760 causatum,
2196 726 2277 762 quod
2291 725 2315 753 si
2329 725 2359 753 id
2380 725 2462 754 cuius

1393 772 1481 791 causa
1502 763 1662 800 quaeritur,
1684 763 1841 800 accipiatur
1861 765 2022 792 secundum
2042 765 2152 809 aliquid
2179 765 2350 802 particulare
2372 774 2406 794 ex
2427 765 2462 793 iis

1393 802 1498 839 quibus
1519 802 1602 838 inest,
1625 809 1774 831 causatum
1796 803 1906 831 excedit
1927 813 2043 832 causam
2070 804 2143 832 sicut
2165 811 2193 833 et
2213 804 2388 841 subiectum3
2410 806 2462 833 sed

1393 842 1417 870 si
1438 842 1594 879 accipiatur
1622 843 1781 871 secundum
1810 843 1911 871 omnia
1938 843 2043 880 quibus
2065 845 2218 881 competit,
2246 844 2403 882 aequaliter
2430 854 2462 874 se

1392 883 1541 910 habebunt
1561 882 1610 910 illa
1630 882 1701 918 tria,
1722 892 1828 919 nempe
1850 889 1934 911 erunt
1958 883 2120 912 adinvicem
2147 884 2344 913 convertibilia
2365 885 2461 913 subie-

1393 928 1487 957 ctum,
1509 922 1706 959 praedicatum
1728 928 1756 950 et
1777 931 1864 950 causa
1885 931 1936 950 seu
1958 923 2126 952 medium.-
2143 925 2167 952 5.
2190 924 2352 953 Praemissa
2366 925 2460 954 decla-

1392 968 1492 990 rantur
1513 962 1542 990 in
1564 962 1659 990 forma
1679 961 1868 998 syllogistica,
1891 969 1919 990 et
1932 972 1984 999 per
2005 964 2167 1000 exemplum
2189 963 2218 992 in
2240 965 2325 992 rebus
2343 971 2460 993 natura-

1392 1001 1475 1029 libus.
1491 1019 1511 1023 —
1525 1002 1551 1029 6.
1568 1001 1694 1030 Solvitur
1715 1001 1866 1029 dubitatio.
1883 1002 2010 1036 Quando
2025 1003 2142 1031 effectus
2158 1004 2322 1032 communis
2337 1005 2461 1033 demon-

1392 1047 1497 1069 stratur
1511 1041 1548 1069 de
1562 1041 1697 1069 subiectis
1711 1040 1931 1077 particularibus
1953 1051 2039 1071 causa
2054 1052 2104 1071 seu
2118 1043 2248 1071 medium
2262 1044 2353 1080 accipi
2374 1045 2460 1073 debet

1391 1090 1453 1109 non
1475 1090 1509 1109 ex
1530 1087 1611 1117 parte
1631 1081 1800 1109 universalis
1822 1080 1949 1116 effectus,
1972 1083 2023 1110 sed
2044 1092 2077 1110 ex
2091 1090 2172 1119 parte
2194 1083 2313 1112 subiecti
2334 1084 2459 1120 particu-

1391 1120 1473 1155 laris3
1494 1120 1533 1148 ita
1547 1121 1628 1157 quod
1643 1130 1757 1157 semper
1771 1120 1947 1157 accipiantur
1968 1121 2064 1150 media
2084 1122 2295 1160 propinquiora
2315 1123 2459 1160 subiecto,

1391 1169 1545 1197 quousque
1569 1160 1753 1197 perveniatur
1775 1161 1813 1189 ad
1842 1160 1871 1188 id
1899 1162 1979 1198 quod
2010 1169 2052 1190 est
2083 1162 2281 1191 immediatum
2310 1164 2459 1192 communi

1390 1205 1519 1267 gauzato.
1542 1216 1561 1221 -
1583 1209 1610 1236 7.
1632 1199 1770 1238 Epilogus
1792 1209 1894 1228 eorum
1916 1210 1991 1238 quae
2011 1201 2088 1230 dicta
2109 1209 2175 1230 sunt
2195 1203 2226 1231 in
2246 1209 2307 1231 tota
2328 1204 2460 1232 doctrina

1418 1248 1438 1267 n
1467 1245 1621 1275 yticorum.

1386 1353 1514 1382 utrum
1543 1345 1593 1382 ad
1620 1345 1804 1382 unitatem
1834 1358 1970 1384 causae
1999 1355 2178 1396 sequatur
2210 1349 2332 1386 unitas
2368 1350 2458 1388 effe-

1387 1406 1468 1436 ctus
1502 1406 1538 1436 et
1558 1411 1578 1436 e
1605 1411 1793 1436 converso
1809 1405 1837 1436 α.
1859 1400 1909 1437 Ει
1937 1400 2035 1437 circa
2063 1401 2137 1438 hoc
2157 1401 2234 1438 duo
2263 1403 2364 1439 facit:
2383 1404 2458 1452 pri-

1386 1464 1470 1499 mo,
1505 1452 1670 1489 ostendit
1697 1454 1896 1502 quomodo
1927 1453 1976 1490 ad
2003 1454 2187 1491 unitatem
2216 1455 2373 1493 effectus
2401 1470 2458 1494 se-

1387 1514 1523 1555 quatur
1550 1506 1673 1543 unitas
1707 1518 1875 1552 causae,
1892 1507 2083 1555 secundo,
2114 1520 2159 1545 ex
2189 1508 2263 1545 hoc
2300 1510 2457 1548 manife-

1387 1680 1435 1706 per
1457 1672 1515 1697 talis
1539 1672 1673 1697 divisionis
1696 1672 1827 1703 membra,
1851 1673 1963 1705 ipsemet
1981 1674 2092 1699 declarat
2115 1673 2140 1699 in
2163 1675 2332 1708 sequentibus
2356 1676 2456 1703 duabus

1387 1708 1619 1741 propositionibus.
1642 1708 1897 1733 Demonstrationem
1920 1717 1967 1741 per
1990 1716 2019 1733 se
2036 1715 2128 1739 vocat,
2148 1711 2251 1742 quando
2270 1711 2404 1743 proprium
2424 1713 2457 1737 de

1387 1751 1436 1768 suo
1455 1744 1599 1776 adaequato
1618 1743 1735 1768 subiecto
1753 1751 1800 1784 per
1818 1744 1949 1776 propriam
1968 1752 2073 1769 causam
2094 1745 2298 1771 demonstratur:
2314 1751 2340 1771 et
2353 1747 2454 1778 merito,

1388 1779 1512 1812 quoniam
1530 1784 1591 1804 tunc
1610 1779 1742 1804 salvantur
1760 1779 1786 1803 in
1805 1780 2026 1805 demonstratione
2048 1788 2141 1805 ornnes
2164 1781 2234 1806 modi
2258 1783 2454 1814 praedicationis

1387 1822 1434 1847 per
1453 1822 1482 1839 se
1500 1814 1614 1847 perfecte
1634 1813 1683 1848 (qr.
1704 1814 1748 1839 lib.
1764 1814 1789 1844 1,
1810 1815 1868 1840 lect.
1885 1814 1927 1849 x).
1946 1815 2201 1841 Demonstrationem
2223 1824 2287 1842 vero
2310 1818 2454 1843 secundum

1388 1850 1507 1875 accidens
1525 1855 1613 1879 vocat,
1633 1850 1737 1883 quando
1755 1850 1851 1883 aliquid
1870 1851 2060 1883 praedictorum
2080 1851 2156 1876 trium
2176 1851 2273 1883 deficit,
2292 1857 2321 1877 ut
2335 1853 2358 1877 si
2377 1861 2454 1879 causa

1387 1885 1570 1918 inadaequata‚
1587 1886 1629 1910 vel
1649 1885 1794 1910 subiectum
1813 1886 2027 1919 inadaequatum,
2051 1887 2093 1911 vel
2112 1887 2200 1919 passio
2222 1888 2392 1921 inadaequata
2410 1897 2454 1913 su-

1388 1926 1485 1946 matur:
1505 1920 1555 1946 hoc
1573 1921 1642 1946 enim
1658 1921 1766 1945 intendit
1784 1921 1810 1945 in
1825 1921 1875 1946 illis
1888 1921 1988 1952 verbis,
2001 1922 2133 1955 contingit
2150 1930 2258 1948 causam
2277 1927 2304 1948 et
2322 1924 2396 1949 cuius
2415 1927 2455 1949 est

1386 1963 1469 1982 causa
1482 1959 1508 1981 et
1521 1957 1547 1981 in
1561 1963 1620 1989 quo,
1634 1957 1778 1982 secundum
1797 1957 1919 1982 accidens
1937 1957 2118 1983 considerare.
2132 1958 2244 1983 Vocatur
2258 1964 2344 1984 autem
2359 1960 2452 1984 merito

1387 1991 1574 2017 demonstratio
1593 1992 1736 2017 secundum
1755 1993 1873 2017 accidens
1887 1992 1944 2017 talis
1959 1993 2159 2023 demonstratio,
2175 2001 2207 2018 eo
2225 1995 2295 2026 quod
2309 1999 2349 2019 est
2361 2002 2454 2020 secun-

1387 2028 1449 2052 dum
1468 2027 1553 2056 aliud,
1573 2032 1598 2052 et
1617 2035 1670 2052 non
1689 2033 1729 2052 est
1747 2035 1793 2060 per
1807 2035 1836 2052 se
1849 2028 1874 2052 in
1891 2028 1976 2060 primo
1988 2029 2069 2061 gradu
2082 2029 2249 2069 perseitatum
2262 2030 2314 2063 (cs.
2329 2030 2363 2055 ib.
2379 2038 2404 2055 n.
2420 2029 2452 2061 3,

1387 2066 1442 2088 not.
1456 2071 1476 2092 ε.
1490 2066 1517 2088 et
1530 2063 1590 2088 lect.
1602 2070 1639 2092 xl,
1659 2066 1713 2088 not.
1727 2062 1754 2092 ζ,
1770 2063 1822 2095 II):
1836 2064 2042 2096 quotiescunque
2055 2064 2125 2088 enim
2139 2064 2284 2089 subiectum
2297 2065 2453 2098 inadaequa-

1386 2103 1442 2123 tum
1461 2098 1585 2127 sumitur,
1605 2098 1730 2131 perseitas
1750 2099 1858 2123 secundi
1877 2099 1947 2123 modi
1967 2100 2018 2133 (⁶ss-
2032 2099 2065 2124 ib.
2080 2100 2138 2125 lect.
2151 2107 2178 2129 x,
2200 2108 2226 2125 η.
2240 2103 2278 2131 4,
2297 2104 2323 2125 et
2341 2102 2399 2126 lect.
2412 2109 2452 2132 ιι,

1386 2135 1435 2159 loc.
1449 2134 1507 2166 cit.)
1526 2142 1578 2159 non
1598 2134 1646 2158 nisi
1665 2141 1712 2167 per
1730 2134 1799 2159 aliud
1818 2135 1946 2165 salvatur;
1961 2140 1987 2159 et
2005 2134 2122 2160 similiter
2140 2135 2172 2160 de
2191 2136 2313 2168 passione
2331 2142 2357 2161 et
2375 2145 2451 2162 causa

1386 2170 1562 2202 inadaequatis
1582 2169 1720 2194 dicendum
1740 2175 1793 2200 est,
1817 2175 1846 2194 ut
1864 2177 1895 2194 ex
1914 2170 1986 2195 dictis
2005 2171 2030 2195 in
2048 2170 2132 2203 primo
2152 2170 2218 2196 libro
2237 2172 2316 2202 (loce.
2334 2172 2408 2204 citt.)
2428 2177 2453 2197 et

1386 2205 1510 2238 exemplis
1529 2205 1570 2230 hic
1588 2205 1680 2238 positis
1699 2205 1731 2230 ab
1750 2205 1888 2230 Aristotele
1909 2211 1935 2230 et
1953 2213 1976 2231 s.
1991 2205 2094 2230 Thoma
2112 2210 2190 2238 patet.
2214 2207 2328 2231 Vocatur
2346 2215 2452 2240 quoque

1385 2240 1513 2273 praedicta
1532 2241 1718 2265 demonstratio
1732 2241 1877 2265 secundum
1896 2240 2012 2274 signum,
2028 2249 2079 2266 non
2095 2246 2231 2274 propterea
2245 2243 2316 2274 quod
2329 2251 2376 2275 per
2390 2243 2452 2268 effe-

1385 2281 1456 2301 ctum
1475 2277 1636 2301 demonstret
1655 2284 1772 2307 causam,
1791 2276 1942 2308 quoniam...
1960 2284 2084 2309 praesens
2103 2284 2191 2302 sermo
2216 2282 2255 2302 est
2278 2278 2310 2302 de
2329 2286 2406 2303 causa
2425 2278 2450 2303 in

1385 2312 1497 2336 essendo
1512 2310 1562 2345 (cs.
1574 2312 1618 2336 lib.
1630 2312 1656 2341 1,
1677 2312 1734 2336 lect.
1749 2319 1783 2342 iv,
1798 2319 1824 2336 n.
1839 2310 1862 2336 5
1873 2315 1900 2337 et
1914 2315 1969 2337 not.
1984 2311 2009 2346 ι)
2017 2320 2024 2343 ;
2039 2313 2087 2337 sed
2100 2313 2160 2345 quia
2178 2313 2391 2346 inadaequatione
2406 2322 2450 2338 su-

1384 2347 1498 2380 pradicta
1512 2348 1710 2377 interveniente,
1724 2355 1776 2371 non
1790 2347 1919 2380 complete
1931 2347 2096 2379 cognoscitur
2108 2348 2196 2381 passio
2209 2348 2235 2373 in
2247 2349 2351 2381 proprio
2364 2349 2450 2374 subie-

1385 2388 1434 2413 cto,
1455 2383 1525 2415 quod
1544 2383 1731 2408 demonstratio
1745 2382 1858 2415 quaerit,
1874 2383 1921 2407 sed
1935 2383 2038 2415 signum
2051 2383 2106 2408 eius
2121 2383 2231 2408 habetur
2245 2382 2367 2417 (sciendo
2380 2385 2450 2409 enim

1384 2418 1495 2443 volatilia
1513 2419 1606 2451 longae
1624 2419 1690 2443 vitae
1704 2425 1776 2448 esse,
1795 2418 1900 2450 signum
1919 2419 2017 2443 ducens
2037 2419 2069 2443 ad
2087 2419 2202 2444 notitiam
2222 2419 2375 2452 ampliorem
2395 2420 2449 2444 diu-

1383 2459 1475 2479 turnae
1488 2454 1555 2478 vitae
1573 2454 1738 2486 accipimus);
1758 2454 1813 2478 sive
1826 2453 1930 2486 propria
1948 2461 2026 2479 causa
2044 2459 2192 2479 assumatur
2209 2462 2257 2487 pro
2276 2455 2370 2486 medio,
2385 2463 2450 2488 quo-

1383 2490 1452 2514 niam
1471 2489 1606 2522 proprium
1623 2489 1768 2514 subiectum
1783 2496 1813 2514 ex
1827 2489 1870 2513 tali
1885 2497 2011 2522 processu
2029 2497 2082 2514 non
2095 2489 2188 2520 scitur,
2203 2490 2250 2515 sed
2265 2490 2368 2522 signum
2383 2491 2449 2522 eius,

1382 2525 1488 2550 inferius
1507 2525 1604 2550 scilicet
1622 2529 1683 2554 etc.;
1703 2525 1758 2549 sive
1777 2532 1824 2557 per
1842 2525 1982 2557 specialem
2001 2533 2106 2550 causam
2125 2526 2230 2556 sciatur,
2250 2526 2374 2558 quoniam
2390 2531 2450 2551 tunc

1383 2568 1435 2585 non
1455 2568 1501 2593 per
1519 2568 1624 2585 causam
1642 2560 1781 2593 propriam,
1801 2560 1848 2584 sed
1867 2567 1913 2592 per
1927 2560 2031 2593 signum
2050 2568 2143 2585 causae
2161 2561 2281 2593 propriae
2299 2562 2377 2586 scitur
2391 2569 2449 2594 pas-

1382 2597 1422 2621 sio
1441 2601 1489 2621 etc.
1510 2596 1608 2621 Eadem
1626 2603 1690 2628 ergo
1710 2595 1896 2620 demonstratio
1914 2601 2022 2620 vocatur
2037 2596 2181 2620 secundum
2200 2596 2303 2628 signum
2322 2602 2366 2621 aut
2384 2597 2448 2622 acci-

1382 2632 1446 2656 dens
1461 2631 1570 2656 diversis
1583 2631 1724 2656 rationibus
1731 2638 1738 2661 ;
1758 2636 1783 2656 et
1802 2631 1838 2656 sic
1858 2630 1950 2655 divisio
1967 2631 2114 2656 Aristotelis
2134 2631 2285 2656 bimembris
2305 2633 2447 2657 secundum

1381 2675 1437 2692 rem
1457 2671 1509 2698 est,
1521 2666 1680 2691 trimembris
1694 2672 1781 2691 autem
1795 2667 1896 2691 attentis
1911 2666 2019 2691 diversis
2033 2667 2173 2691 rationibus
2186 2667 2262 2691 unius
2276 2667 2386 2692 membri
2400 2673 2448 2693 etc.

1381 2703 1435 2728 Nec
1454 2703 1703 2727 demonstrationem
1722 2709 1752 2727 ex
1771 2701 1811 2726 his
1826 2709 1893 2734 quae
1912 2707 1974 2727 sunt
1992 2710 2039 2735 per
2057 2702 2175 2727 accidens
2190 2701 2238 2736 (cf.
2253 2702 2296 2727 lib.
2311 2703 2335 2732 1,
2350 2703 2408 2728 lect.
2422 2711 2446 2733 x,

1381 2741 1437 2764 not.
1452 2738 1483 2770 α)
1503 2738 1598 2770 posuit,
1613 2745 1660 2762 nec
1678 2745 1773 2762 novam
1793 2737 1945 2762 divisionem
1964 2738 2189 2762 demonstrationis
2209 2738 2312 2768 induxit,
2331 2746 2359 2763 ac
2374 2739 2396 2763 si
2410 2739 2448 2763 in-

1381 2773 1537 2799 sufficienter
1550 2774 1575 2798 in
1589 2774 1675 2806 prirno
1689 2773 1755 2798 libro
1770 2773 1955 2797 demonstratio
1969 2773 2048 2798 divisa
2067 2773 2173 2798 fuisset:
2192 2778 2262 2805 patet
2281 2773 2349 2798 enim
2364 2781 2394 2798 ex
2409 2774 2446 2798 di-

1381 2810 1427 2834 ctis
1447 2809 1518 2842 quod
1538 2809 1629 2834 divisio
1648 2809 1696 2834 ista
1715 2809 1844 2833 reducitur
1863 2809 1894 2833 ad
1914 2809 1984 2833 illam
2002 2816 2053 2841 qua
2072 2808 2188 2833 distincta
2204 2814 2244 2833 est
2263 2809 2447 2834 demonstratio

1380 2846 1406 2870 in
1424 2845 1598 2869 universalem
1617 2849 1642 2869 et
1660 2844 1839 2877 particularem
1859 2844 1919 2877 (Cf.
1938 2843 1982 2868 lib.
1998 2844 2022 2872 1,
2037 2844 2095 2869 lect.
2109 2851 2214 2874 xxxvm,
2232 2851 2285 2876 seq.
2286 2845 2446 2876 ).—Secun-

1381 2881 1444 2905 dum
1463 2880 1604 2905 notandum
1623 2885 1675 2910 est,
1695 2880 1765 2912 quod
1791 2879 1848 2904 licet
1867 2879 1984 2912 quaestio
2003 2879 2036 2904 sit
2059 2879 2091 2903 de
2109 2887 2188 2904 causa
2211 2884 2237 2904 et
2260 2885 2377 2910 causato,
2401 2880 2446 2904 de-

1380 2916 1595 2941 monstrationem
1614 2921 1699 2940 tamen
1719 2915 1875 2947 distinguere
1894 2915 1988 2946 placuit
2006 2915 2149 2943 Aristoteli,
2170 2922 2201 2939 eo
2218 2914 2278 2947 quia
2296 2923 2349 2939 non
2364 2915 2446 2947 agitur

1380 2952 1412 2976 de
1431 2959 1509 2976 causa
1527 2952 1576 2976 nisi
1595 2951 1621 2975 in
1639 2951 1729 2975 ordine
1753 2950 1784 2975 ad
1804 2950 2065 2974 demonstrationem:
2090 2950 2124 2975 ita
2146 2949 2312 2975 nihilominus
2336 2951 2446 2975 demon-

1379 2988 1530 3011 strationem
1545 2986 1638 3017 divisit,
1654 2991 1682 3010 ut
1700 2993 1792 3010 causae
1811 2985 1964 3010 divisionem
1983 2985 2148 3010 immisceret.
2166 2986 2295 3017 Accipitur
2314 2985 2443 3018 siquidem

1379 3022 1437 3047 hinc
1460 3023 1530 3055 quod
1550 3029 1626 3046 causa
1646 3021 1671 3046 in
1692 3022 1803 3046 essendo
1822 3026 1862 3045 est
1876 3021 1982 3052 duplex:
1997 3021 2124 3053 quaedam
2138 3021 2280 3053 adaequata
2295 3021 2404 3051 effectui,
2419 3026 2445 3046 et

1379 3058 1507 3090 quaedam
1527 3064 1631 3082 excessa
1650 3057 1681 3081 ab
1701 3057 1806 3087 effectu,
1826 3064 1892 3088 quae
1910 3060 2017 3080 vocatur
2035 3063 2113 3080 causa
2132 3056 2249 3088 specialis
2273 3061 2299 3081 et
2317 3056 2443 3088 partialis;

1379 3101 1431 3118 non
1456 3101 1488 3118 eo
1507 3093 1586 3117 modo
1610 3100 1663 3125 quo
1682 3092 1789 3124 quilibet
1813 3091 1967 3116 trahentium
1992 3099 2084 3116 navem
2108 3096 2148 3116 est
2167 3099 2244 3116 causa
2261 3091 2374 3124 partialis
2397 3099 2444 3124 per

1379 3128 1486 3153 modum
1501 3127 1580 3160 partis
1599 3128 1739 3160 integralis,
1761 3127 1884 3160 quoniam
1903 3126 1960 3151 talis
1984 3134 2062 3151 causa
2080 3127 2191 3159 partialis
2216 3134 2268 3151 non
2287 3127 2362 3151 infert
2380 3127 2443 3151 effe-

1378 3169 1457 3194 ctum,
1472 3164 1532 3195 quia
1547 3171 1599 3187 non
1618 3169 1658 3187 est
1676 3170 1754 3188 causa
1773 3161 1902 3187 sufficiens
1908 3170 1915 3193 ;
1936 3162 1982 3186 sed
1995 3163 2080 3195 potius
2099 3169 2146 3194 per
2164 3162 2272 3186 modum
2287 3162 2365 3194 partis
2380 3162 2442 3187 sub-

1377 3199 1490 3227 iectivae,
1505 3206 1573 3230 quae
1592 3197 1722 3223 sufficiens
1742 3203 1782 3222 est
1800 3198 1831 3222 ad
1851 3198 1992 3223 illationem
2006 3197 2045 3222 sui
2065 3197 2143 3222 totius
2160 3202 2208 3222 etc.
2227 3197 2305 3222 Tales
2322 3198 2391 3222 enim
2410 3198 2442 3222 de

1377 3234 1472 3267 quibus
1493 3234 1625 3266 loquimur
1643 3241 1736 3258 causae
1755 3233 1880 3266 speciales
1904 3233 2060 3259 sufficienter
2078 3233 2193 3265 singulae
2212 3238 2317 3257 causant
2335 3238 2360 3257 et
2378 3233 2442 3258 inse-

1376 3274 1436 3294 runt
1450 3269 1579 3299 effectum,
1590 3269 1637 3293 sed
1649 3269 1719 3293 nulla
1734 3276 1823 3293 earum
1838 3274 1879 3293 est
1890 3269 2042 3294 universalis
2058 3276 2104 3293 seu
2119 3269 2259 3300 adaequata
2272 3276 2350 3293 causa
2362 3268 2440 3299 illius,

1376 3309 1405 3329 ut
1423 3305 1448 3329 in
1468 3304 1591 3336 exemplis
1610 3309 1694 3328 textus
1714 3304 1739 3328 in
1759 3303 1944 3329 mathematicis
1965 3309 1990 3329 et
2007 3303 2167 3328 naturalibus
2180 3309 2256 3335 patet.
2275 3304 2340 3328 Sunt
2353 3309 2441 3329 autem

1375 3340 1425 3365 hae
1444 3347 1536 3364 causae
1554 3340 1628 3372 signa
1645 3347 1698 3363 non
1717 3339 1868 3370 effectuum,
1888 3340 1934 3364 sed
1953 3339 2115 3372 propriarum
2135 3346 2285 3369 causarum,
2304 3344 2330 3364 et
2348 3347 2441 3364 causae

1376 3375 1521 3400 secundum
1540 3375 1670 3405 accidens;
1686 3375 1746 3406 quia
1764 3382 1856 3399 causae
1868 3379 1929 3399 sunt
1942 3375 2086 3399 secundum
2099 3374 2168 3399 aliud
2183 3372 2233 3408 (cf.
2247 3374 2290 3399 lib.
2305 3375 2326 3404 J,
2341 3375 2399 3399 lect.
2411 3382 2427 3399 x
2437 3394 2444 3406 ,

1376 3414 1431 3436 not.
1446 3409 1489 3443 β),
1509 3410 1653 3435 secundum
1671 3410 1802 3442 propriam
1821 3410 1918 3434 scilicet
1936 3415 1962 3435 et
1980 3410 2149 3442 adaequatam
2168 3417 2285 3439 causam,
2309 3410 2342 3434 ad
2361 3417 2440 3442 quam

1374 3446 1560 3471 reducuntur...
1572 3445 1700 3476 Quartum
1711 3450 1798 3470 autem
1813 3446 1954 3470 notandum
1968 3451 2007 3470 est
2021 3445 2138 3478 probatio
2148 3445 2246 3477 primae
2256 3445 2438 3474 conclusionis,

1375 3482 1472 3506 scilicet
1486 3481 1557 3506 ratio
1570 3481 1640 3506 enim
1655 3480 1743 3505 ultimi
1755 3484 1795 3505 est
1807 3481 1922 3505 medium
1934 3482 2020 3514 (csm.
2031 3482 2080 3512 2).·
2093 3480 2199 3505 nomine
2212 3480 2341 3513 siquidem
2355 3480 2439 3506 ultimi

1375 3517 1455 3550 accipi
1478 3521 1564 3549 potest
1586 3516 1643 3549 ipsa
1666 3516 1768 3549 passio,
1793 3523 1860 3548 quae
1879 3516 2000 3549 superius
2024 3521 2050 3541 et
2068 3516 2172 3540 inferius
2191 3516 2253 3547 (lib.
2266 3516 2291 3545 I,
2311 3516 2368 3541 lect.
2383 3523 2439 3547 xiv,

1375 3561 1401 3577 n.
1420 3559 1445 3585 7,
1459 3552 1572 3586 -infra,
1593 3559 1618 3576 n.
1634 3553 1673 3583 4)
1691 3556 1798 3576 vocatur
1815 3551 1929 3584 primum
1947 3551 2054 3576 diversis
2072 3551 2222 3576 rationibus.
2237 3551 2363 3576 Ultimum
2383 3552 2439 3584 qui-

1375 3589 1434 3613 dem
1453 3588 1501 3612 dici
1525 3592 1624 3620 potest,
1650 3587 1710 3619 quia
1728 3588 1754 3611 in
1777 3587 1890 3612 essendo
1908 3587 2028 3612 ultimum
2048 3592 2102 3617 est,
2121 3587 2244 3620 quoniam
2269 3587 2375 3612 effectus
2400 3592 2440 3612 est

1374 3623 1482 3649 subiecti
1501 3628 1526 3648 et
1545 3623 1636 3653 medii;
1656 3622 1770 3655 primum
1784 3628 1870 3647 autem
1884 3622 1983 3654 dicitur,
1998 3623 2121 3655 quoniam
2140 3622 2255 3655 primum
2269 3623 2356 3648 locum
2368 3627 2439 3648 tenet

2235 3674 2293 3699 50*

2490 404 2501 415 ’
2515 403 2582 426 Text.
2593 404 2632 426 26.
