2788 4204
1137 272 1247 309 CAP.
1278 274 1345 322 IV,
1375 276 1525 312 LECT.
1558 277 1607 312 111

2392 278 2464 315 335

1044 504 1346 562 LECTIO
1384 508 1703 565 TERTIA

803 633 1023 676 UTRUM
1058 635 1231 688 QUOD
1268 638 1416 690 QUID
1451 640 1583 689 EST,
1620 641 1792 693 QUOD
1828 643 1942 684 EST

369 707 782 751 DEFINITIONIS
816 708 1271 761 SIGNIFICATUM‚
1307 714 1516 755 POSSIT
1550 715 2075 759 DEMONSTRATIVE
2107 719 2371 759 PROBARI

585 785 704 826 PER
736 783 1174 826 ACCEPTIONEM
1208 787 1728 832 CONVERTIBILIUM
1761 793 2170 835 TERMINORUM

275 916 345 948 Τοῦ
369 910 408 947 δὲ
432 916 465 948 τί
492 914 565 947 ἐστι
591 912 734 956 πότερον
761 913 835 946 ἔστι
851 914 1075 960 συλλογισμὸς
1098 917 1156 946 καὶ
1177 911 1349 958 ἀπόδειξις

345 958 367 997 ἦ
394 960 454 992 οὐκ
480 959 567 998 ἔστι,
592 957 749 1001 καθάπερ
774 958 832 989 νῦν
860 959 875 990 ὀ
899 958 1000 1004 λόγος
1026 958 1193 1000 tivi-§Germ

277 1006 296 1038 ὁ
321 1005 380 1050 μὲν
405 1004 471 1051 γάρ
496 1003 720 1050 συλλογισμὸς
746 1005 780 1035 τὶ
805 1002 901 1035 κατά
927 1015 1016 1042 τινος
1034 999 1179 1036 δείκνυσι
1203 999 1263 1037 διά
1287 1006 1349 1038 τοῦ

345 1049 462 1095 μέσου·
489 1049 532 1082 το
557 1044 595 1080 δὲ
619 1051 654 1082 τί
681 1049 773 1080 ἐστιν
802 1047 888 1080 ἴδιόν
922 1060 974 1087 τε,
1000 1051 1058 1080 καὶ
1085 1049 1118 1081 ἑν
1143 1049 1191 1090 τῷ
1217 1052 1251 1082 τί
1277 1051 1350 1082 ἐστι

344 1097 607 1140 κατηγορεῖται.
632 1094 756 1125 Ταῦτα
782 1089 810 1124 δ’
842 1091 974 1139 ἀνάγκη
1003 1091 1249 1139 ἀντιστρέφειν.

278 1139 316 1170 Εἰ
345 1140 412 1186 γάρ
444 1139 485 1172 τὸ
511 1139 536 1170 A
560 1139 624 1172 τοῦ
648 1139 670 1169 Γ
698 1133 804 1179 ἴδιον,
836 1132 940 1175 δῆλον
973 1137 1026 1171 ὅτι
1057 1142 1115 1171 καὶ
1150 1139 1212 1171 τοῦ
1237 1140 1261 1169 Β
1292 1141 1350 1170 καὶ

346 1186 454 1217 τοῦτο
479 1183 544 1216 τοῦ
569 1185 606 1224 Γ,
631 1182 720 1215 ὥστε
746 1183 867 1215 πάντα.
893 1182 1064 1219 ἀλλήλων.

272 1228 382 1261 'Anat
406 1228 472 1273 μην
497 1229 555 1260 καὶ
581 1228 608 1259 εἰ
633 1227 675 1260 τὸ
699 1228 725 1259 A
751 1225 783 1260 ἐν
810 1228 858 1269 τῷ
885 1230 918 1260 τί
945 1228 1038 1260 ἐστιν
1073 1226 1220 1272 ὑπάρχει
1245 1229 1351 1260 παντὶ

346 1274 395 1316 τῷ
420 1275 464 1315 Β,
490 1274 549 1304 καὶ
578 1271 728 1304 καθόλου
757 1272 798 1306 τὸ
822 1274 847 1304 Β
872 1272 1005 1311 παντός
1035 1273 1098 1305 τοῦ
1123 1274 1145 1303 Γ
1171 1273 1203 1304 ἑν
1239 1273 1286 1314 τῷ
1316 1275 1350 1305 τί

347 1319 422 1352 ἔστι
443 1317 603 1365 λέγεται,
632 1317 764 1364 ἀνάγκη
790 1319 849 1350 καὶ
867 1317 909 1350 τὸ
927 1318 953 1349 A
978 1316 1011 1350 ἐν
1037 1318 1085 1359 τῷ
1104 1319 1137 1350 τί
1157 1315 1231 1349 ἐστι
1249 1318 1312 1350 τοῦ
1329 1319 1351 1348 Γ

344 1362 519 1411 λέγεσθαι.

279 1406 319 1440 m
341 1403 380 1441 δὲ
404 1408 451 1454 μή
470 1406 560 1440 οὕτω
578 1419 630 1446 τις
646 1405 797 1451 λήψεται
814 1401 1003 1448 διπλώσας,
1024 1406 1083 1438 οὐκ
1102 1405 1233 1452 ἀνάγκη
1253 1406 1352 1440 ἔσται

346 1453 391 1487 τὸ
415 1455 441 1485 A
466 1453 535 1486 -τοῦ
561 1453 582 1483 Γ
614 1450 883 1498 κατηγορεῖσθαι
915 1452 949 1484 ἐν
974 1452 1023 1493 τῷ
1052 1453 1086 1484 τί
1111 1451 1224 1490 ἐστιν,
1258 1452 1285 1483 εὶ
1311 1452 1352 1484 τὸ

374 1496 406 1530 ὲν
431 1499 456 1529 A
481 1497 544 1530 τοῦ
568 1499 593 1528 Β
619 1495 651 1529 ἑν
677 1499 725 1539 τῷ
752 1499 784 1530 τί
812 1497 898 1536 ἐστι,
922 1496 970 1541 μή
994 1495 1073 1528 καθ’
1102 1494 1187 1528 ὅσων
1212 1493 1250 1529 δὲ
1270 1494 1352 1529 τόΒ

346 1510 380 1575 ἕν
405 1543 454 1585 τῷ
480 1545 515 1575 τί
541 1542 647 1574 ἐστιν.
682 1542 729 1574 Τὰ
753 1537 797 1578 δή
824 1543 857 1574 τί
884 1541 976 1574 ἐστιν
1003 1541 1100 1586 ἄμφω
1125 1542 1245 1574 ταῦτα
1272 1540 1349 1583 ἕξει.

338 1587 464 1620 Ἔσται
492 1587 558 1633 ἄρα
580 1589 639 1619 καὶ
664 1586 706 1620 τό
730 1588 755 1618 Β
778 1586 875 1620 κατά
899 1587 964 1619 τοῦ
988 1587 1024 1628 Γ,
1051 1586 1093 1619 τὸ
1119 1588 1152 1619 τί
1178 1587 1285 1620 ἑστιν.

279 1669 318 1703 Εἰ
343 1664 388 1708 δὴ
412 1668 454 1702 τὰ
479 1670 513 1701 τί
540 1669 614 1702 ἐστι
641 1671 699 1701 καὶ
733 1669 774 1702 τό
800 1670 833 1702 τί
859 1667 899 1707 ἦν
925 1665 1011 1700 εἶναι
1046 1668 1143 1724 ἄμφω
1174 1668 1262 1714 ἔχει,
1298 1667 1352 1701 ἐπὶ

347 1714 410 1747 τοῦ
436 1712 539 1758 μέσου
564 1714 665 1747 ἔσται
690 1714 853 1759 πρότερον
879 1713 922 1746 τὸ
948 1716 981 1746 τί
1008 1711 1047 1751 ἦν
1074 1725 1174 1746 ειναι.

270 1757 380 1797 Ὅλως
405 1771 458 1800 τε,
484 1759 514 1791 εἰ
538 1759 614 1792 ἔστι
637 1754 748 1800 δεῖξαι
773 1761 807 1791 τί
833 1759 926 1791 ἐστιν
946 1757 1130 1804 ἄνθρωπος·
1151 1758 1240 1790 ἔστω
1265 1757 1308 1790 τὸ
1331 1759 1352 1789 Γ

351 1803 540 1849 ἄνθρωπος,
567 1804 609 1837 τό
634 1798 675 1836 δὲ
698 1805 724 1835 A
748 1803 790 1836 τό
816 1806 850 1837 τί
885 1801 999 1845 ἐστιν,
1031 1805 1100 1835 εἴτε
1125 1804 1210 1845 ζῷον
1234 1798 1353 1835 δίπουν

347 1849 408 1881 εἴτ’
440 1848 525 1881 ἄλλο
550 1860 598 1882 τι.
625 1849 663 1879 Ei
688 1850 801 1881 τοίνυν
826 1850 1074 1894 συλλογιεϊται,
1103 1845 1236 1894 ἀνάγκη
1258 1848 1356 1880 κατοὶ

347 1893 412 1926 τοῦ
428 1894 453 1925 Β
478 1893 520 1926 τὸ
545 1894 570 1924 A
594 1893 726 1931 παντὸς
746 1892 1026 1939 κατηγορεῖσθαι.
1053 1892 1185 1925 Τούτου
1202 1888 1232 1924 δ’
1253 1893 1354 1925 ἔσται

349 1937 451 1976 ἄλλος
475 1937 577 1984 λόγος
602 1936 718 1981 μέσος,
743 1936 831 1970 ὥστε
856 1940 914 1970 καὶ
940 1938 1048 1970 τοῦτο
1076 1937 1175 1970 ἔσται
1201 1940 1234 1970 τί
1260 1937 1352 1970 ἐστιν

350 1981 535 2028 ἅνθρωπος.
562 1982 741 2027 Λαμβάνει
763 1980 819 2014 οὖν
846 1983 863 2015 ὂ
887 1978 940 2014 δεῖ
962 1978 1087 2023 δεῖξαι·
1113 1985 1170 2015 καὶ
1188 1982 1252 2029 γάρ
1271 1982 1313 2016 τό
1330 1984 1354 2013 Β

351 2027 424 2060 ἐστὶ
451 2030 485 2060 τί
511 2028 603 2060 ἐστιν
631 2026 815 2073 ἄνθρωπος.
1282 2031 1283 2034 ’

281 2073 339 2104 Δεῖ
363 2068 394 2104 δ’
423 2072 455 2104 ὲν
489 2076 567 2110 ταῖς
600 2067 675 2104 δυσὶ
708 2071 896 2118 προτάσεσι
923 2073 982 2103 καὶ
1016 2075 1087 2109 τοῖς
1120 2084 1144 2104 π
1165 2070 1266 2109 ὥτοις
1296 2074 1354 2104 καὶ

350 2116 488 2162 ἀμέσοις
513 2121 665 2150 σκοπεῖν·
692 2119 849 2163 μάλιστα
869 2116 934 2164 γάρ
955 2116 1097 2161 φανερόν
1115 2129 1157 2149 το
1173 2116 1354 2163 λεγόμενον

348 2164 498 2210 γίνεται.

247 2237 250 2240 .
279 2209 320 2240 Οἱ
345 2207 405 2252 μὲν
423 2205 481 2240 οὖν
498 2201 558 2239 διαὶ
573 2207 637 2239 τοῦ
657 2206 889 2252 ἀντιστρέφειν
906 2201 1098 2243 δεικνύντες
1116 2206 1149 2237 τί
1173 2205 1246 2237 ἐστι
1264 2205 1355 2251 ψυχή

350 2251 372 2289 ἦ
397 2254 431 2285 τί
458 2250 552 2284 ἐστιν
580 2251 751 2297 ἄνθρωπος
775 2251 796 2288 ἦ
824 2252 907 2284 ἄλλο
942 2250 1056 2283 ὁτιοῦν
1081 2251 1149 2283 τῶν
1177 2250 1296 2291 ὄντων,
1315 2251 1357 2283 τὸ

351 2296 386 2338 ἐξ
414 2295 520 2352 ἀρχῆς
545 2297 743 2338 αἰτοῦνται,
766 2297 834 2329 οἷον
856 2298 886 2328 εἴ
902 2307 954 2333 τις
975 2295 1126 2336 ἀξιώσειε
1144 2293 1252 2373 &vy-viv
1271 2293 1357 2327 εἶναι

351 2342 394 2376 τὸ
420 2342 510 2375 αυτό
543 2342 639 2383 αὐτῷ
673 2343 785 2374 αἴτιον
817 2341 881 2374 τοῦ
905 2341 988 2383 ζῆν,
1017 2342 1124 2373 τοῦτο
1172 2338 1179 2349 ’
1217 2339 1356 2385 ἀριθμὸν

352 2384 460 2420 αὐτὸν
492 2386 600 2420 αὐτὸν
631 2387 808 2419 κινοῦντα·
854 2385 987 2431 ἀνάγκη
1017 2386 1082 2433 γὰρ
1116 2386 1262 2422 αἰτῆσαι
1292 2385 1357 2422 τήν

351 2431 460 2478 ψυχήν
488 2431 567 2475 ὅπερ
603 2430 740 2475 ἀριθμὸν
772 2428 859 2463 εἶναι
892 2431 999 2464 αὑτὸν
1034 2431 1141 2464 αὐτὸν
1173 2432 1355 2472 κινοῦντα,

353 2476 460 2515 οὕτως
487 2477 528 2514 ὥς
554 2475 596 2509 τὸ
622 2475 710 2509 αὐτὸ
736 2475 783 2507 ὅν.

280 2523 331 2556 Οὗ
355 2522 420 2569 γάρ
446 2522 475 2554 εὶ
503 2521 682 2554 ἀκολουθεῖ
706 2520 747 2554 τὸ
764 2524 789 2552 Α
806 2521 854 2563 τῷ
870 2522 896 2552 Β
917 2521 976 2552 καὶ
1002 2520 1110 2553 τοῦτο
1132 2520 1180 2562 τῷ
1201 2520 1237 2561 Γ,
1258 2519 1359 2551 ἔσται

354 2568 403 2608 τῷ
428 2569 450 2598 Γ
475 2566 518 2599 τὸ
543 2567 569 2599 A
593 2566 636 2599 τὸ
661 2569 695 2598 τί
721 2564 761 2605 ἦν
788 2563 895 2607 εἶναι,
924 2565 1000 2598 ἀλλ’
1040 2564 1161 2603 ἀληθὲς
1187 2562 1228 2602 ἦν
1253 2565 1358 2596 εἰπεῖν

354 2610 454 2645 ἔσται
482 2610 597 2656 μόνον·
631 2606 704 2643 οὐδ’
733 2611 761 2644 εἰ
793 2611 866 2644 ἔστι
892 2610 934 2643 τὸ
959 2611 985 2642 A
1009 2608 1090 2654 ὅπερ
1116 2621 1151 2642 τι
1174 2611 1234 2642 καὶ
1265 2607 1361 2642 κατά

354 2657 417 2690 τοῦ
434 2658 458 2688 Β
482 2660 735 2702 κατηγορεῖται
760 2655 904 2693 παντός.
930 2656 998 2687 Καὶ
1021 2654 1086 2701 γάρ
1113 2655 1154 2687 τὸ
1178 2654 1251 2697 ζῴῳ
1273 2650 1360 2686 εἶναι

352 2704 604 2747 κατηγορεῖται
627 2701 725 2734 κατοί
748 2702 811 2734 τοῦ
839 2699 998 2745 ἀνθρώπῳ
1020 2696 1119 2731 εἶναι·
1149 2698 1268 2736 ἀληθὲς
1294 2697 1359 2744 γάρ

353 2747 423 2779 πᾶν
449 2745 491 2779 τὸ
518 2745 679 2790 ἀνθρώπῳ
706 2743 793 2779 εἶναι
816 2744 889 2789 ζῴῳ
915 2741 1015 2783 εἶναι,
1034 2743 1144 2788 ὥσπερ
1164 2746 1222 2776 καὶ
1242 2742 1361 2776 πάντα

357 2789 531 2836 ἄνθρωπον
552 2791 651 2833 ζῷον,
666 2791 747 2823 ἀλλ’
770 2791 834 2837 οὐχ
858 2789 966 2827 οὕτως
989 2788 1079 2822 ὥστε
1099 2789 1131 2820 ἓν
1157 2786 1257 2821 εἶναι.
1277 2787 1360 2819 Ἐάν

355 2834 416 2878 μὲν
444 2833 500 2868 οὖν
526 2835 573 2879 μή
601 2834 691 2868 οὕτω
717 2835 831 2879 λάβῃ,
858 2834 897 2867 οὗ
924 2836 1157 2880 συλλογιεῖται
1188 2832 1242 2865 ὅτι
1268 2832 1309 2865 τό
1336 2833 1361 2863 Α

356 2880 431 2914 ἐστὶ
448 2880 498 2922 τῷ
516 2881 537 2910 Γ
563 2880 606 2912 τὸ
624 2882 658 2912 τί
684 2877 726 2917 ἥν
747 2877 834 2913 εἶναι
857 2880 917 2911 καὶ
935 2880 956 2916 ἡ
976 2879 1088 2912 οὐσία.
1109 2878 1192 2910 Ἐοὶν
1211 2873 1249 2909 δὲ
1268 2876 1359 2909 οὕτω

353 2923 469 2980 λάβῃ,
495 2922 660 2969 πρότερον
687 2925 786 2958 ἔσται
816 2924 957 2967 εἰληφώς
983 2925 1030 2965 τῷ
1054 2925 1075 2954 Γ
1101 2925 1134 2955 τί
1161 2923 1234 2955 ἐστι
1260 2922 1301 2954 τὸ
1327 2923 1361 2953 τί

357 2966 399 3007 ἦν
424 2980 511 3000 ειναι
541 2969 583 3000 τό
607 2970 642 3001 Β.
665 2968 761 3002 'Oct'
791 2969 852 3002 οὐκ
883 2963 1144 3002 ἀποδέδεικται·
1171 2966 1213 3000 τὸ
1237 2966 1302 3013 γάρ
1328 2966 1361 2997 ἐν

357 3013 447 3058 ἀρχῇ
473 3014 620 3057 εἴληφεν.

352 3110 550 3138 Smors1s.—
565 3118 588 3136 1.
612 3109 826 3145 Argumentum
847 3108 1094 3136 textus.-Un-um
1115 3107 1197 3144 quod
1218 3106 1288 3143 quid
1310 3112 1361 3141 est,

288 3150 373 3188 quod
387 3155 430 3178 est
444 3148 621 3177 definitionis
637 3148 838 3185 significatum,
853 3147 945 3184 possit
959 3147 1184 3176 demonstrative
1198 3145 1334 3183 probari?
1343 3162 1363 3167 -

291 3198 320 3219 2.
336 3189 496 3218 Necessitas
517 3188 603 3217 huius
624 3187 835 3225 disputationis.
847 3204 866 3209 -
881 3188 906 3215 3.
921 3189 964 3215 Ex
985 3186 1091 3224 duplici
1113 3186 1206 3223 capite
1227 3187 1298 3214 haec
1319 3185 1362 3212 di-

292 3229 418 3267 sputatio
439 3235 583 3257 versatur:
599 3230 626 3264 a)
648 3235 745 3256 utrum
761 3228 841 3265 quod
856 3226 926 3264 quid
941 3234 983 3255 est
997 3227 1089 3264 possit
1103 3224 1297 3254 demonstrari
1311 3234 1363 3260 per

293 3270 430 3307 speciales
451 3269 572 3303 modos;
594 3269 622 3304 b)
644 3268 689 3296 vel
710 3277 763 3304 per
782 3267 909 3295 rationes
930 3276 1110 3295 communes.
1122 3267 1205 3293 —Per
1226 3264 1362 3301 speciales

293 3311 416 3339 modos:
438 3317 544 3345 nempe
565 3309 594 3343 a)
614 3308 659 3335 vel
680 3317 732 3344 per
752 3307 951 3344 acceptionem
971 3306 1163 3334 terminorum
1189 3303 1361 3333 convertibi-

289 3350 381 3386 lium;
397 3350 424 3385 b)
438 3349 484 3377 vel
504 3357 556 3385 per
577 3347 766 3382 divisionem3
782 3349 808 3382 c)
829 3347 874 3375 vel
895 3346 1064 3383 accipiendo
1088 3345 1118 3373 id
1139 3345 1219 3381 quod
1241 3343 1361 3380 requiri-

294 3397 341 3419 tur
361 3390 399 3418 ad
420 3389 500 3426 quod
515 3387 586 3425 quid
607 3394 658 3415 est.
680 3388 712 3415 In
726 3387 780 3415 hac
794 3385 918 3414 lectione
935 3386 1096 3422 disputatur
1116 3384 1292 3413 assumendo
1306 3390 1363 3411 ter-

290 3430 392 3459 minos
407 3427 616 3458 convertibiles.
625 3436 680 3462 -4.
688 3428 756 3455 Duo
770 3426 1033 3463 praesupponenda
1043 3425 1073 3452 in
1087 3425 1141 3452 hac
1152 3423 1362 3460 disputatione:

290 3479 423 3508 ⁴quorum
443 3478 536 3497 unum
550 3467 674 3505 pertinet
688 3467 725 3495 ad
739 3466 947 3503 syllogismum,
962 3474 1067 3501 nempe
1082 3464 1226 3497 medium3
1242 3460 1368 3491 alterum'

295 3510 419 3548 pertinet
439 3509 476 3537 ad
498 3508 591 3545 ipsam
615 3507 656 3535 rei
677 3506 846 3541 essentiam,
869 3514 974 3542 nempe
995 3503 1155 3541 praedicari
1176 3502 1363 3540 quidditative

291 3557 327 3579 -et
347 3548 578 3578 convertibiliter.
591 3565 610 3569 -
622 3548 647 3576 5.
663 3548 730 3575 Non
757 3552 852 3583 potest
873 3544 1056 3582 syllogismus
1084 3544 1256 3572 concludere
1283 3542 1363 3579 quod

291 3590 369 3628 *quid
389 3596 432 3618 est
452 3589 502 3625 rei,
517 3588 571 3617 nisi
592 3587 767 3625 praemissae
788 3592 921 3615 constent
941 3584 1070 3613 terminis
1091 3582 1333 3612 convertibilibus.
1345 3598 1364 3603 -

292 3631 326 3659 -6,
342 3632 493 3659 Praeterea
513 3629 544 3657 in
558 3628 725 3666 syllogismo
739 3627 869 3664 praefato
883 3625 977 3654 maior
991 3623 1155 3653 extremitas
1175 3624 1260 3651 debet
1281 3631 1364 3660 prae-

1404 919 1539 960 *Ipsius
1563 928 1670 951 autem
1694 921 1772 961 quid
1795 928 1841 951 est
1864 928 1971 952 utrum
1991 923 2192 963 syllogismus
2216 923 2255 954 sit
2275 934 2315 954 an
2337 924 2468 955 demon-

1474 964 1593 1003 stratio,
1613 972 1668 995 aut
1687 976 1763 1003 non,
1784 966 1864 996 sicut
1883 976 1967 997 nunc
1991 967 2068 997 ratio
2089 965 2277 1007 supposuit?

1406 1007 1616 1048 Syllogismus
1633 1009 1762 1050 quidem
1780 1010 1865 1039 enim
1888 1010 2007 1050 aliquid
2026 1012 2063 1041 de
2083 1012 2190 1052 aliquo
2206 1012 2399 1042 demonstrat
2415 1023 2471 1053 per

1473 1053 1625 1083 medium.
1651 1054 1712 1084 Sed
1727 1054 1805 1094 quid
1824 1061 1870 1084 est
1888 1055 2054 1094 proprium
2070 1063 2125 1094 est,
2142 1063 2172 1087 et
2185 1055 2217 1085 in
2233 1066 2271 1086 eo
2288 1058 2377 1097 quod
2392 1057 2470 1098 quid

1474 1104 1520 1126 est
1539 1098 1744 1137 praedicatur.
1765 1099 1837 1128 Hoc
1856 1106 1962 1128 autem
1981 1110 2105 1130 necesse
2125 1108 2169 1131 est
2188 1101 2336 1131 converti.

1407 1140 1440 1171 Si
1457 1141 1543 1170 enim
1566 1144 1595 1171 A
1618 1141 1678 1181 ipsi
1703 1142 1729 1172 C
1755 1150 1801 1173 est
1817 1143 1992 1183 proprium,
2010 1145 2211 1176 manifestum
2227 1153 2272 1176 est
2291 1145 2379 1186 quod
2394 1152 2424 1176 et
2442 1147 2471 1176 A

1474 1185 1535 1224 ipsi
1554 1186 1595 1223 B,
1616 1193 1646 1216 et
1664 1186 1726 1216 hoc
1745 1187 1804 1226 ipsi
1824 1188 1861 1218 C.
1882 1188 1987 1224 Quare
2007 1190 2115 1219 omnia
2134 1198 2206 1220 sunt
2225 1191 2263 1220 ad
2283 1190 2426 1220 invicem.

1408 1231 1451 1259 At
1473 1239 1548 1259 vero
1573 1236 1604 1260 et
1626 1230 1651 1260 si
1675 1233 1704 1260 A
1727 1230 1760 1260 in
1784 1241 1822 1261 eo
1845 1232 1934 1271 quod
1960 1232 2037 1272 quid
2061 1240 2106 1263 est
2128 1234 2160 1263 in
2184 1234 2272 1264 omni
2291 1235 2327 1272 B,
2344 1242 2374 1265 et
2397 1234 2467 1265 uni-

1475 1274 1634 1304 versaliter
1657 1275 1682 1304 B
1706 1275 1745 1305 de
1762 1275 1851 1305 omni
1870 1276 1896 1306 C
1921 1276 1952 1306 in
1968 1286 2006 1306 eo
2023 1278 2110 1317 quod
2127 1278 2203 1318 quid
2219 1286 2264 1309 est
2280 1279 2401 1317 dicitur,
2418 1288 2472 1309 ne-

1476 1328 1560 1349 cesse
1580 1326 1626 1349 est
1645 1326 1675 1350 et
1693 1321 1722 1350 A
1740 1319 1773 1350 in
1793 1330 1831 1350 eo
1851 1321 1939 1360 quod
1956 1321 2033 1361 quid
2049 1329 2094 1352 est
2113 1322 2280 1362 praedicari
2297 1323 2334 1353 de
2354 1323 2391 1353 C.

1410 1406 1442 1437 Si
1465 1417 1540 1437 vero
1565 1407 1678 1448 aliquis
1702 1418 1768 1438 non
1793 1408 1905 1449 accipit
1928 1409 1970 1439 sic
1994 1409 2173 1449 duplicans,
2193 1420 2259 1440 non
2281 1420 2405 1440 necesse
2430 1417 2476 1441 est

1476 1454 1506 1482 A
1529 1452 1562 1482 in
1586 1462 1624 1482 eo
1653 1453 1743 1493 quod
1766 1453 1843 1493 quid
1868 1460 1914 1483 est
1937 1454 1975 1483 de
2000 1454 2026 1484 C
2051 1454 2230 1494 praedicari.
2259 1454 2291 1484 Si
2319 1461 2424 1484 autem
2447 1458 2476 1485 A

1476 1496 1608 1537 quidem
1628 1497 1666 1527 de
1680 1497 1705 1527 B
1722 1497 1755 1527 in
1775 1508 1813 1527 eo
1833 1498 1921 1538 quod
1938 1498 2015 1538 quid
2033 1505 2088 1536 est,
2106 1508 2171 1528 non
2187 1498 2429 1539 quibuscunque
2448 1499 2473 1529 B

1477 1541 1510 1571 in
1526 1551 1564 1571 eo
1580 1542 1668 1582 quod
1685 1542 1763 1582 quid
1779 1550 1839 1572 est:
1857 1543 1963 1582 ipsum
1980 1550 2086 1573 autem
2100 1544 2188 1583 quod
2201 1543 2277 1584 quid
2295 1550 2340 1573 est
2355 1550 2475 1574 utrum—

1477 1596 1541 1626 que
1569 1585 1631 1616 hoc
1661 1586 1806 1625 habebit3
1838 1587 1894 1617 erit
1923 1587 2029 1628 itaque
2053 1583 2131 1618 et'B
2155 1588 2193 1617 de
2217 1587 2243 1618 C
2267 1588 2299 1618 in
2328 1598 2366 1618 eo
2389 1589 2477 1629 quod

1477 1630 1555 1671 quid
1579 1637 1634 1661 est.

1411 1675 1443 1706 Si
1467 1675 1562 1715 igitur
1590 1674 1679 1715 quod
1703 1674 1781 1715 quid
1805 1682 1850 1705 est
1879 1682 1908 1706 et
1931 1676 2020 1716 quod
2048 1676 2126 1716 quid
2157 1683 2221 1706 erat
2244 1686 2310 1706 esse
2346 1683 2478 1718 utraque

1478 1719 1604 1757 habent,
1625 1718 1657 1749 in
1677 1719 1784 1749 medio
1804 1719 1860 1750 erit
1879 1720 1965 1760 prius
1985 1721 2073 1761 quod
2088 1720 2166 1760 quid
2185 1728 2248 1751 erat
2267 1731 2343 1751 esse.

1410 1764 1452 1794 Et
1477 1763 1611 1794 omnino
1635 1763 1660 1793 si
1685 1770 1731 1794 est
1754 1770 1929 1794 monstrare
1952 1765 2030 1805 quid
2054 1771 2099 1795 est
2119 1765 2230 1803 homo,
2254 1765 2294 1795 sit
2317 1765 2342 1795 C
2367 1765 2478 1803 homo,

1477 1810 1507 1838 A
1530 1817 1606 1838 vero
1630 1808 1719 1848 quod
1744 1808 1821 1849 quid
1841 1815 1897 1846 est,
1914 1808 1978 1839 sive
2002 1809 2118 1839 animal
2141 1810 2246 1849 bipes,
2273 1809 2337 1839 sive
2360 1809 2479 1850 aliquid

1479 1852 1576 1882 aliud.
1602 1852 1634 1883 Si
1657 1852 1752 1892 igitur
1775 1853 1992 1894 syllogizatur,
2016 1863 2141 1884 necesse
2165 1861 2211 1884 est
2233 1856 2262 1884 A
2285 1854 2323 1883 de
2345 1854 2371 1884 B
2390 1853 2479 1884 omni

1478 1896 1669 1937 praedIcari;
1700 1904 1730 1928 et
1752 1897 1939 1928 huiusmodi
1962 1905 2068 1928 autem
2097 1898 2154 1928 erit
2181 1898 2239 1928 alia
2264 1898 2367 1928 media
2389 1898 2478 1928 ratio.

1479 1941 1586 1978 Quare
1605 1948 1635 1972 et
1654 1942 1715 1972 hoc
1739 1942 1796 1972 erit
1819 1942 1908 1982 quod
1936 1942 2013 1983 quid
2040 1949 2086 1973 est
2110 1942 2219 1973 homo.
2243 1941 2365 1982 Accipit
2386 1942 2480 1982 igitur

1478 1986 1567 2027 quod
1587 1993 1714 2026 oportet
1741 1986 1921 2017 ostendere:
1952 1986 2068 2017 etenim
2090 1986 2116 2017 B
2148 1994 2194 2017 est
2216 1987 2304 2027 quod
2327 1986 2405 2027 quid
2435 1993 2481 2017 est

1478 2029 1629 2060 hominis.

1412 2075 1549 2116 Oportet
1573 2082 1680 2106 autem
1695 2075 1727 2106 in
1744 2075 1867 2105 duabus
1891 2075 2163 2116 propositionibus
2187 2075 2296 2115 primis
2320 2081 2350 2105 et
2368 2075 2479 2105 imme-

1478 2119 1570 2150 diatis
1595 2120 1736 2150 terminis
1761 2120 1965 2150 considerare.
1990 2120 2126 2150 Maxime
2149 2126 2256 2150 autem
2278 2119 2480 2150 manifestum

1481 2171 1527 2194 est
1550 2164 1639 2204 quod
1663 2164 1791 2203 dicitur,
1817 2164 1870 2195 sic.

1414 2208 1479 2246 Qui
1502 2208 1633 2249 quidem
1656 2209 1761 2249 itaque
1788 2219 1843 2249 per
1866 2208 2106 2239 conversionem
2130 2208 2378 2238 demonstrantes
2403 2208 2481 2248 quid

1481 2260 1528 2283 est
1544 2253 1648 2283 anima
1665 2260 1695 2284 et
1711 2253 1788 2294 quid
1808 2260 1854 2284 est
1869 2253 1980 2291 homo,
2005 2259 2060 2283 aut
2075 2252 2160 2283 aliud
2177 2252 2340 2292 quodlibet
2367 2262 2479 2282 eorum

1480 2308 1562 2338 quae
1586 2305 1670 2335 sunt,
1695 2297 1785 2338 quod
1808 2304 1854 2328 est
1877 2307 1913 2327 ex
1937 2297 2091 2337 principio
2116 2303 2236 2337 petunt.
2262 2297 2305 2327 Ut
2323 2297 2348 2326 si
2367 2297 2480 2337 aliquis

1481 2342 1609 2372 definiat
1631 2342 1771 2372 animam
1795 2352 1861 2372 esse
1878 2342 2022 2372 eamdem
2041 2341 2099 2371 sibi
2118 2341 2178 2381 ipsi
2195 2350 2322 2371 causam
2343 2341 2479 2379 vivendi,

1481 2387 1543 2417 hoc
1567 2393 1673 2417 autem
1697 2397 1867 2417 numerum
1891 2386 2030 2426 seipsum
2054 2392 2255 2423 moventem,
2284 2395 2409 2415 necesse
2432 2392 2479 2415 est

1481 2438 1602 2472 petere,
1623 2431 1648 2461 si
1672 2431 1892 2472 consequitur,
1917 2430 2056 2461 animam
2079 2430 2140 2460 hoc
2156 2439 2222 2459 esse
2238 2429 2327 2470 quod
2348 2439 2419 2460 vere
2436 2436 2483 2460 est

1482 2486 1548 2506 esse
1579 2485 1749 2506 numerum
1772 2475 1912 2515 seipsum
1932 2481 2114 2505 moventem
2133 2473 2176 2504 sic
2195 2473 2274 2504 sicut
2292 2473 2387 2504 idern.

1415 2522 1489 2552 Non
1514 2520 1598 2550 enim
1618 2520 1643 2550 si
1667 2519 1870 2560 consequitur
1888 2521 1918 2550 A
1939 2519 1998 2560 ipsi
2021 2520 2046 2550 B
2071 2525 2101 2549 et
2124 2518 2184 2548 hoc
2203 2517 2263 2558 ipsi
2279 2518 2323 2556 C,
2343 2517 2399 2548 erit
2421 2517 2481 2558 ipsi

1483 2565 1510 2596 C
1536 2567 1564 2595 A
1587 2564 1676 2605 quod
1699 2564 1777 2605 quid
1800 2571 1865 2595 erat
1881 2571 1963 2602 esse3
1988 2564 2042 2594 sed
2062 2572 2174 2593 verum
2197 2569 2261 2592 erat
2276 2562 2377 2592 dicere
2393 2563 2482 2603 quod

1484 2609 1541 2640 erit
1564 2609 1685 2639 solum:
1711 2619 1814 2649 neque
1831 2609 1856 2639 si
1873 2616 1918 2639 est
1933 2611 1962 2639 A
1985 2608 2074 2649 quod
2088 2607 2166 2648 quid
2184 2614 2230 2638 est
2246 2614 2276 2637 et
2291 2607 2329 2636 de
2353 2607 2377 2637 B
2394 2617 2480 2647 prae-

1484 2654 1604 2684 dicatur
1620 2653 1719 2684 omni.
1736 2654 1820 2683 Nam
1835 2653 1977 2683 animalis
1997 2663 2062 2683 esse
2078 2651 2273 2692 praedicatur
2292 2651 2330 2681 de
2341 2651 2479 2681 hominis

1484 2706 1568 2729 esse:
1593 2708 1704 2728 verum
1727 2698 1813 2728 enim
1837 2705 1882 2728 est
1906 2697 1944 2727 de
1967 2697 2056 2727 omni
2085 2696 2223 2726 hominis
2248 2705 2314 2726 esse
2338 2695 2479 2725 animalis

1484 2753 1570 2781 esse,
1595 2742 1676 2773 sicut
1699 2749 1729 2773 et
1751 2742 1886 2772 dicimus
1911 2751 2042 2772 omnem
2065 2741 2229 2771 hominem
2260 2749 2325 2770 esse
2348 2739 2480 2778 animal;

1485 2787 1539 2818 sed
1563 2797 1630 2817 non
1653 2787 1696 2817 sic
1716 2787 1796 2817 sicut
1818 2796 1921 2817 unum
1944 2796 2020 2816 esse.
2046 2785 2078 2815 Si
2097 2785 2227 2826 quidem
2246 2784 2340 2824 igitur
2356 2793 2421 2814 non
2438 2783 2481 2813 sic

1485 2831 1626 2871 accipiat,
1647 2841 1713 2862 non
1737 2830 1940 2872 syllogizatur
1963 2830 2051 2871 quod
2075 2831 2104 2860 A
2128 2829 2166 2859 sit
2181 2828 2214 2858 in
2229 2828 2255 2858 C
2273 2828 2304 2858 in
2329 2838 2367 2858 eo
2391 2827 2481 2868 quod

1484 2876 1563 2917 quid
1587 2882 1651 2906 erat
1675 2882 1705 2906 et
1721 2875 1903 2906 substantia.
1929 2874 1960 2905 Si
1983 2884 2058 2904 vero
2076 2873 2119 2903 sic
2135 2872 2275 2912 accipiat,
2299 2879 2375 2902 tunc
2393 2872 2480 2911 prius

1484 2921 1542 2951 erit
1556 2921 1710 2960 accipiens
1730 2920 1819 2960 quod
1834 2919 1866 2949 in
1882 2918 1909 2949 C
1925 2926 1971 2949 est
1986 2918 2018 2948 in
2034 2927 2072 2948 eo
2087 2918 2175 2958 quod
2190 2916 2267 2957 quid
2283 2923 2347 2946 erat
2362 2926 2427 2946 esse
2443 2916 2480 2946 B.

1485 2966 1591 3003 Quare
1613 2975 1678 2995 non
1700 2965 1950 2994 demonstratum
1965 2970 2024 2993 est:
2048 2962 2135 3003 quod
2151 2961 2236 2991 enim
2257 2967 2321 2991 erat
2343 2960 2375 2990 in
2394 2960 2480 3000 prin-

1486 3009 1570 3050 cipio
1595 3009 1723 3049 accepit.

1417 3104 1506 3133 dicari
1527 3105 1556 3132 in
1571 3114 1607 3133 eo
1623 3105 1703 3141 quod
1718 3104 1787 3141 quid
1802 3109 1844 3132 est
1858 3104 1893 3131 de
1909 3103 2019 3136 medio;
2035 3109 2063 3130 et
2077 3101 2203 3130 medium
2220 3101 2250 3129 in
2265 3110 2300 3129 eo
2316 3100 2395 3137 quod
2409 3099 2480 3137 quid

1417 3151 1460 3172 est
1473 3145 1509 3172 de
1532 3144 1637 3172 minori
1660 3144 1845 3172 extremitate.
1859 3153 1912 3179 -7.
1929 3143 1988 3170 Nisi
2010 3143 2063 3170 hae
2084 3143 2158 3169 duae
2179 3140 2358 3169 conditiones
2380 3140 2479 3167 obser-

1416 3191 1526 3218 ventur,
1543 3183 1725 3220 syllogismus
1744 3192 1805 3211 non
1826 3189 1920 3219 potest
1935 3183 2104 3210 concludere
2119 3181 2259 3209 maiorem
2273 3179 2479 3208 extremitatem

1417 3233 1479 3251 esse
1501 3224 1581 3260 quod
1605 3223 1675 3260 quid
1690 3229 1732 3250 est
1753 3222 1874 3250 minoris
1888 3221 2079 3256 extremitatis,
2095 3230 2199 3257 nempe
2222 3219 2341 3248 subiecti
2362 3219 2479 3247 conclu-

1417 3262 1516 3291 sionis.
1528 3279 1547 3284 -
1557 3263 1584 3290 8.
1600 3263 1657 3290 Sed
1682 3262 1726 3289 his
1740 3262 1850 3298 positis,
1866 3271 1926 3289 non
1940 3268 2034 3298 potest
2049 3260 2164 3297 probari
2179 3260 2258 3296 quod
2273 3259 2343 3296 quid
2357 3265 2407 3294 est,
2423 3258 2479 3286 nisi

1416 3303 1543 3339 petendo
1558 3301 1740 3338 principium.
1752 3318 1771 3322 —
1781 3311 1808 3337 9.
1824 3302 1991 3329 Declaratur
2005 3307 2144 3329 assertum
2159 3299 2289 3336 exemplo
2305 3298 2480 3326 definitionis

1417 3341 1552 3370 hominis.
1563 3357 1582 3362 -
1597 3351 1640 3369 ιο.
1656 3342 1761 3369 Modus
1776 3350 1835 3377 quo
1851 3341 1907 3368 hoc
1921 3340 2125 3368 inconveniens
2142 3340 2176 3367 de
2191 3338 2328 3375 petitione
2347 3337 2481 3375 principii

1417 3388 1562 3418 sequatur,
1578 3381 1804 3409 considerandus
1819 3386 1862 3407 est
1882 3381 1911 3408 in
1926 3381 2038 3408 duabus
2059 3379 2215 3416 syllogismi
2233 3377 2481 3415 propositionibus

1418 3421 1601 3449 immediatis.
1619 3437 1638 3442 -
1663 3430 1672 3448 x
1683 3430 1706 3448 1.
1731 3419 1892 3448 Adducitur
1920 3419 1950 3447 in
1974 3419 2135 3455 exemplum
2165 3418 2293 3446 definitio
2321 3417 2435 3446 animae
2463 3426 2481 3446 a

1418 3462 1538 3489 Platone
1559 3460 1670 3488 tradita.
1686 3477 1705 3481 —
1724 3467 1767 3487 12.
1790 3460 1932 3487 Probatur
1953 3460 2032 3496 quod
2053 3458 2179 3495 praefata
2200 3457 2407 3486 demonstratio
2428 3457 2480 3484 τοῦ

1419 3501 1499 3538 quod
1521 3500 1590 3537 quid
1612 3506 1654 3528 est
1675 3500 1710 3527 sit
1730 3499 1830 3536 petitio
1851 3498 1997 3536 principii;
2020 3498 2088 3535 quia
2110 3497 2228 3534 ponitur
2251 3498 2331 3535 quod
2352 3497 2481 3525 medium

1419 3541 1454 3569 sit
1468 3550 1561 3568 unum
1583 3546 1610 3568 et
1624 3539 1700 3567 idem
1722 3549 1788 3567 cum
1805 3545 1929 3576 utroque
1943 3545 2080 3573 extremo,
2096 3545 2123 3566 et
2144 3544 2354 3574 consequenter
2372 3545 2480 3573 suppo-

1419 3581 1496 3608 nitur
1511 3580 1591 3617 quod
1605 3586 1647 3608 est
1661 3579 1844 3616 probandum
1854 3601 1861 3615 ,
1883 3588 1987 3616 nempe
2001 3578 2098 3615 ipsum
2119 3578 2199 3615 quod
2213 3577 2282 3615 quid
2297 3583 2340 3605 est
2360 3576 2481 3605 minoris

1419 3627 1546 3649 extremi.

2495 935 2624 989 '‘rgipyv'
