2548 4192
197 285 336 310 CCCXLll

263 354 396 384 Brevem
419 352 513 383 aliam
536 353 639 383 sancti
669 352 820 392 Gregorii
849 352 945 382 vitam
975 350 1149 380 Bollandus
1173 349 1270 380 edidit

197 399 237 429 ad
254 398 338 428 diem
364 407 399 427 12
418 397 531 435 martii,
557 406 655 437 quam
674 396 891 427 elucubratam
915 395 957 425 ait
979 394 1018 424 ab
1037 399 1171 424 auctore
1193 403 1270 424 ano—

199 453 298 485 nymo
312 442 583 483 sedsrnchrono.
614 441 775 471 Liberatae
799 440 837 470 ab
861 439 967 469 inferis
995 437 1119 468 animae
1142 437 1271 468 Traiani

199 482 344 527 precibus
364 486 507 526 Gregorii
530 485 637 524 Magni
661 484 792 515 refertur
820 483 950 514 historia
974 492 1062 513 num.
1091 492 1131 523 27
1156 482 1271 512 eodem

199 532 263 562 fere
279 531 389 568 modo,
401 540 467 571 quo
483 539 553 560 eam
567 535 677 568 postea
692 529 824 558 Ioannes
839 527 1000 558 Diaconus
1016 527 1160 558 narravit.
1177 526 1270 567 Opus

198 576 283 607 istud
299 576 400 606 Paulo
415 575 572 610 Diacono,
594 572 705 603 celebri
723 572 1009 612 Langobardorum
1033 571 1181 602 historiae
1197 570 1269 601 scri-

199 620 294 660 ptori,
318 619 373 660 qui
397 618 522 648 saeculo
547 623 658 647 octavo
683 623 834 656 provecto
858 615 1006 654 florebat,
1030 615 1212 646 adiudicant
1234 625 1270 646 ac

198 664 357 695 vindicant
372 662 582 693 Mabillonius
604 661 731 691 saeculo
756 661 767 690 1
792 660 997 691 Benedictino
1022 666 1052 690 et
1070 660 1151 691 inter
1165 666 1271 690 vetera

198 709 348 739 Analecta
370 717 442 747 pag.
457 705 522 745 498
546 705 579 735 in
598 705 736 735 editione
760 704 925 735 parisiensi
943 704 977 734 in
997 704 1087 742 folio,
1107 715 1143 735 ac
1168 704 1271 735 editor

197 752 398 790 doctissimus
418 759 552 790 operum
568 749 754 779 sanctissimi
768 748 929 780 Pontificis
946 755 1038 779 tomo
1053 749 1107 787 lV,
1119 749 1174 779 ubi
1189 758 1269 778 non-

198 797 301 827 nullae
326 796 492 825 solvuntur
517 793 725 831 difficultates,
749 804 831 834 quae
854 793 1009 824 adversari
1032 793 1187 824 videntur.

263 840 406 871 Dubium
435 838 642 868 nihilominus
671 845 779 869 movet
805 839 987 879 Lequienus
1016 838 1048 868 in
1073 837 1270 868 Praefatione

197 884 333 926 generali
357 884 389 914 in
414 892 531 913 novam
548 883 694 923 Operum
713 883 901 914 Damasceni
916 882 1089 913 editionem
1108 892 1198 912 num.
1217 889 1268 912 20:

200 944 214 958 «
236 930 374 960 Ioannes
396 929 562 958 Diaconus
592 926 782 969 (inquiens)
808 927 935 958 nonnisi
959 937 1001 958 ex
1030 927 1214 968 Anglorum
1240 931 1270 957 et

199 987 212 1001 »
236 973 401 1004 Saxonum
427 972 598 1003 traditione
621 971 764 1012 perhibet
789 979 934 1002 sanctum
963 971 1166 1010 Pontificem,
1191 972 1270 1001 dum

198 1031 212 1045 »
235 1017 362 1058 publice
390 1017 587 1057 procederet,
617 1016 694 1047 fusis
718 1017 758 1047 ad
781 1017 887 1047 Deum
910 1016 1057 1056 precibus
1085 1016 1270 1056 impetrasse

199 1076 213 1090 »
237 1070 271 1093 ut
299 1062 432 1092 Traiani
454 1061 667 1102 Imperatoris
690 1061 796 1091 anima
826 1062 864 1091 ab
889 1060 1002 1091 inferni
1026 1061 1188 1101 suppliciis
1213 1061 1269 1092 eri-

198 1120 212 1134 »
235 1113 375 1147 peretur:
401 1106 545 1146 adeoque
571 1106 704 1136 Ioannis
727 1110 850 1143 aetate,
875 1106 964 1136 nulla
987 1105 1047 1135 alia
1070 1106 1193 1137 Romae
1216 1112 1271 1136 aut

198 1164 212 1179 »
235 1151 322 1192 apud
352 1151 453 1181 Italos
483 1157 693 1180 monumenta
716 1151 880 1188 extabant,
912 1150 1028 1191 quibus
1061 1160 1097 1180 ea
1127 1150 1270 1181 liberatio

197 1209 211 1223 ιν
235 1197 457 1227 adstrueretur.
483 1195 559 1232 Quo
576 1194 656 1225 circa
675 1194 707 1225 in
724 1195 860 1225 dubium
875 1195 951 1225 verti
972 1194 1082 1235 possit,
1100 1205 1179 1225 num
1202 1195 1270 1225 Vita

198 1254 213 1268 »
235 1242 340 1271 altera
367 1239 519 1280 Gregorii
541 1239 679 1277 brevior,
703 1239 736 1269 in
760 1250 823 1280 qua
847 1239 977 1279 perinde
1000 1239 1122 1270 liberati
1141 1239 1270 1270 Traiani

199 1299 213 1313 >›
236 1284 357 1315 mentio
381 1283 427 1322 fit,
451 1284 554 1314 Paulo
577 1284 724 1314 Diacono
739 1290 769 1314 et
783 1284 944 1314 Monacho
969 1283 1151 1314 Cassinensi
1175 1283 1270 1315 tribui

197 1342 212 1356 2·
235 1330 362 1367 debeat;
387 1338 461 1359 curn
478 1334 600 1358 certum
619 1328 658 1358 sit
682 1328 834 1358 Ioannem
849 1328 1031 1359 Diaconum
1050 1329 1236 1359 adornatam
1252 1338 1270 1358 a

198 1387 212 1401 »
236 1374 336 1405 Paulo
352 1372 495 1413 Gregorii
515 1372 612 1402 vitam
632 1382 705 1412 prae
721 1372 880 1410 manibus,
903 1373 982 1403 dum
996 1373 1162 1403 historiam
1178 1383 1270 1403 suam

198 1432 212 1446 »
236 1418 393 1455 scriberet,
418 1417 563 1447 habuisse
588 1423 618 1447 et
642 1417 848 1447 consuluisse.
863 1430 877 1444 >›
909 1417 983 1448 Sine
1007 1417 1106 1447 dubio
1130 1418 1270 1448 Ioannes

193 1464 360 1494 Diaconus
375 1462 560 1492 adornatam
574 1471 591 1491 a
603 1461 704 1491 Paulo
719 1461 818 1491 vitam
833 1471 866 1491 se
882 1461 1092 1499 consuluisse,
1101 1461 1175 1492 satis
1188 1461 1267 1492 indi-

194 1514 243 1539 cat
257 1507 338 1538 libro
355 1506 408 1544 IV,
424 1515 504 1536 num
515 1513 571 1546 99:
596 1505 697 1536 Cuius
711 1503 884 1547 (Gregorii)
903 1506 1085 1536 venerabile
1104 1507 1268 1544 meritum,

194 1552 362 1592 inquiens,
389 1560 552 1591 quousque
577 1550 688 1580 mundi
705 1551 801 1581 huius
825 1550 927 1580 orbita
952 1551 1112 1588 volvitur,
1137 1556 1172 1581 ut
1195 1560 1267 1581 cum

195 1597 298 1627 Paulo
322 1597 390 1626 viro
413 1595 620 1626 disertissimo
635 1594 763 1635 fatear,
786 1604 914 1635 semper
936 1596 1069 1636 accipiet
1092 1596 1268 1626 incremen-

195 1646 262 1672 tum
287 1647 345 1670 etc.
371 1642 413 1670 At
435 1639 512 1669 haec
536 1639 647 1669 eadem
669 1639 818 1678 leguntur
841 1639 936 1670 verba
958 1639 992 1670 in
1022 1640 1090 1670 Vita
1113 1637 1268 1677 breviori,

196 1686 235 1716 de
259 1694 323 1725 qua
347 1683 469 1724 agimus
498 1682 530 1712 in
554 1682 633 1714 fine:
665 1683 837 1714 Caeterum
861 1684 1015 1724 quamdiu
1039 1685 1152 1716 mundi
1174 1685 1270 1715 huius

196 1730 299 1760 orbita
324 1729 473 1765 volvitur,
499 1728 568 1758 eius
591 1727 754 1759 laudabile
777 1729 926 1759 meritum
950 1738 1076 1770 semper
1091 1730 1207 1770 accipit
1222 1730 1269 1760 in-

196 1778 393 1805 crementum
419 1779 476 1803 etc.
512 1771 580 1802 Cur
603 1782 677 1812 ergo
706 1773 834 1803 Traiani
864 1773 1102 1812 liberationem,
1132 1784 1214 1815 quae
1237 1773 1270 1804 in

196 1818 307 1849 eadem
330 1817 392 1848 vita
415 1816 539 1857 legitur,
564 1824 722 1848 memoret
745 1818 885 1848 Ioannes
908 1818 1075 1850 Diaconus
1091 1819 1145 1849 abs
1168 1829 1200 1850 se
1217 1819 1269 1850 de-

197 1863 345 1902 scriptam
374 1871 415 1892 ex
442 1861 625 1902 Anglorum
657 1862 900 1893 monumentis?
927 1863 1156 1894 Adnotaverim
1188 1871 1268 1904 ego:

196 1908 348 1938 Ioannem
371 1906 452 1936 libro
476 1906 502 1936 ΙΙ
528 1917 545 1936 ει
569 1916 658 1936 num.
684 1907 723 1937 33
749 1917 840 1947 agere
862 1907 903 1938 de
925 1908 1109 1948 Anglorum
1139 1918 1269 1940 conver-

195 1953 302 1983 sione:
325 1957 355 1981 et
374 1961 463 1981 num.
480 1960 517 1990 41
547 1951 586 1981 de
609 1950 761 1992 Gregorii
785 1953 964 1990 miraculis,
988 1962 1071 1993 quae
1088 1963 1189 1993 penes
1204 1954 1270 1984 An-

196 1997 328 2037 glorum
343 1995 506 2026 Ecclesias
523 1996 621 2036 vulgo
638 1996 838 2036 legebantur.
856 1996 976 2034 Quidni
997 1998 1131 2028 Traiani
1137 1998 1269 2039 factum

197 2041 277 2071 inter
300 2050 336 2070 ea
355 2039 506 2070 miracula
524 2040 634 2071 locum
653 2038 817 2071 habuerit?
837 2041 918 2072 Illud
937 2051 1011 2082 ergo
1029 2052 1066 2073 ex
1080 2044 1271 2084 Anglicanis

198 2085 430 2122 monumentis,
464 2094 501 2114 ex
529 2084 645 2125 quibus
673 2085 734 2115 alia
762 2085 967 2125 decerpebat,
996 2097 1141 2126 promere
1169 2087 1272 2118 voluit

197 2130 346 2160 Ioannes:
372 2128 460 2169 quod
477 2129 657 2170 caeteroqui
680 2129 712 2160 in
735 2129 798 2160 vita
813 2140 831 2160 a
845 2131 946 2161 Paulo
970 2131 1132 2170 adornata,
1152 2132 1270 2163 eidem-

197 2184 260 2215 que
285 2173 395 2203 Ioanni
419 2180 506 2211 nota,
531 2174 663 2204 extabat.

263 2218 383 2255 Quidni
413 2217 508 2248 etiam
540 2218 620 2249 inter
652 2218 729 2249 haec
756 2219 939 2260 Anglorum
973 2221 1125 2252 historica
1159 2231 1269 2252 monu-

197 2268 304 2294 menta
319 2263 428 2292 locum
442 2262 555 2293 habeat
575 2263 766 2294 venerabilis
779 2264 887 2295 Bedae
912 2266 976 2296 vita
999 2266 1103 2296 sancti
1118 2266 1271 2307 Gregorii

196 2308 326 2348 Magni,
343 2317 441 2347 quam
453 2306 644 2338 Guillelmus
660 2307 744 2339 Cave
762 2316 901 2340 recenset
919 2310 999 2340 inter
1014 2310 1158 2341 eiusdem
1173 2321 1270 2351 opera

197 2352 351 2383 anecdota
374 2361 416 2382 ex
434 2352 618 2383 bibliotheca
638 2353 767 2394 collegii
786 2352 1022 2386 Mertonensis?
1042 2355 1111 2395 Ipse
1135 2355 1269 2386 Ioannes

197 2396 229 2426 in
253 2395 446 2436 praefatione
471 2404 628 2428 memorat
650 2399 754 2428 sancti
779 2398 932 2439 Gregorii
955 2405 1028 2430 acta
1056 2400 1183 2439 vulgata
1205 2400 1269 2430 iam

199 2451 265 2471 esse
288 2440 375 2480 apud
398 2440 544 2471 Saxones
567 2446 597 2471 et
619 2442 707 2482 apud
730 2443 980 2484 Langobardos:
1002 2444 1089 2484 apud
1112 2444 1182 2475 illos
1206 2444 1269 2476 for-

197 2492 278 2516 tasse
302 2494 383 2524 quae
402 2484 487 2515 Beda
510 2485 718 2524 elucubravit3
743 2487 829 2527 apud
852 2487 929 2518 istos
956 2498 1039 2529 quae
1054 2489 1172 2520 Paulus
1195 2489 1268 2520 Dia-

198 2539 297 2560 conus
324 2536 555 2569 composuerat.
581 2529 727 2570 Operum
757 2531 855 2562 sancti
879 2531 1023 2572 Gregorii
1051 2533 1154 2564 editor
1176 2534 1268 2564 Sam-

199 2582 373 2604 mauraeus
401 2573 529 2604 adnotat
561 2573 594 2604 in
626 2574 819 2614 praefatione
846 2576 898 2607 De
921 2578 1040 2617 tnfflici
1071 2579 1136 2609 vita
1166 2579 1270 2610 sancti

200 2618 351 2658 Gregorii
375 2627 463 2648 num.
488 2619 539 2648 13:
565 2618 744 2658 Specirnina
767 2620 925 2660 quaedam
946 2622 1040 2659 vitae,
1065 2632 1147 2663 quae
1161 2623 1270 2654 Bedae

197 2662 345 2693 tribuitur
359 2661 436 2692 etin
454 2661 598 2704 Collegio
621 2664 821 2695 Mertonensi
844 2664 1035 2704 adservatur,
1060 2673 1188 2697 curante
1203 2668 1268 2697 Ma-

197 2706 342 2745 billonio,
358 2705 512 2746 accepisse
527 2717 546 2737 a
559 2706 688 2738 Thoma
702 2707 795 2746 Gals;
815 2709 1043 2750 agnovisseque
1069 2710 1167 2741 vitam
1181 2711 1270 2741 illam

198 2751 344 2781 eamdem
376 2760 443 2781 esse
476 2761 550 2782 cum
582 2751 721 2783 breviori
750 2752 846 2783 Pauli
868 2753 1007 2785 Diaconi
1036 2755 1268 2786 lucubratione.

198 2795 282 2826 Hinc
294 2789 415 2825 ‘loanni
439 2795 582 2826 Diacono
611 2796 740 2836 perinde
769 2796 829 2828 fuit
859 2804 1063 2829 monumenta
1086 2799 1270 2840 Anglicana

198 2839 291 2870 citare
315 2849 350 2870 ac
373 2839 476 2879 ipsam
501 2841 596 2871 vitam
620 2841 715 2871 Pauli
738 2841 876 2872 Diaconi
898 2842 979 2873 inter
1002 2853 1038 2873 ea
1060 2851 1271 2875 monumenta

198 2891 364 2923 repertam.
389 2884 553 2915 Baronius
575 2885 616 2915 ad
636 2895 757 2916 annum
772 2886 848 2925 604,
873 2896 962 2917 num.
983 2887 1022 2917 30
1047 2888 1128 2918 duos
1145 2895 1269 2919 tantum

199 2928 267 2958 eius
281 2928 409 2959 Traiani
423 2928 582 2967 historiae,
595 2939 678 2970 quos
700 2937 839 2969 noverat,
853 2930 1020 2971 scriptores
1044 2932 1163 2971 laudat,
1179 2933 1269 2963 Ioan-

199 2982 273 3003 nem
289 2972 524 3003 Damascenum
548 2980 578 3004 et
602 2973 753 3005 Ioannem
770 2974 960 3006 Diaconum.
985 2976 1158 3017 Scriptores
1176 2977 1269 3008 inno-

199 3023 332 3054 tescunt,
356 3027 497 3058 quorum
512 3016 574 3048 fide
591 3017 747 3049 nitebatur
762 3019 891 3050 Traiani
908 3019 1107 3060 Imperatoris
1126 3021 1268 3052 liberatio

200 3061 239 3091 ab
262 3060 375 3091 inferni
399 3061 596 3093 cruciatibus.

267 3105 319 3135 111.
344 3107 396 3135 An
419 3115 493 3136 vero
525 3106 647 3137 admitti
675 3117 711 3137 ea
739 3107 850 3138 debeat
879 3118 954 3138 cum
983 3109 1090 3140 litteris
1122 3110 1269 3141 mandata

200 3148 293 3179 fuerit
316 3159 333 3179 a
352 3149 423 3179 viris
438 3149 539 3180 laudis
556 3151 727 3190 praeconio
743 3151 953 3191 dignissimis?
976 3156 1027 3184 An
1043 3155 1189 3185 eamdem
1206 3165 1268 3185 cre-

199 3193 311 3224 diderit
333 3201 458 3224 sanctus
482 3192 647 3225 Thomas?
671 3196 899 3233 Quaestionem
916 3197 1051 3236 primam
1067 3198 1186 3230 dirimit
1203 3200 1268 3230 Ba-

200 3238 311 3269 ronius
326 3238 398 3268 loco
416 3238 521 3276 citato,
540 3239 702 3279 vulgatam
720 3239 883 3271 historiam
902 3241 1084 3281 reiiciendo,
1104 3250 1269 3285 tamquam

201 3281 348 3312 fabellam
379 3282 596 3322 excogitatam.
631 3283 798 3315 Consentit
828 3285 957 3317 Natalis
986 3288 1174 3319 Alexander
1203 3298 1268 3318 sae-

200 3326 272 3356 culo
290 3326 316 3356 11
340 3336 429 3357 aerae
453 3326 646 3366 christianae,
671 3328 886 3360 dissertatione
901 3340 923 3368 1,
940 3331 1083 3371 pluribus
1100 3333 1269 3363 ostendens

201 3369 319 3400 factum
343 3371 432 3411 quod
455 3378 614 3410 narratur,
644 3372 846 3412 apertissimis
870 3384 1044 3415 repugnare
1070 3376 1169 3408 sancti
1192 3376 1268 3408 Gre-

200 3414 278 3453 gorii
294 3415 503 3457 documentis,
523 3426 604 3457 quae
623 3416 655 3446 in
675 3416 742 3447 eius
761 3417 909 3457 operibus
924 3427 1102 3452 occurrunt.
1129 3421 1164 3451 ln
1183 3431 1268 3452 eam-

199 3458 273 3488 dem
297 3459 483 3490 sententiam
505 3460 648 3491 concedit
667 3461 868 3493 doctissimus
888 3470 989 3494 asceta
1012 3464 1267 3504 Sammauraeus,

202 3511 335 3541 operum
359 3504 545 3534 sanctissimi
569 3505 730 3536 Pontificis
754 3506 865 3545 editor,
895 3514 986 3538 tomo
1006 3509 1048 3539 lv
1070 3509 1104 3540 in
1126 3509 1190 3541 vita
1213 3510 1267 3541 abs

202 3555 234 3575 se
257 3546 443 3578 concinnata
466 3548 547 3578 libro
571 3549 623 3587 111,
648 3550 748 3590 capite
771 3561 791 3581 x
814 3561 832 3581 a
855 3561 944 3583 num.
974 3553 1002 3583 5.
1027 3553 1139 3594 Neque
1162 3554 1269 3585 solum

201 3598 259 3628 pro
296 3591 510 3622 commentitia
540 3592 642 3632 ipsam
672 3593 788 3625 habent
818 3594 1002 3635 historiam;
1034 3607 1147 3628 verum
1175 3598 1269 3629 etiam

202 3631 314 3672 effugia
338 3634 521 3673 explodunt,
546 3646 563 3666 a
587 3637 704 3667 Ioanne
721 3638 864 3669 Diacono
889 3640 1072 3680 excogitata.
1098 3641 1269 3682 Scriptores

941 269 1401 308 DISSERTATIONES
1431 270 1680 308 CRITICAE

1325 348 1415 387 alios,
1440 359 1575 380 numero
1599 350 1706 390 plures
1730 357 1761 381 et
1779 351 1956 383 eruditione
1979 360 2172 393 praestantes
2192 354 2320 393 omitto,
2344 356 2402 397 qui

1324 392 1357 422 in
1381 394 1528 424 eamdem
1551 394 1699 424 fabellam
1731 395 1974 428 insurrexerunt.
2000 398 2087 429 Haec
2114 408 2190 429 vero
2224 398 2402 439 adnotasse,

1324 446 1397 467 mea
1420 437 1501 469 inter
1524 438 1650 478 negotia
1674 445 1748 470 erat.

1392 482 1445 513 IV.
1469 483 1522 512 Ad
1536 490 1683 513 sanctum
1697 483 1862 514 Thomam
1875 485 1966 525 quod
1980 485 2101 524 attinet,
2125 486 2276 518 vindicias
2294 488 2402 528 primo

1323 525 1397 556 loco
1411 522 1445 556 in
1459 527 1605 557 medium
1628 527 1768 567 profero,
1793 538 1872 569 quas
1887 529 1950 569 egit
1971 530 2103 561 Natalis
2115 531 2305 562 Alexander
2326 533 2401 564 loco

1325 569 1419 600 citato
1435 569 1496 612 (ad
1510 571 1619 602 obiect.
1629 570 1686 613 5).·
1704 585 1718 600 ⁴<
1731 572 1870 604 Sanctus
1891 574 2028 605 nomas
2052 585 2119 606 non
2142 576 2250 607 asserit
2265 577 2402 617 positive

1328 626 1342 641 »
1364 614 1494 645 Traiani
1517 615 1737 646 liberationem
1763 617 1802 647 ab
1818 617 1937 656 inferis,
1961 619 2106 658 precibus
2131 620 2229 651 sancti
2256 621 2401 662 Gregorii

1327 670 1341 684 >
1364 658 1580 698 impetratam:
1597 660 1651 690 sed
1667 661 1830 701 supposita
1847 662 1992 700 historia,
2004 673 2102 704 quam
2117 672 2247 705 propter
2255 667 2401 706 putatitii

1328 714 1342 729 ³>
1363 703 1564 734 Damasceni
1575 704 1795 735 auctoritatem
1809 705 1914 737 noluit
1923 706 2064 747 reiicere;
2078 717 2136 738 nec
2148 708 2208 748 ipsi
2224 710 2400 741 accuratius

1327 758 1341 773 >v
1365 748 1540 787 expendere
1551 747 1642 778 licuit
1653 755 1784 789 propter
1794 749 1951 780 librorum
1962 751 2130 791 penuriam
2141 752 2180 783 iis
2190 754 2398 794 temporibus:

1327 802 1341 817 2·
1365 801 1401 821 ea
1413 791 1587 831 respondit,
1604 802 1686 833 quae
1695 793 1896 832 probabilius
1910 795 2095 834 responderi
2113 804 2269 836 poterant.
2285 799 2400 840 Neque

1327 847 1342 862 »
1365 835 1452 865 enim
1482 835 1563 866 solet
1591 843 1717 867 sanctus
1740 837 1885 868 Thomas
1917 837 1998 870 facta
2028 839 2177 871 historica
2205 843 2399 882 expendere,

1327 891 1342 907 »
1364 889 1470 920 neque
1483 879 1517 910 id
1532 880 1591 910 sibi
1605 881 1777 920 proposuit
1791 881 1825 911 in
1839 882 1974 913 Summa
1990 890 2045 914 aut
2063 884 2131 914 aliis
2147 884 2323 925 Operibus:
2344 888 2400 918 sed

1328 936 1342 951 »
1365 924 1473 954 solum
1489 931 1525 955 ut
1537 924 1738 965 quaestiones
1753 925 1947 966 theologicas
1962 928 2152 959 scholastica
2172 930 2318 961 methodo
2331 941 2401 971 per-

1327 981 1342 996 >›
1365 975 1518 999 tractaret.
1540 969 1633 1000 Unde
1650 979 1726 1000 cum
1739 970 1933 1010 argumentis
1949 972 2131 1011 respondet,
2146 973 2298 1007 historico
2304 975 2403 1016 facto

1327 1025 1342 1040 »
1364 1012 1495 1052 innixis;
1520 1012 1587 1044 eius
1611 1013 1835 1054 responsiones
1862 1015 2086 1056 hypotheticae
2114 1024 2189 1048 sunt
2217 1018 2402 1058 dumtaxat,

1327 1070 1341 1084 »
1364 1067 1431 1087 non
1454 1057 1630 1089 absolutae.
1662 1058 1729 1089 Nec
1753 1059 1894 1099 postulat
1916 1070 2044 1091 summa
2075 1068 2106 1092 et
2135 1062 2276 1102 angelica
2303 1064 2402 1095 sancti

1327 1114 1342 1130 »
1364 1101 1512 1132 Thomae
1527 1102 1674 1142 eruditio,
1699 1110 1735 1134 ut
1749 1103 1895 1134 historias
1919 1114 2031 1136 omnes
2055 1105 2163 1146 ipsum
2187 1107 2313 1138 scivisse
2339 1108 2401 1140 exi·

1326 1158 1341 1173 2»
1364 1146 1547 1177 stimemus:
1573 1147 1623 1177 vel
1648 1157 1699 1177 eas
1723 1158 1805 1188 quae
1828 1148 1948 1189 passim
1962 1159 2022 1180 suo
2037 1156 2182 1191 tempore
2205 1151 2401 1184 iactabantur

1326 1203 1341 1217 ›
1364 1197 1400 1221 ut
1414 1201 1516 1230 verae,
1541 1192 1715 1232 expendere
1739 1192 1881 1232 potuisse
1905 1193 2023 1234 absque
2042 1194 2139 1233 libris,
2157 1195 2272 1236 quibus
2290 1207 2400 1228 earum

1326 1247 1340 1261 ν
1363 1236 1550 1275 probaretur
1572 1235 1685 1267 veritas
1715 1243 1770 1267 aut
1799 1236 1935 1268 falsitas:
1960 1238 2011 1269 vel
2035 1239 2212 1271 examinare
2236 1251 2272 1271 ac
2295 1241 2400 1272 discu-

1326 1291 1340 1306 »
1363 1286 1428 1310 tere
1452 1280 1598 1310 debuisse
1622 1287 1744 1321 praeter
1767 1291 1865 1312 suum
1887 1282 2085 1321 institutum,
2110 1294 2177 1325 quo
2201 1294 2269 1315 non
2297 1286 2399 1316 Tathi-

1326 1336 1341 1351 »
1364 1334 1447 1362 cam,
1473 1324 1528 1355 sed
1551 1324 1782 1356 Scholasticam
1806 1326 2003 1367 theologiam
2026 1329 2193 1359 tractabat:
2218 1329 2274 1360 sed
2292 1330 2400 1361 solum

1326 1380 1340 1395 »
1364 1375 1399 1399 ut
1426 1379 1690 1410 propugnemus,
1721 1370 1801 1400 nihil
1828 1370 1943 1402 melius
1974 1378 2030 1403 aut
2055 1372 2188 1404 solidius
2215 1374 2400 1415 responderi

1326 1425 1341 1440 »
1363 1412 1518 1452 potuisse,
1541 1415 1704 1454 supposita
1725 1414 1895 1456 factorum
1921 1417 2072 1455 veritate,
2097 1427 2196 1458 quam
2219 1419 2309 1459 quod
2331 1418 2400 1459 ipse

1327 1469 1341 1484 »
1363 1457 1536 1497 respondit.
1551 1469 1566 1484 2·
1592 1458 1682 1488 Paria
1705 1458 1863 1490 disserunt
1882 1460 1993 1491 caeteri
2017 1462 2115 1493 sancti
2134 1462 2283 1494 Thomae
2299 1463 2399 1506 Aqui-

1324 1501 1405 1532 natis
1429 1501 1579 1532 vindices.

1390 1545 1429 1576 V.
1454 1545 1632 1576 Validiores
1648 1546 1753 1577 adhuc
1776 1547 1855 1578 mihi
1873 1548 1984 1579 videor
2006 1549 2159 1581 vindicias
2181 1561 2273 1592 agere
2294 1562 2400 1593 posse.

1324 1589 1501 1620 Historiam
1525 1590 1644 1620 scilicet
1666 1590 1755 1621 illam
1779 1592 1909 1623 credidit
1930 1603 2110 1634 numquam
2128 1595 2290 1636 Aquinas:
2316 1606 2402 1627 eam-

1323 1644 1398 1675 que,
1418 1641 1515 1674 prout
1530 1634 1698 1674 ferebatur,
1724 1637 1977 1668 commentitiam
2001 1638 2207 1670 existimabat.
2232 1642 2280 1671 Ac
2294 1641 2402 1681 primo

1324 1678 1470 1709 meminit
1493 1679 1561 1709 eius
1585 1679 1665 1710 inter
1688 1679 1877 1712 abiectiones
1900 1682 2081 1721 dumtaxat,
2106 1693 2188 1724 quae
2211 1683 2279 1715 fieri
2302 1691 2403 1716 aetate

1323 1723 1377 1754 ina
1401 1730 1510 1754 contra
1533 1723 1752 1764 theologicum
1776 1725 1894 1765 dogma
1917 1726 2076 1758 solebant:
2101 1728 2214 1759 eadem
2228 1739 2304 1760 vero
2323 1739 2402 1761 usus

1324 1774 1372 1799 est
1395 1778 1592 1809 numquam,
1619 1775 1655 1799 ut
1678 1778 1777 1809 quam
1800 1770 1943 1801 tradebat
1964 1771 2179 1812 theologicam
2202 1773 2400 1813 doctrinam,

1324 1811 1472 1843 firmaret.
1499 1813 1602 1854 Ipsius
1626 1812 1739 1843 deinde
1762 1813 1911 1846 historiae
1935 1825 2017 1856 quae
2041 1816 2267 1857 obiiciebatur,
2297 1828 2402 1860 neque

1325 1858 1490 1888 veritatem
1514 1859 1683 1898 supponit:
1705 1868 1781 1889 cum
1804 1859 1980 1891 solutiones
1999 1860 2157 1901 adhibeat,
2181 1872 2264 1903 quae
2280 1862 2401 1894 factum

1325 1908 1480 1940 evertunt,
1505 1909 1602 1943 prout
1626 1901 1793 1934 ferebatur.

1391 1947 1615 1978 Damascenus
1631 1954 1662 1978 et
1677 1947 1817 1978 Ioannes
1833 1948 1999 1979 Diaconus
2017 1948 2184 1990 inquiunt:
2210 1950 2402 1992 Gregorium

1319 2000 1383 2031 pro
1403 1991 1537 2022 Traiani
1551 1991 1741 2022 delictorum
1756 1992 1988 2024 condonatione
2006 2000 2062 2024 aut
2076 2004 2175 2035 super
2190 2005 2303 2027 errore
2317 1997 2401 2028 eius-

1324 2035 1395 2067 dem
1420 2035 1604 2067 exauditum
1634 2035 1749 2067 fuisse:
1778 2036 1951 2078 datamque
1979 2038 2120 2069 Traiano
2147 2040 2286 2071 ueniam.
2314 2041 2403 2072 Haec

1325 2090 1391 2111 non
1416 2079 1524 2111 solum
1547 2090 1615 2111 non
1629 2080 1795 2121 adprobat,
1810 2081 1866 2111 sed
1881 2091 1984 2123 neque
2000 2081 2036 2113 u't
2049 2092 2121 2114 vera
2137 2084 2292 2124 supponit
2301 2085 2402 2127 Aqui-

1325 2132 1398 2156 nas:
1422 2124 1490 2155 imo
1513 2132 1679 2166 tamquam
1698 2124 1775 2156 falsa
1789 2125 1940 2166 explodit.
1966 2127 2002 2157 Id
2025 2137 2129 2159 unum
2151 2136 2300 2170 praestat,
2325 2129 2403 2161 utsi

1325 2169 1402 2210 quid
1427 2169 1612 2210 contigerit,
1643 2170 1733 2211 quod
1757 2179 1833 2200 cum
1863 2180 1940 2202 sana
1963 2171 2105 2203 doctrina
2134 2183 2318 2204 consonum
2342 2173 2402 2213 sit,

1325 2213 1497 2245 dicendum
1521 2213 1618 2245 foret:
1645 2225 1671 2245 1.
1691 2214 1743 2245 Ad
1762 2215 1859 2246 vitam
1884 2221 2068 2247 revocatum
2085 2216 2195 2260 fuisse
2213 2218 2402 2258 Traianum,

1325 2259 1472 2300 adeoque
1496 2269 1563 2289 non
1586 2259 1693 2299 ipsum
1706 2259 1861 2300 finaliter
1883 2260 2071 2292 damnatum
2094 2261 2208 2294 fuisse:
2232 2272 2261 2294 2.
2289 2263 2324 2294 In
2339 2263 2404 2295 vita

1324 2303 1506 2334 restitutum
1530 2303 1630 2344 egisse
1649 2303 1839 2334 delictorum
1862 2305 2109 2345 poenitentiam:
2130 2307 2158 2338 3.
2174 2307 2226 2338 Ad
2243 2307 2323 2339 haec
2338 2308 2401 2340 sin-

1323 2347 1444 2388 gularia
1468 2347 1548 2378 facta
1563 2347 1697 2379 minime
1713 2347 1829 2390 requiri
1851 2349 2017 2381 Ecclesiae
2031 2350 2209 2393 suffragia.
2235 2351 2317 2390 Quis
2332 2362 2401 2384 non

1323 2392 1438 2431 videat,
1455 2392 1619 2433 vulgatam
1632 2392 1799 2424 historiam
1815 2394 2015 2426 documentis
2031 2395 2178 2427 Thomae
2193 2396 2399 2430 imminutam

1324 2443 1355 2468 et
1378 2434 1540 2468 eversam?
1564 2437 1742 2475 Quomodo
1766 2448 1841 2479 ergo
1865 2448 1937 2469 eam
1960 2438 2146 2472 crediderit?

1390 2484 1442 2512 An
1465 2491 1541 2512 vero
1566 2481 1730 2514 crediderit
1751 2484 1990 2515 suscitationem
2019 2484 2172 2523 Traiani,
2201 2495 2300 2527 quam
2323 2496 2398 2528 pro—

1323 2523 1435 2567 ponit?
1456 2526 1591 2557 Minime
1611 2526 1765 2567 gentium.
1790 2527 1845 2558 Ait
1868 2528 1963 2559 enim.
1992 2529 2057 2567 Qui
2070 2529 2210 2571 fortem.
2225 2531 2399 2562 suscitatus

1323 2575 1380 2601 est.
1404 2569 1618 2602 Dubitationis
1636 2571 1824 2612 particulam
1842 2572 1980 2613 adhibet,
2004 2580 2040 2605 ut
2053 2573 2134 2604 illud
2153 2584 2256 2606 unum
2270 2574 2399 2615 indicet,

1324 2615 1415 2655 quod
1437 2615 1470 2645 in
1495 2625 1531 2645 ea
1553 2615 1683 2647 historia
1707 2616 1831 2648 admitti
1854 2617 2021 2657 potuisset,
2045 2618 2072 2648 si
2095 2618 2174 2659 quid
2195 2619 2261 2650 veri
2283 2619 2400 2651 inesset

1324 2658 1438 2689 eidem.
1463 2658 1627 2699 Effugium
1647 2660 1736 2691 addit
1758 2661 1885 2692 Ioannis
1901 2661 2053 2693 Diaconi:
2077 2664 2229 2694 Animam
2251 2659 2398 2702 Traiani,

1324 2703 1516 2741 adnotantis,
1534 2713 1596 2734 non
1613 2705 1677 2736 dici
1691 2705 1730 2735 ab
1746 2705 1876 2747 inferno
1892 2705 2072 2744 liberatam,
2095 2706 2153 2738 sed
2167 2717 2187 2738 a
2203 2708 2399 2740 cruciatibus

1325 2746 1446 2788 inser-ni
1461 2747 1644 2779 dumtaxat.
1667 2748 1729 2779 Sed
1744 2749 1842 2779 hocce
1863 2749 1949 2780 addit
1964 2749 2016 2780 ille
2032 2750 2197 2791 effugium,
2220 2752 2396 2784 secundum

1323 2791 1497 2832 quosdam:
1517 2802 1677 2834 suumque
1693 2792 1825 2823 minime
1842 2793 1924 2825 facit.
1949 2795 2061 2835 Neque
2077 2803 2236 2836 praeterea
2253 2797 2398 2829 absolute

1324 2835 1405 2866 hanc
1428 2835 1467 2866 ab
1490 2835 1605 2867 inferni
1633 2837 1822 2868 cruciatibus
1849 2837 2070 2870 liberationem
2092 2839 2246 2880 admittit3
2275 2841 2332 2872 sed
2353 2842 2398 2874 ad

1323 2884 1459 2920 tempuS,
1482 2881 1603 2912 scilicet
1626 2891 1725 2922 usque
1747 2882 1790 2913 ad
1812 2882 1896 2913 diem
1921 2883 2041 2922 iudicii,
2066 2884 2092 2915 si
2114 2885 2245 2926 quidem
2267 2885 2396 2926 permit-

1323 2925 1418 2955 tenda
1441 2923 1532 2955 foret.
1551 2925 1596 2956 Ita
1611 2926 1815 2957 disserentem
1838 2927 2002 2958 Thomam
2025 2929 2164 2968 prudens
2180 2930 2316 2972 quisque
2331 2930 2397 2962 iam

1323 2969 1422 3008 probe
1439 2969 1529 3000 novit
1553 2969 1734 3010 diligentius
1747 2971 1909 3012 vulgatam
1924 2971 2089 3003 historiam
2104 2974 2298 3015 expendisse,
2311 2985 2396 3007 eam-

1323 3022 1387 3054 que
1410 3020 1506 3054 prout
1529 3013 1686 3046 ferebatur
1708 3014 1884 3046 inficiatum
1909 3026 1986 3048 esse.

1709 3135 1921 3175 CAPUT
1962 3138 2008 3176 V.

1323 3237 1421 3264 Panem
1440 3246 1562 3272 azymum
1580 3239 1607 3265 in
1626 3240 1800 3267 Eucharistico
1819 3241 1956 3275 Sacrificio,
2084 3249 2111 3270 te
2124 3245 2316 3272 Ebionaeorum
2333 3245 2394 3273 hae-

1394 3273 1458 3334 rlegi,
1485 3274 1661 3317 intermissum
1685 3276 1776 3338 fuisseS
1789 3285 1815 3337 ili:
1828 3278 2054 3340 ¹Ecclesiaclzatiiia
2078 3280 2157 3322 refert
2179 3281 2274 3342 aliimbi'
2289 3287 2394 3343 ⁸2¹an

1436 3317 1511 3335 omas
1530 3318 1590 3336 cum
1609 3319 1664 3337 eius
1683 3319 1739 3337 aevi
1778 3321 1791 3338 c
1810 3321 1826 3338 o
1837 3319 1931 3339 asticis.
1995 3321 2165 3341 mmennnam
2212 3322 2318 3342 stonum
2382 3331 2394 3337 -

1395 3344 1464 3370 ciunt
1482 3345 1529 3371 viri
1548 3346 1623 3372 docti.
1643 3347 1782 3373 Mabillonii
1807 3349 1839 3374 de
1863 3354 1952 3375 saneto
1970 3350 2074 3376 Thoma
2098 3351 2207 3385 aliisque
2229 3351 2393 3378 Scholasticis

1394 3380 1509 3413 prudens
1527 3381 1658 3408 iudicium.
1683 3383 1868 3411 Commentum
1891 3385 2094 3418 deprehendisse
2116 3387 2218 3413 videtur
2234 3387 2349 3420 Aquinas
2367 3387 2393 3413 in

1394 3416 1503 3442 Summa
1523 3417 1675 3451 theologica.
1695 3419 1733 3444 De
1755 3420 1884 3445 nonnullis
1905 3420 2021 3454 epistolis
2040 3422 2123 3455 agitur
2141 3422 2190 3448 sub
2209 3422 2314 3449 nomiae
2328 3423 2393 3449 Gre-

1394 3451 1459 3484 gorii
1477 3452 1563 3487 Magni
1582 3453 1613 3479 ab
1633 3454 1726 3480 eodem
1745 3455 1873 3488 Aquinate
1891 3455 1981 3482 citatis.

1324 3554 1346 3585 1.
1370 3548 1422 3629 In
1442 3555 1547 3596 quarti
1565 3556 1799 3589 Sententiarum
1818 3558 1887 3589 libri
1915 3558 2114 3590 distinctione
2129 3569 2162 3590 xi·
2177 3559 2241 3600 agit
2266 3568 2392 3593 sanctus

1401 3599 1546 3631 Thomas
1569 3601 1610 3632 de
1625 3602 1724 3641 panis
1747 3603 1860 3643 azymi
1882 3607 1912 3633 et
1932 3602 2125 3644 sementati
2148 3613 2208 3634 usu
2233 3605 2265 3635 in
2285 3605 2392 3637 Sacri-

1312 3642 1396 3683 ficio
1418 3643 1641 3676 Eucharistico
1665 3645 1750 3676 iuxta
1773 3645 1886 3676 latinae
1909 3646 2068 3678 Ecclesiae
2091 3656 2215 3678 morem
2244 3658 2279 3680 ac
2303 3649 2393 3681 disci-
