2788 4204
294 240 372 285 254

884 229 1270 270 POSTERIORUM
1298 227 1728 265 ANALYTICORUM
1757 227 1851 264 LIB.
1884 228 1898 263 1

901 421 1204 479 LECTIO
1243 419 1880 476 VIGESIMANONA

411 560 495 600 DE
529 553 916 599 SYLLOGISMO
951 549 1377 592 IGNORANTIAE
1409 548 1471 589 IN
1503 547 2048 616 PROPQSITIONIBUS
2082 544 2375 588 MEDIATIS

291 681 347 710 Ἐν
373 673 410 709 δὲ
435 680 506 713 τοῖς
536 674 582 718 μη
615 672 750 717 άτόμως
784 670 991 716 ὑπάρχουσιν
1019 669 1039 707 ἦ
1064 672 1110 716 μή
1138 671 1360 742 ὁπάρρουσιν,

365 721 447 753 ὅταν
474 719 531 764 μὲν
550 715 608 750 διά
625 719 688 750 τοῦ
708 717 828 748 οἰκείου
855 717 958 760 μέσου
975 718 1116 761 γίνηται
1141 718 1204 750 τοῦ
1222 709 1361 760 ψεύδους

365 767 380 797 ὁ
405 762 648 809 συλλογισμός,
677 760 739 807 οὐχ
765 761 875 793 οἷόντε
903 759 1096 805 ἀμφοτέρας
1123 757 1250 806 ψευδεῖς
1276 754 1362 794 εἶναι

363 809 425 846 τάς
452 807 648 852 προτάσεις,
684 805 775 838 ἀλλά
811 805 911 848 μόνον
947 805 1012 842 τήν
1040 807 1119 851 πρὸς
1157 808 1205 848 τῷ
1235 806 1362 850 μείζονι

365 854 461 897 ἄκρῳ.
489 851 586 899 Λέγω
611 846 640 882 δ’
671 852 790 883 οἰκεῖον
810 849 911 894 μέσον
934 845 970 881 δι’
1001 851 1038 882 οὗ
1056 854 1191 897 γίνεται
1216 852 1279 888 τῆς
1309 850 1363 885 άν-

362 897 527 941 τιφάσεως
555 898 571 928 ὁ
596 895 831 942 συλλογισμός.
862 895 1065 940 ’Υπαρχέτω
1083 897 1147 942 γάρ
1165 896 1207 929 τὸ
1224 898 1249 928 A
1274 898 1323 939 τῷ
1339 899 1365 929 Β

361 938 421 974 διά
444 941 546 986 μέσου
572 941 635 973 τοῦ
660 943 694 973 Γ.
717 940 814 973 Ἐπεὶ
842 938 896 972 οὖν
925 937 1055 986 ἀνάγκη
1083 941 1146 978 τήν
1165 944 1186 972 Γ
1204 943 1229 972 Β
1252 954 1366 975 κατα-

361 986 509 1028 φατικην
534 984 772 1030 λαμβάνεσθαι
797 986 1024 1031 συλλογισμοῦ
1049 986 1239 1032 γινομένου,
1258 982 1363 1024 δῆλον

364 1030 417 1063 ὅτι
444 1029 495 1063 ἀεὶ
522 1029 611 1067 αὕτη
639 1031 739 1063 ἔσται
759 1027 902 1068 άληθῆς·
931 1030 967 1063 οὗ
991 1030 1056 1076 γάρ
1085 1029 1362 1077 ἀντιστρέφεται.

359 1077 400 1106 Ἠ
416 1071 454 1108 δὲ
468 1076 493 1106 A
509 1077 530 1106 Γ
548 1070 685 1119 ψευδής·
711 1074 844 1112 ταύτης
863 1075 927 1121 γάρ
947 1074 1252 1121 ἀντιστρεφομένης
1271 1075 1367 1110 ἐναν-

363 1122 433 1158 τίος
459 1122 593 1166 γίνεται
620 1121 636 1151 ὀ
661 1119 897 1165 συλλογισμός.

291 1166 430 1208 Ὁμοίως
448 1165 486 1197 δέ
505 1166 564 1196 καὶ
586 1165 614 1196 εὶ
627 1162 662 1205 ἐξ
685 1164 788 1202 ἄλλης
809 1167 1008 1209 συστοιχίας
1026 1164 1164 1209 ληφθείη
1187 1165 1229 1199 τὸ
1249 1166 1365 1210 μέσον,

365 1210 430 1241 οἷον
453 1209 494 1242 τὸ
509 1210 533 1240 Δ
546 1210 572 1240 εἰ
589 1211 647 1241 καὶ
664 1209 695 1240 ἐν
712 1210 759 1250 τῷ
775 1209 800 1240 A
815 1208 878 1250 ὅλῳ
901 1207 975 1241 ἐστὶ
996 1211 1055 1241 καὶ
1073 1211 1170 1242 κατά
1187 1213 1250 1244 τοῦ
1267 1214 1291 1243 Β
1304 1225 1366 1245 κα-

364 1258 565 1301 τηγορεῖται
585 1253 729 1291 παντός·
752 1251 882 1300 ἀνάγκη
900 1253 964 1300 γάρ
983 1254 1046 1291 τήν
1065 1254 1124 1298 μέν
1148 1257 1171 1286 Δ
1188 1257 1212 1286 Β
1238 1256 1367 1300 πρότα-

363 1311 412 1331 σιν
432 1298 555 1343 μένειν,
575 1299 638 1335 την
657 1297 688 1329 δ’
710 1298 828 1343 ἑτέραν
854 1295 1151 1342 ἀντιστρέφεσθαι,
1171 1300 1248 1332 ὥσθ’
1270 1302 1290 1339 ’ἦ
1306 1302 1364 1346 μὲν

366 1342 418 1377 ἀεὶ
436 1342 577 1384 ἀληθής,
594 1345 614 1380 ἡ
629 1339 659 1374 δ’
683 1341 734 1375 ἀεὶ
751 1338 886 1387 ψευδής.
903 1344 969 1374 Καὶ
984 1339 1104 1388 σχεδὸν
1123 1345 1144 1382 ἥ
1162 1358 1200 1399 γε
1215 1347 1364 1385 τοιαύτη

366 1387 486 1426 ἀπάτη
506 1389 526 1424 η
550 1387 643 1424 αὐτη
666 1388 740 1420 ἐστι
761 1389 805 1430 τῇ
827 1383 887 1420 διά
907 1389 970 1420 τοῦ
993 1390 1114 1420 οἰκείου
1135 1401 1250 1434 μεσου.

291 1432 372 1467 Ἐοὶν
400 1429 439 1465 δὲ
463 1433 508 1477 μή
534 1428 593 1465 διά
624 1433 687 1466 τοῦ
718 1433 838 1464 οἰκείου
869 1431 972 1476 μέσου
1005 1436 1145 1479 γίνηται
1173 1436 1188 1467 ὀ
1213 1436 1369 1482 συλλογι-

365 1477 460 1522 σμός,
482 1477 565 1510 ὅταν
592 1477 650 1522 μέν
678 1476 744 1509 ὑπὸ
770 1477 810 1509 τὸ
827 1478 852 1508 A
879 1475 902 1520 ᾗ
926 1476 968 1509 τὸ
993 1479 1109 1521 μέσον,
1136 1482 1185 1521 τῷ
1210 1475 1288 1513 δέΒ
1305 1493 1367 1525 μη-

365 1518 434 1554 δενὶ
460 1522 611 1568 ὑπάρχῃ,
642 1519 772 1567 ἀνάγκη
799 1516 925 1565 ψευδεῖς
953 1518 1039 1554 εἶναι
1067 1520 1272 1570 ἀμφοτέρας,
1300 1527 1369 1563 Λη-

366 1566 473 1599 πτέαι
497 1567 561 1613 γάρ
590 1568 748 1604 ἐναντίως
776 1565 796 1603 ἦ
822 1567 865 1604 ὠς
891 1566 1024 1611 ἔχουσιν
1052 1571 1086 1600 αἱ
1112 1569 1322 1614 προτάσεις,.
1340 1571 1368 1602 εἰ

364 1611 478 1657 μέλλει
504 1611 727 1657 συλλογισμὸς
755 1611 904 1643 ἔσεσθαι·
934 1610 1023 1644 οὕτω
1041 1607 1079 1645 δὲ
1095 1615 1366 1659 λαμβανομένων

368 1655 557 1701 ἀμφότεραι
586 1660 742 1704 γίνονται
768 1655 908 1699 ψευδεῖς.
946 1657 1022 1688 Οἶον
1049 1658 1078 1689 εἰ
1102 1660 1144 1691 τὸ
1169 1660 1228 1704 μέν
1254 1662 1279 1691 A
1304 1659 1368 1703 ὅλῳ

365 1702 414 1743 τῷ
490 1701 647 1748 ὑπάρχει,
674 1701 716 1733 τὸ
741 1695 778 1732 δέ
797 1702 820 1731 Δ
837 1696 955 1745 μηδενὶ
981 1703 1048 1734 τῶν
1067 1704 1104 1734 Β·
1126 1702 1369 1749 άντιστραφέν-

365 1758 432 1779 των
445 1747 508 1791 γάρ
522 1750 655 1780 τούτων
673 1746 896 1792 συλλογισμός
908 1743 933 1778 τ’
954 1745 1121 1781 ἔσταικαὶ
1137 1751 1171 1782 αἱ
1187 1750 1369 1794 προτάσεις

368 1790 557 1835 ἀμφότεραι
577 1786 718 1836 ψευδεῖς.
740 1789 847 1823 Ὅταν
874 1785 911 1822 δὲ
937 1790 983 1834 μη
1011 1790 1035 1834 ᾖ
1060 1793 1125 1826 ὑπὸ
1144 1793 1186 1827 τὸ
1204 1796 1229 1826 Α
1253 1796 1295 1828 τὸ
1312 1795 1372 1839 μέ..

365 1848 436 1877 σον,
466 1837 532 1868 οἷον
559 1837 600 1869 τὸ
626 1837 661 1876 Δ,
689 1836 710 1871 ἡ
735 1835 795 1879 μέν
821 1836 846 1866 A
865 1836 888 1865 Δ
915 1833 1041 1874 άληθης
1068 1838 1180 1878 ἔσται,
1208 1841 1229 1876 ἡ
1250 1835 1288 1873 δὲ
1306 1842 1329 1871 Δ
1346 1842 1370 1871 Β

365 1878 499 1926 ψευδής.
523 1883 564 1912 Ἠ
582 1881 640 1926 μὲν
660 1880 724 1939 γάρ
746 1881 771 1911 A
789 1882 812 1910 Δ
839 1878 978 1921 ἀληθής,
1001 1880 1054 1913 ὅτι
1082 1881 1205 1922 ουκ-ἧν
1225 1882 1257 1917 ἑν
1280 1887 1327 1918 τῶ
1347 1888 1371 1917 Α

366 1927 408 1959 τό
434 1929 469 1968 Δ,
497 1927 517 1962 ἡ
543 1921 579 1958 δὲ
606 1928 629 1956 Δ
652 1927 677 1956 Β
702 1919 838 1968 ψευδής,
867 1924 933 1965 ὅτι,
961 1926 988 1956 εἰ
1015 1924 1055 1964 ἥν
1079 1926 1220 1970 ἀληθής,
1246 1919 1372 1963 κᾶν’τεὶ

365 1971 593 2015 συμπέρασμα
619 1967 659 2008 ἦν
688 1968 822 2007 ἀληθές·
852 1967 923 2002 ἀλλ’
954 1968 993 2007 ’ἦν
1020 1967 1151 2016 ψεῦδος.

300 2017 362 2049 Διά
386 2012 423 2048 δὲ
439 2017 502 2048 τοῦ
524 2015 625 2060 μέσου
652 2014 833 2060 σχήματος
859 2014 1035 2061 γινομένης
1054 2019 1118 2056 τῆς
1137 2018 1288 2060 ἀπάτης,
1311 2016 1371 2063 άμ-

367 2061 511 2106 φοτέρας
536 2061 594 2104 μὲν
624 2058 681 2092 οὐκ
708 2055 886 2104 ἐνδέχεται
906 2055 1033 2104 ψευδεῖς
1053 2059 1138 2095 εἶναι
1159 2064 1223 2101 τοὶς
1242 2065 1373 2108 προτά-

369 2117 435 2143 σεις
459 2106 539 2143 ὅλας
561 2104 659 2147 (ὅταν
678 2105 742 2151 γάρ
761 2102 780 2146 ᾗ
799 2104 840 2136 τὸ
857 2106 880 2136 Β
899 2106 964 2137 ὑπὸ
990 2107 1032 2139 τὸ
1050 2108 1092 2145 A,
1115 2103 1209 2140 οὐδέν
1238 2104 1373 2155 ἐνδέχε-

367 2162 426 2182 ται
451 2152 499 2192 τῷ
525 2150 583 2194 μὲν
610 2151 716 2182 παντὶ
737 2150 785 2190 τῷ
807 2143 844 2180 ’δὲ
870 2144 988 2193 μηδενὶ
1014 2150 1192 2197 ὑπάρχειν,
1215 2153 1370 2199 καθάπερ

367 2193 486 2240 ἐλέχθη
511 2197 569 2227 καὶ
593 2194 798 2239 πρότερον),
826 2194 890 2231 τήν
918 2195 1038 2239 ἑτέραν
1064 2191 1094 2227 δ’
1126 2196 1285 2244 ἐγχωρεῖ,
1311 2202 1370 2231 καὶ

370 2240 537 2285 ὁποτέραν
567 2239 698 2285 ἔτυχεν.
726 2239 762 2270 Εἰ
787 2238 852 2283 γάρ
880 2239 921 2271 τὸ
945 2241 965 2270 Γ
991 2243 1048 2272 καὶ
1075 2243 1124 2283 τῷ
1146 2245 1172 2275 A
1193 2245 1251 2275 καὶ
1277 2239 1371 2285 τῷΒ

369 2284 525 2331 ὑπάρχει,
546 2282 602 2316 ἐάν
621 2283 731 2328 ληφθῇ
753 2285 801 2324 τῷ
823 2283 881 2327 μὲν
900 2284 926 2314 A
945 2284 1121 2331 ὑπάρχειν,
1149 2288 1197 2329 τῷ
1218 2283 1255 2320 δέ
1278 2290 1302 2319 Β
1322 2290 1369 2332 μη

367 2329 543 2375 ὑπάρχειν,
560 2330 579 2366 η
599 2329 658 2372 μέν
676 2331 700 2360 A
718 2331 738 2359 Γ
757 2326 883 2366 ἀληθής
899 2328 1012 2370 ἔσται,
1030 2332 1050 2367 ή
1064 2326 1096 2362 δ’
1114 2332 1215 2376 ἑτέρα
1233 2323 1367 2377 ψευδής.

367 2374 470 2406 Πάλιν
490 2370 519 2406 δ’
545 2375 571 2406 εἰ
592 2375 640 2415 τῷ
662 2374 720 2417 μέν
741 2375 765 2403 Β
781 2373 919 2416 ληφθείη
943 2374 984 2405 τὸ
999 2376 1020 2405 Γ
1036 2376 1203 2422 ὑπάρχον,
1227 2379 1274 2419 τῷ
1289 2373 1326 2411 δὲ
1346 2380 1371 2410 A

368 2415 498 2461 μηδενί,
519 2420 539 2455 ’ἦ
558 2418 616 2462 μὲν
639 2420 659 2448 Γ
678 2420 701 2449 Β
729 2415 855 2457 ἀληθής
878 2418 995 2459 ἔσται,
1016 2421 1035 2456 ἡ
1058 2416 1088 2451 δ’
1113 2422 1214 2466 ἑτέρα
1232 2418 1367 2466 ψευδής.

364 2463 444 2495 Ἐάν
471 2463 528 2508 μὲν
557 2462 611 2494 οὖν
642 2464 840 2505 στερητικός
869 2461 887 2506 ᾗ
918 2463 981 2500 τῆς
1009 2462 1146 2503 ἀπάτης
1174 2467 1189 2498 ὁ
1217 2469 1371 2514 συλλογι-

371 2523 389 2542 σ
407 2509 470 2550 .ο’ς,
498 2510 630 2552 εἴρηται
656 2507 741 2539 πότε
765 2510 824 2541 καὶ
849 2503 908 2540 διά
933 2509 1032 2540 τίνων
1060 2510 1159 2543 ἔσται
1186 2512 1206 2548 ἡ
1234 2510 1369 2550 ἀπάτη·

305 2554 362 2588 ὲοὶν
388 2520 426 2587 ge
449 2551 712 2597 καταφατικός,
741 2550 824 2586 ὅταν
851 2553 910 2596 μὲν
936 2546 995 2584 διά
1019 2555 1081 2586 τοῦ
1109 2556 1228 2588 οἰκείου
1254 2557 1371 2601 μέσου,

373 2595 544 2633 ἀδύνατον
573 2595 765 2641 ἀμφοτέρας
792 2595 878 2630 εἶναι
903 2593 1045 2642 ψευδεῖς·
1073 2597 1204 2646 ἀνάγκη
1223 2602 1288 2648 γάρ
1306 2601 1371 2639 τήν

371 2647 391 2676 Γ
406 2646 430 2675 Β
451 2643 573 2687 μένειν,
593 2644 683 2685 εἴπερ
703 2642 802 2675 ’έσται
822 2643 1058 2686 συλλογισμός,
1077 2644 1232 2699 καθάπερ
1251 2644 1304 2678 ἑλέ
1332 2645 1371 2684 θη

370 2691 429 2721 καὶ
454 2687 632 2732 πρότερον.
651 2685 754 2719 Ὥστε
781 2688 802 2723 ἡ
827 2689 848 2718 Γ
867 2689 891 2719 A
918 2687 969 2722 ἀεὶ
995 2687 1094 2720 ἔσται
1117 2685 1252 2732 ψευδης·
1281 2693 1370 2729 αὕτη

372 2734 435 2780 γάρ
462 2731 553 2765 ἐστιν
580 2732 600 2768 ἡ
630 2728 929 2777 ἀντιστρεφομένη.

301 2781 439 2824 Ὀμοίως
465 2773 502 2809 δέ
525 2778 584 2808 καὶ
610 2777 637 2807 εἰ
663 2773 698 2816 ἐξ
726 2777 829 2814 α”λλης
865 2779 1064 2821 συστοιχίας
1089 2778 1306 2821 λαμβάνοιτο
1332 2780 1374 2811 τὸ

371 2823 484 2868 μέσον,
512 2821 624 2865 ὥσπερ
651 2818 771 2866 ἐλέχθη
797 2823 855 2853 καὶ
881 2821 937 2855 ἐπὶ
964 2825 1027 2861 τῆς
1051 2825 1254 2866 στερητικῆς
1285 2822 1375 2858 ἀπά-

371 2880 445 2906 της·
474 2865 606 2913 ἀνάγκη
637 2865 701 2912 γάρ
728 2866 791 2903 την
818 2866 876 2909 μὲν
904 2869 927 2898 Δ
951 2870 975 2899 Β
995 2867 1122 2912 μένειν,
1151 2868 1214 2904 τήν
1240 2864 1270 2899 δ’
1299 2869 1323 2900 A
1351 2871 1374 2899 Δ

375 2910 669 2956 ἀντιστρέφεσθαι,
691 2913 750 2942 καὶ
776 2911 796 2948 ή
825 2909 944 2950 ἀπάτη
964 2913 984 2950 η
1004 2911 1096 2947 αὐτή
1122 2913 1167 2953 τῇ
1195 2913 1370 2958 πρότερον.

298 2959 404 2991 Ὅταν
431 2952 468 2988 δὲ
493 2957 540 3000 μή
565 2951 624 2988 διά
648 2956 711 2988 τοῦ
731 2956 866 2996 οἰκείου,
884 2955 940 2989 ἐάν
962 2958 1022 3001 μὲν
1043 2955 1064 3000 ᾗ
1082 2956 1122 2989 τὸ
1142 2958 1165 2987 Δ
1191 2958 1256 2990 ύπὸ
1274 2959 1316 2990 ‘ro‘
1334 2959 1371 2999 A,

373 3001 461 3038 αὕτη
488 3002 546 3044 μὲν
574 3001 674 3032 ἔσται
694 3000 834 3042 ἀληθής,
856 3001 875 3037 *ti
896 3002 997 3048 ἑτέρα
1015 2998 1052 3034 δὲ
1070 2996 1205 3045 ψευδής·
1234 3003 1375 3049 ἐγχωρεῖ

371 3046 435 3094 γάρ
467 3046 507 3079 τὸ
534 3047 559 3077 A
585 3047 732 3077 πλείοσιν
765 3047 945 3092 ύπᾶρχειν,
976 3049 997 3080 οἳ
1023 3044 1081 3079 οὐκ
1113 3045 1204 3079 ἔστιν
1232 3049 1285 3080 ὑπ’
1316 3049 1373 3080 ἄλ-

369 3092 472 3129 ληλα.
495 3090 576 3122 Ἐάν
603 3085 640 3121 δὲ
665 3091 711 3134 μη
741 3088 763 3133 ᾗ
789 3091 829 3124 ‘cd
848 3094 871 3122 Δ
898 3092 963 3124 ὑπὸ
989 3093 1034 3134 τὸΙ
1057 3094 1094 3131 A,
1123 3090 1213 3129 αὕτη
1239 3092 1298 3136 μὲν
1323 3093 1372 3125 ἀεὶ

372 3132 473 3174 δῆλον
502 3135 555 3168 ὅτι
582 3134 680 3166 ἔσται
704 3130 825 3179 ψευδής
854 3136 1094 3180 (καταφατική
1146 3135 1184 3180 άρ
1201 3136 1373 3180 λαμβάνε-

373 3182 467 3222 ται),
503 3180 566 3217 την
599 3174 636 3210 δέ
662 3181 685 3209 Β
704 3182 727 3211 Δ
753 3176 931 3226 ἐνδέχεται
963 3184 1022 3214 καὶ
1057 3148 1166 3218 ἀληθῆ
1198 3178 1283 3214 εἶναι
1314 3183 1373 3214 καὶ

372 3223 489 3270 ψευδῆ·
511 3219 606 3258 οὐδὲν
625 3224 688 3269 γάρ
706 3225 825 3257 κωλύει
844 3226 885 3258 τὸ
904 3226 962 3270 μέν
980 3228 1005 3258 A
1026 3227 1073 3267 τῷ
1092 3227 1115 3256 Δ
1132 3221 1250 3271 μηδενὶ
1267 3227 1375 3271 ὑπάρ-

372 3284 456 3316 χειν,
484 3271 525 3302 τό
542 3264 580 3300 δὲ
598 3269 621 3298 Δ
646 3270 692 3310 τῷ
711 3272 735 3301 Β
761 3273 879 3311 παντί,
903 3272 970 3303 οἷον
989 3272 1072 3314 ζῷον
1094 3268 1282 3315 ἐπιστήμῃ,
1303 3270 1375 3304 ἑπι-

373 3317 487 3360 στημη
506 3310 543 3347 δὲ
561 3314 716 3356 μουσικῇ.
744 3310 822 3347 Οὐδ’
852 3313 896 3347 αὖ
914 3315 1003 3359 μήτε
1022 3316 1063 3348 τὸ
1081 3316 1106 3346 A
1131 3310 1247 3360 μηδενὶ
1266 3317 1332 3348 τῶν
1351 3317 1374 3346 Δ

374 3361 462 3404 μήτε
487 3361 528 3392 τό
548 3360 570 3388 Δ
596 3354 712 3400 μηδενὶ
738 3361 786 3401 τῷ
807 3362 842 3392 Β.
870 3361 1018 3405 Φανερὸν
1047 3358 1102 3393 οὖν
1130 3361 1183 3393 ὅτι
1209 3360 1256 3404 μη“
1277 3360 1372 3399 ὄντος

374 3407 436 3436 τοῦ
462 3404 564 3449 μέσου
591 3403 656 3434 ὑπὸ
675 3404 756 3435 τόΑ
780 3406 838 3436 καὶ
867 3402 1062 3450 ἀμφοτέρας
1090 3403 1229 3452 ἐγχωρεῖ
1245 3400 1372 3449 ψευδεῖς

375 3446 460 3481 εἶναι
484 3451 542 3481 καὶ
569 3446 737 3490 ὁποτέραν
766 3449 897 3494 ἐ’τυχεν.

308 3493 467 3538 Ποσαχῶς
493 3494 551 3536 μέν
581 3488 635 3523 οὖν
661 3495 718 3524 καὶ
749 3489 808 3525 διά
832 3497 931 3526 τίνων
963 3492 1105 3540 ἐγχωρεῖ
1127 3493 1278 3541 γίνεσθαι
1309 3494 1373 3531 τάς

375 3538 471 3570 κατά
495 3537 716 3581 συλλογισμὸν
750 3535 889 3576 ἀπάτας
925 3539 957 3570 ἔν
983 3551 1022 3570 τε
1048 3543 1119 3576 τοῖς
1149 3537 1282 3583 ἀμέσοις
1315 3540 1374 3570 καὶ

378 3579 409 3612 ἐν
436 3586 506 3619 τοῖς
532 3578 568 3613 δι’
601 3577 816 3622 ἀποδείξεως,
844 3583 1000 3626 φανερόν.

1417 669 1434 688 *
1450 669 1486 699 In
1509 669 1557 699 his
1581 676 1699 707 autem,
1716 679 1798 710 quae
1821 679 1888 699 non
1910 667 2075 698 individua
2098 674 2183 706 sunt,
2201 677 2276 698 cum
2291 666 2421 708 quidem
2439 677 2495 708 per

1485 713 1654 754 proprium
1677 713 1821 744 medium
1843 712 1898 743 fiat
1920 712 2063 742 falsitatis
2087 711 2306 753 syllogismus,
2329 722 2396 742 non
2419 722 2494 752 pos-

1486 758 1575 788 sibile
1599 765 1646 789 est
1661 764 1810 798 utrasque
1835 757 1926 787 falsas
1943 766 2010 786 esse
2033 756 2287 796 propositiones:
2309 756 2363 787 sed
2387 757 2495 787 solum

1486 812 1568 843 quae
1592 809 1639 833 est
1662 809 1733 833 ante
1757 802 1860 832 maius
1892 801 2056 832 ultimum.
2081 801 2161 831 Dico
2191 807 2299 831 autern
2326 801 2496 841 proprium

1486 846 1641 885 medium,
1665 856 1721 886 per
1748 847 1838 887 quod
1860 845 1896 876 fit
1920 845 2177 876 contradictionis
2208 845 2423 886 syllogismus>
2449 845 2496 876 Sit

1487 890 1574 922 enim
1597 893 1626 921 A
1649 890 1682 921 in
1705 891 1731 921 B
1755 900 1811 930 per
1834 890 1979 920 medium
2003 889 2040 920 C.
2063 889 2229 927 Quoniam
2251 889 2348 930 igitur
2370 899 2496 920 necesse

1487 943 1544 975 est,
1564 945 1646 976 quae
1663 941 1709 965 est
1724 934 1751 966 C
1765 935 1803 973 Β,
1827 934 2049 965 affirmativam
2064 934 2163 974 accipi
2188 934 2374 975 syllogismo
2399 934 2495 974 facto,

1487 980 1693 1010 manifestum
1717 986 1763 1010 est
1785 979 1874 1020 quod
1898 989 2023 1020 semper
2045 979 2122 1010 haec
2146 985 2192 1009 est
2214 989 2303 1018 vera,
2320 988 2387 1009 non
2410 978 2497 1010 enim

1488 1024 1690 1056 convertitur.
1708 1024 1769 1055 Sed
1785 1034 1867 1065 quae
1891 1031 1938 1055 est
1951 1027 1980 1054 A
1997 1023 2024 1055 C
2045 1023 2138 1062 falsa;
2155 1023 2213 1054 hac
2230 1023 2316 1054 enim
2335 1033 2497 1063 conversa,

1488 1079 1505 1100 e
1530 1069 1686 1100 contrario
1711 1068 1765 1100 fiet
1788 1068 2003 1110 syllogismus.

1421 1164 1570 1196 Similiter
1593 1161 1701 1195 autem
1717 1170 1774 1202 est,
1791 1170 1822 1194 et
1845 1163 1870 1193 si
1887 1173 1924 1194 ex
1940 1163 2000 1194 alia
2015 1162 2215 1197 ordinatione
2236 1161 2408 1203 accipiatur
2430 1172 2498 1194 me-

1490 1209 1590 1248 dium,
1604 1216 1640 1240 ut
1652 1209 1693 1247 D,
1710 1208 1736 1238 si
1747 1213 1777 1239 et
1789 1208 1822 1238 in
1834 1215 1903 1239 toto
1919 1210 1949 1238 A
1965 1208 2015 1247 sit,
2033 1214 2063 1238 et
2079 1208 2118 1238 de
2133 1208 2159 1238 B
2176 1207 2374 1248 praedicetur
2392 1207 2496 1238 omni:

1489 1264 1616 1285 necesse
1640 1253 1725 1284 enim
1754 1260 1817 1292 est,
1839 1263 1930 1294 *quae
1961 1253 2093 1294 quidem
2117 1252 2143 1282 B
2167 1252 2215 1291 D,
2240 1251 2498 1293 propositionem

1489 1309 1636 1338 manere,
1666 1298 1796 1329 alteram
1820 1304 1928 1328 autem
1952 1297 2111 1336 converti,
2140 1306 2237 1338 quare
2260 1296 2338 1327 haec
2366 1296 2499 1337 quidem

1490 1353 1615 1383 semper
1637 1353 1727 1381 vera,
1751 1342 1804 1373 illa
1823 1352 1899 1373 vero
1916 1352 2042 1383 semper
2057 1342 2144 1372 falsa.
2165 1342 2207 1373 Et
2225 1341 2288 1372 fere
2312 1339 2500 1371 huiusmodi

1490 1387 1633 1428 deceptio
1650 1388 1762 1418 eadem
1783 1393 1829 1418 est
1852 1387 1891 1426 ei,
1908 1397 1990 1428 quae
2006 1386 2042 1418 fit
2064 1397 2120 1427 per
2135 1386 2304 1427 proprium
2320 1385 2475 1416 medium.

2521 675 2533 686 ⁸
2548 674 2607 702 Cap.
2621 679 2677 696 xvu.

2523 701 2578 729 Seq.
2588 704 2645 723 text.
2660 706 2697 729 3²·

1422 1433 1455 1464 Si
1477 1443 1553 1463 vero
1577 1443 1644 1463 non
1667 1442 1724 1473 per
1746 1432 1915 1472 proprium
1938 1432 2083 1462 medium
2105 1431 2160 1462 fiat
2183 1431 2399 1472 syllogismuS,
2424 1439 2499 1461 cum
2523 1437 2525 1439 ’

1489 1477 1621 1518 quidem
1644 1478 1703 1508 sub
1727 1479 1758 1507 A
1781 1477 1821 1508 sit
1843 1476 2006 1515 medium,
2025 1476 2059 1506 in
2074 1476 2100 1507 B
2116 1483 2224 1507 autern
2247 1475 2338 1506 nullo
2363 1481 2425 1514 est;
2445 1484 2499 1505 ne-

1491 1532 1575 1552 cesse
1592 1529 1638 1552 est
1653 1528 1803 1562 utrasque
1820 1521 1913 1551 falsas
1929 1531 2007 1551 esse.
2024 1520 2235 1561 Recipiendae
2252 1520 2338 1550 enim
2354 1519 2466 1560 utique
2482 1530 2499 1550 e

1491 1566 1648 1597 contrario
1669 1572 1754 1605 sunt,
1769 1575 1869 1607 quam
1888 1576 1920 1596 se
1939 1566 2067 1603 habent,
2087 1564 2336 1606 propositiones,
2358 1564 2383 1595 si
2407 1564 2501 1595 debet

1491 1611 1696 1652 syllogismus
1719 1610 1803 1648 fieri;
1821 1610 1864 1641 sic
1884 1617 1991 1641 autem
2007 1609 2154 1650 acceptis,
2171 1616 2324 1650 utraeque
2342 1608 2424 1640 fiunt
2443 1608 2500 1639 fal-

1492 1666 1553 1687 sae.
1574 1656 1618 1687 Ut
1641 1656 1667 1686 si
1690 1658 1719 1686 A
1743 1655 1875 1696 quidem
1898 1655 1931 1685 in
1955 1661 2024 1685 toto
2047 1655 2088 1693 D,
2108 1655 2136 1684 D
2163 1660 2271 1685 autem
2294 1653 2327 1684 in
2351 1653 2442 1684 nullo
2457 1653 2499 1684 B:

1492 1700 1650 1732 conversis
1675 1700 1761 1731 enim
1783 1699 1843 1738 his,
1867 1699 2072 1740 syllogismus
2096 1698 2227 1740 quidem
2246 1698 2319 1737 erit,
2343 1705 2375 1730 et
2397 1705 2501 1729 utrae-

1492 1755 1554 1787 que
1579 1745 1814 1786 propositiones
1831 1744 1937 1775 falsae.
1956 1744 2043 1775 Cum
2057 1753 2134 1774 vero
2158 1753 2226 1775 non
2242 1743 2282 1774 sit
2304 1744 2364 1786 sub
2387 1745 2418 1774 A
2433 1752 2501 1774 me·

1493 1790 1593 1828 dium,
1611 1796 1647 1820 ut
1669 1790 1710 1828 D,
1727 1799 1809 1830 quae
1828 1788 1959 1830 quidem
1983 1795 2029 1819 est
2044 1791 2072 1819 A
2084 1789 2126 1827 D,
2145 1798 2219 1819 vera
2234 1788 2303 1827 erit,
2320 1798 2403 1829 quae
2425 1797 2502 1821 vero

1493 1842 1539 1866 est
1554 1835 1583 1865 D
1599 1835 1625 1865 B
1646 1834 1739 1873 falsa3
1763 1844 1846 1875 quae
1869 1833 1955 1864 enim
1979 1840 2026 1864 est
2048 1835 2078 1863 A
2093 1833 2122 1863 D
2147 1842 2220 1863 vera
2245 1839 2310 1872 est,
2335 1832 2411 1874 quia
2433 1842 2501 1863 non

1494 1880 1551 1910 erit
1574 1879 1607 1909 in
1622 1881 1651 1909 A
1667 1879 1708 1917 D,
1725 1888 1807 1920 quae
1826 1888 1902 1908 vero
1919 1885 1966 1908 est
1981 1878 2010 1908 D
2026 1877 2052 1908 B
2069 1877 2158 1916 falsa,
2182 1877 2258 1918 quia
2276 1877 2301 1907 si
2321 1884 2402 1908 esset
2415 1887 2502 1917 vera,

1494 1931 1525 1955 et
1549 1923 1713 1955 conclusio
1738 1930 1818 1954 esset
1841 1930 1932 1962 vera3
1949 1922 2005 1953 sed
2029 1928 2094 1953 erat
2117 1921 2204 1952 falsa.

1428 2019 1488 2050 Sed
1513 2029 1569 2059 per
1591 2017 1731 2049 mediam
1753 2017 1889 2057 figuram
1916 2017 1998 2052 facta
2021 2016 2226 2057 deceptione,
2255 2022 2404 2057 utrasque
2432 2015 2503 2058 qui-

1495 2064 1568 2094 dem
1585 2074 1651 2094 non
1676 2061 1830 2102 contingit
1846 2061 1938 2092 falsas
1963 2071 2030 2092 esse
2045 2060 2284 2101 propositiones
2307 2067 2390 2092 totas
2406 2059 2502 2103 (cum

1494 2108 1581 2139 enim
1604 2107 1643 2138 sit
1665 2107 1691 2138 B
1707 2106 1838 2148 quidem
1862 2107 1921 2136 sub
1945 2108 1985 2144 A,
2002 2105 2081 2136 nihil
2098 2105 2253 2146 contingit
2272 2105 2306 2135 in
2327 2105 2388 2136 hoc
2413 2105 2504 2136 omni

1494 2153 1636 2194 quidem,
1653 2152 1686 2182 in
1698 2152 1754 2182 illo
1771 2158 1879 2182 autem
1896 2150 1986 2181 nullo
2000 2160 2077 2189 esse,
2095 2149 2176 2181 sicut
2192 2150 2313 2180 dictum
2327 2156 2374 2181 est
2387 2148 2504 2192 prius),

1495 2198 1590 2228 altera
1612 2207 1688 2227 vero
1713 2196 1789 2227 falsa
1808 2202 1914 2236 potest
1940 2205 2025 2234 esse,
2048 2202 2078 2226 et
2101 2204 2312 2236 quaecunque
2337 2194 2502 2235 contingit.

1495 2242 1528 2273 Si
1552 2242 1638 2273 enim
1662 2241 1689 2273 C
1715 2248 1745 2272 et
1768 2241 1800 2271 in
1824 2243 1853 2271 A
1877 2247 1907 2271 et
1930 2240 1964 2270 in
1986 2240 2013 2271 Β
2037 2246 2094 2279 est,
2121 2240 2147 2270 si
2171 2239 2343 2280 accipiatur
2366 2239 2393 2270 C
2417 2239 2450 2277 in
2473 2241 2504 2271 A

1494 2287 1625 2328 quidem
1649 2296 1727 2322 esse,
1744 2285 1777 2316 in
1800 2286 1826 2316 B
1850 2295 1925 2316 vero
1949 2295 2016 2316 non
2041 2294 2119 2323 esse,
2143 2294 2225 2326 quae
2249 2284 2380 2326 quidem
2404 2290 2451 2315 est
2473 2286 2504 2315 A

1495 2331 1522 2363 C
1546 2342 1619 2362 vera
1642 2331 1710 2369 erit,
1727 2331 1823 2361 altera
1846 2337 1954 2361 autem
1978 2329 2065 2360 falsa.
2093 2330 2211 2360 Iterum
2235 2335 2343 2360 autem
2372 2328 2397 2359 si
2421 2328 2454 2359 in
2476 2329 2505 2360 B

1494 2376 1626 2417 quidem
1650 2375 1820 2416 accipiatur
1844 2374 1871 2406 C
1896 2385 1974 2413 esse,
1991 2374 2024 2404 in
2041 2377 2069 2405 A
2085 2381 2193 2405 autem
2216 2374 2318 2412 nullo,
2332 2383 2416 2414 quae
2431 2373 2504 2414 qui-

1495 2422 1569 2452 dem
1593 2427 1639 2451 est
1662 2420 1689 2451 C
1712 2420 1738 2450 B
1762 2430 1835 2450 vera
1858 2419 1926 2458 erit,
1952 2420 2048 2450 altera
2071 2426 2179 2450 autern
2202 2418 2290 2450 falsa.
2316 2418 2349 2449 Si
2372 2418 2505 2460 quidem

1494 2466 1591 2506 igitur
1614 2465 1653 2496 sit
1675 2464 1848 2505 privativus
1872 2464 2068 2505 deceptionis
2083 2463 2300 2505 syllogismus,
2317 2463 2439 2494 dictum
2457 2469 2506 2494 est

1495 2510 1637 2552 quando,
1654 2517 1684 2541 et
1707 2519 1764 2550 per
1786 2519 1868 2550 quae
1892 2509 1950 2540 erit
1973 2508 2128 2549 deceptio.

1428 2555 1461 2587 Si
1483 2565 1559 2586 vero
1584 2555 1623 2585 sit
1646 2553 1871 2592 affirmativus,
1898 2560 1974 2584 tunc
1998 2553 2129 2594 quidem
2158 2562 2214 2593 per
2245 2552 2413 2592 proprium
2436 2562 2504 2583 rne-

1495 2599 1585 2630 dium
1609 2598 1806 2640 impossibile
1823 2605 1972 2639 utrasque
1997 2607 2063 2628 esse
2079 2597 2183 2628 falsas.
2198 2597 2334 2627 Necesse
2357 2595 2442 2627 enim
2457 2603 2504 2628 est

1496 2653 1578 2684 quae
1595 2650 1640 2674 est
1663 2644 1688 2674 B
1708 2642 1735 2674 C
1752 2651 1897 2681 manere,
1918 2642 1944 2672 si
1964 2642 2095 2683 quidem
2112 2641 2169 2672 erit
2188 2637 2404 2683 syllogismus,
2421 2640 2504 2672 sicut

1497 2688 1618 2718 dictum
1642 2695 1688 2718 est
1711 2687 1809 2727 prius.
1828 2687 1934 2724 Quare
1957 2689 1987 2717 A
2011 2686 2038 2717 C
2063 2695 2187 2726 semper
2216 2685 2274 2716 erit
2305 2685 2400 2724 falsa3
2425 2685 2503 2717 haec

1496 2742 1582 2763 emm
1606 2739 1652 2762 est
1676 2741 1837 2762 conversa.

1429 2776 1579 2808 Similiter
1602 2783 1709 2807 autem
1725 2783 1756 2807 et
1772 2775 1797 2806 si
1813 2785 1849 2806 ex
1865 2775 1926 2806 alia
1942 2775 2142 2806 ordinatione
2158 2774 2329 2815 accipiatur
2343 2774 2504 2814 medium,

1497 2821 1578 2851 sicut
1601 2821 1723 2852 dictum
1746 2827 1793 2851 est
1809 2827 1839 2851 et
1861 2820 1894 2850 in
1918 2819 2070 2860 privativa
2094 2819 2299 2861 deceptione;
2315 2829 2442 2850 necesse
2458 2826 2507 2851 est

1497 2865 1582 2896 enim
1605 2875 1687 2906 quae
1710 2865 1842 2906 quidem
1866 2871 1912 2895 est
1935 2865 1963 2895 D
1987 2865 2013 2895 B
2037 2874 2176 2903 manere,
2199 2875 2281 2906 quae
2304 2875 2381 2896 vero
2406 2871 2452 2896 est
2474 2867 2504 2896 A

1496 2911 1525 2941 D
1550 2910 1708 2948 converti;
1726 2917 1756 2940 et
1779 2909 1855 2940 haec
1879 2909 2024 2949 deceptio
2049 2917 2095 2940 est
2119 2909 2231 2940 eadem
2254 2909 2362 2950 priori.

1430 2954 1517 2985 Cum
1540 2965 1616 2986 vero
1640 2955 1678 2985 sit
1702 2964 1768 2985 non
1791 2964 1848 2994 per
1870 2954 2049 2995 proprium,
2069 2954 2093 2984 si
2110 2954 2242 2995 quidem
2265 2954 2304 2985 sit
2326 2954 2355 2985 D
2380 2954 2439 2985 sub
2462 2956 2505 2993 A,

1497 3000 1573 3030 haec
1597 2999 1727 3040 quidem
1751 2998 1808 3030 erit
1831 3009 1913 3037 vera,
1929 2999 2024 3030 altera
2047 3006 2156 3030 autem
2174 2998 2270 3037 falsa3
2288 3005 2394 3039 potest
2417 2998 2505 3029 enim

1496 3047 1525 3075 A
1541 3044 1573 3074 in
1590 3043 1734 3084 pluribus
1754 3053 1831 3082 esse,
1849 3053 1930 3084 quae
1954 3054 2021 3074 non
2045 3050 2120 3075 sunt
2136 3044 2195 3074 sub
2211 3043 2356 3074 invicem.
2374 3043 2406 3074 Si
2427 3053 2504 3074 vero

1497 3099 1563 3119 non
1587 3088 1626 3119 sit
1641 3089 1668 3118 D
1686 3089 1744 3119 sub
1768 3090 1808 3126 A,
1825 3088 1902 3119 haec
1925 3088 2056 3129 quidem
2080 3098 2206 3128 semper
2229 3087 2435 3119 manifestum
2456 3094 2504 3119 est

1497 3133 1653 3174 quoniam
1685 3133 1741 3164 erit
1774 3132 1851 3163 falsa
1877 3131 2077 3175 (affirmativa
2107 3132 2193 3163 enim
2216 3130 2395 3175 accipitur):
2422 3142 2508 3174 quae

1496 3188 1572 3208 vero
1597 3184 1642 3208 est
1656 3178 1684 3208 D
1701 3177 1744 3215 B,
1772 3177 1925 3217 contingit
1949 3184 1979 3208 et
2002 3187 2109 3208 veram
2134 3187 2200 3208 esse
2220 3183 2251 3208 et
2275 3176 2402 3215 falsam
2426 3175 2505 3207 nihil

1498 3222 1583 3253 enim
1607 3221 1753 3263 prohibet
1776 3224 1805 3252 A
1829 3221 1960 3262 quidem
1983 3222 2016 3252 in
2031 3223 2060 3253 D
2085 3222 2175 3252 nullo
2200 3232 2278 3260 esse,
2295 3222 2324 3252 D
2341 3228 2449 3252 autem
2471 3220 2505 3252 in

1497 3266 1586 3298 omni
1614 3267 1657 3305 Β,
1687 3274 1722 3298 ut
1749 3266 1886 3305 animal,
1919 3266 2065 3305 scientia,
2094 3266 2233 3297 musica:
2266 3276 2370 3307 neque
2393 3265 2504 3306 utique

1497 3314 1526 3342 A
1549 3311 1581 3341 in
1605 3311 1695 3342 nullo
1719 3311 1760 3350 D,
1777 3321 1881 3352 neque
1900 3311 1928 3341 D
1953 3311 1985 3342 in
2010 3311 2100 3342 nullo
2124 3311 2160 3342 B.
2179 3310 2384 3342 Manifestum
2410 3309 2505 3350 igitur

1498 3363 1544 3387 est
1559 3356 1724 3396 quoniam,
1749 3365 1823 3386 cum
1847 3365 1913 3386 non
1937 3355 1976 3386 sit
1999 3355 2143 3386 medium
2159 3355 2218 3386 sub
2241 3357 2281 3393 A,
2299 3361 2330 3386 et
2352 3361 2504 3394 utraeque

1497 3407 1633 3441 possunt
1656 3400 1750 3431 falsae
1775 3410 1852 3438 esse,
1878 3407 1908 3431 et
1932 3409 2142 3441 quaecunque
2168 3399 2332 3440 contingit.

1431 3495 1521 3533 Quot
1536 3496 1667 3537 quidem
1682 3496 1777 3536 igitur
1793 3495 1911 3534 modis,
1925 3503 1955 3527 et
1971 3506 2028 3536 per
2043 3505 2126 3537 quae
2138 3501 2274 3536 possunt
2289 3492 2355 3524 fieri
2370 3502 2427 3533 per
2441 3492 2504 3533 syl-

1497 3540 1671 3580 logismum
1688 3540 1903 3580 deceptiones,
1915 3547 1945 3571 et
1961 3540 1994 3570 in
2013 3540 2062 3570 his
2075 3549 2156 3581 quae
2173 3545 2246 3570 sunt
2262 3537 2327 3568 sine
2344 3536 2461 3575 medio,
2473 3543 2504 3568 et

1499 3584 1531 3614 in
1547 3584 1595 3615 his
1612 3595 1693 3625 quae
1715 3591 1789 3615 sunt
1804 3594 1860 3624 per
1884 3583 2206 3622 demonstrationem,
2227 3580 2430 3612 manifestum
2447 3587 2502 3611 est.
