2788 4204
64 415 74 424 ⁹
82 415 218 439 etz-unqu?
225 413 278 435 ral-

63 443 148 462 terum.

64 469 85 477 ‘¹
113 466 222 489 eubicum
250 472 277 487 ex

63 493 135 515 codd.
150 496 212 519 (exc.
222 494 277 518 oq).

65 521 74 530 ·
83 520 167 552 Gadda
175 518 279 548 quidem,-

63 553 93 568 ος
108 552 177 568 emm.

65 626 74 635 '
90 624 220 646 eodm-1³:

61 651 124 672 enim
139 651 185 673 duo
199 650 242 672 bis.

1146 273 1257 309 CAP.
1286 273 1374 321 vn,

306 353 438 399 cubus,
459 352 555 389 idest
582 351 688 400 quod
717 363 763 388 ex
787 351 902 388 ductu
930 351 1043 388 unius
1071 351 1220 388 numeri
1249 351 1371 388 cubici

306 405 344 442 in
364 405 481 442 alium
496 407 516 425 ¹*
541 416 746 442 numerum
771 404 950 441 cubicum
973 404 1014 425 *²¹⁸
1041 412 1167 452 surgat
1189 416 1371 441 numerus

307 458 474 495 cubicus.
513 458 659 495 Dicitur
691 464 819 494 autem
839 457 860 477 *
887 469 1071 493 numerus
1107 457 1277 503 cubicus,
1307 457 1372 506 qui

307 511 498 558 consurgit
517 523 562 547 ex
582 510 697 547 ductu
724 510 836 546 unius
864 509 1014 546 numeri
1042 509 1081 546 in
1100 509 1268 558 seipsum
1297 510 1369 555 bis;

307 564 402 601 sicut
430 562 645 600 octonarius
667 570 723 599 est
741 575 925 599 numerus
945 562 1112 609 cubicus,
1134 562 1249 610 surgit
1269 563 1370 599 enim

307 629 353 653 ex
378 617 493 654 ductu
521 615 655 652 binarii
683 615 722 652 in
749 615 918 664 seipsum
947 615 1024 662 bis,
1055 615 1143 664 quia
1172 615 1229 652 bis
1254 617 1272 634 ὓ
1293 616 1370 652 duo

306 669 364 706 bis
401 676 488 706 sunt
520 676 619 705 octo.
655 669 705 705 Et
739 668 876 705 eadem
909 668 1054 705 ratione
1092 668 1371 717 vigintiseptem

307 729 362 759 est
389 734 572 759 numerus
601 721 766 767 cubicus,
799 728 836 758 et
855 721 959 758 radix
983 721 1062 758 eius
1091 728 1147 758 est
1173 721 1253 767 tria,
1284 721 1372 770 quia

304 782 362 811 ter
388 774 458 811 tria
485 782 541 811 ter
560 774 700 811 faciunt
726 774 1016 823 vigintiseptem.
1043 774 1083 811 Si
1112 786 1201 822 ergo
1231 774 1370 811 ducan-

305 834 365 864 tur
394 835 480 864 octo
496 824 510 851 ξ
524 827 562 864 in
589 827 870 876 vigintiseptem
898 827 1088 875 consurgit
1105 839 1288 863 numerus
1308 839 1371 863 cu-

305 880 424 928 bicus,
445 880 541 917 idest
561 880 722 930 ducenta
741 880 944 928 sexdecim,
967 880 1072 917 cuius
1092 879 1196 917 radix
1216 887 1271 916 est
1289 891 1369 916 sex:

306 933 395 981 quia
414 933 535 970 sexies
554 946 620 970 sex
639 933 758 970 sexies
778 940 864 970 sunt
883 933 1046 970 ducenta
1065 932 1268 970 sexdecim.
1286 933 1371 968 Hoc

306 998 396 1034 ergo
424 987 539 1023 habet
565 987 729 1036 probare
762 985 1029 1032 arithmeticus,
1059 998 1137 1023 non
1165 992 1370 1033 geometra.

305 1039 355 1076 Et
383 1039 568 1086 similiter,
598 1039 704 1088 quod
725 1047 780 1076 est
807 1039 918 1075 unius
947 1038 1123 1075 scientiae
1151 1050 1230 1074 non
1257 1038 1372 1074 habet

303 1093 469 1140 probare
503 1092 575 1128 alia
602 1092 772 1139 scientia,
809 1091 878 1128 nisi
911 1091 1006 1128 forte
1034 1103 1112 1127 una
1146 1090 1299 1127 scientia
1327 1090 1373 1126 sit

357 1273 381 1307 ξ)
402 1274 434 1299 Si
450 1281 517 1307 ergo
536 1274 670 1299 ducantur
688 1273 833 1299 actm—En
852 1273 926 1298 codd.
940 1273 1068 1298 variantes
1083 1271 1131 1297 hac
1145 1273 1170 1297 in
1189 1280 1217 1297 re
1235 1272 1367 1297 lectiones.

302 1310 336 1336 Si
352 1317 418 1343 ergo
437 1310 572 1334 ducantur
591 1309 919 1342 (BCDEHKLNOQRST,
937 1308 962 1333 si
978 1315 1044 1341 ergo
1063 1307 1188 1339 ducatur)
1202 1311 1260 1332 octo
1276 1307 1302 1332 in
1318 1307 1368 1339 (O,

303 1346 419 1371 ducatur
438 1352 571 1376 numerus,
589 1350 615 1370 et
633 1352 686 1369 om.
705 1348 764 1370 octo
784 1345 822 1377 in)
840 1343 1043 1377 vingitiseptem,
1062 1343 1201 1376 consurgit
1220 1342 1290 1376 (ΑΒ,
1309 1350 1368 1367 sur-

301 1383 363 1414 gen·
371 1380 432 1411 CQ,
447 1378 774 1413 assurget5DEl-{1KLST‚
787 1382 932 1412 consurget
936 1386 946 1408 ,·
956 1378 979 1403 G
986 1397 993 1409 ,
1003 1378 1108 1412 surgat)
1120 1385 1245 1403 numerus
1255 1378 1367 1407 cubicus,

251 1423 255 1424 ⁷
302 1414 372 1441 idest
390 1415 684 1448 (DEfflKLMNORST,
702 1415 815 1444 scilian
834 1415 854 1439 C
873 1422 926 1439 orn.
945 1419 1001 1439 tum
1022 1414 1097 1444 idest,
1117 1418 1174 1438 tum
1191 1413 1300 1446 scilicet)
1320 1413 1368 1438 du-

1404 274 1554 310 LECT.
1585 273 1656 309 XV

2417 285 2488 322 199

1426 352 1496 389 sub
1526 352 1640 388 altera
1661 352 1695 398 *3
1717 350 1811 387 sicut
1838 362 1879 387 se
1913 350 2028 387 habet
2054 350 2290 399 perspectiva
2322 351 2371 388 ad
2399 364 2487 399 geo-

1426 405 1612 451 metriam,
1636 411 1672 440 et
1692 403 1938 440 consonantia
1955 404 2017 440 vel
2036 404 2269 452 harmonica⁷
2290 404 2386 441 idest
2403 417 2487 441 mu-

1425 458 1513 504 sica,
1544 457 1591 494 ad
1620 456 1908 494 arithmeticam.

1480 511 1515 546 8.
1547 510 1723 547 Secunda
1756 509 1947 546 conclusio
1979 508 2153 558 ponitur3
2183 508 2255 546 ibi:
2290 510 2426 557 Neque
2456 511 2490 546 si

1425 563 1569 611 aliquid
1595 570 1662 599 etc.
1684 564 1733 599 Et
1761 570 1816 598 est
1844 562 1948 610 quod
1977 562 2130 598 scientia
2159 561 2270 598 etiam
2292 563 2312 583 *
2334 562 2381 598 de
2399 575 2486 611 pro-

1424 616 1507 664 prio
1537 615 1705 652 subiecto
1734 627 1813 652 non
1840 615 1977 663 probat
1995 615 2190 663 quodlibet
2209 614 2397 661 accidens,
2418 615 2485 652 sed

1426 668 1600 705 accidens
1629 667 1733 717 quod
1763 675 1818 704 est
1846 667 1942 704 sui*
1960 667 2117 715 generis.
2149 667 2252 704 Sicut
2280 667 2311 704 si
2345 667 2486 716 aliquid

1426 721 1521 758 inest
1538 720 1656 767 lineis,
1686 732 1764 757 non
1783 720 1994 757 secundum
2023 720 2126 769 quod
2147 727 2233 757 sunt
2259 720 2392 768 lineae,
2422 733 2486 757 ne-

1425 786 1501 822 que
1538 773 1749 810 secundum
1776 773 1930 822 propria
1962 773 2144 821 principia
2171 773 2373 820 linearum,
2411 774 2487 810 hoc

1425 839 1504 863 non
1536 826 1770 863 demonstrat
1803 833 1998 873 geometra
2026 826 2073 862 de
2101 826 2223 873 lineis;
2259 826 2355 862 sicut
2382 826 2486 875 quod

1425 879 1523 915 linea
1550 886 1651 915 recta
1679 878 1725 915 sit
1751 878 2006 926 pulcherrima
2023 878 2044 899 ’¹‘
2063 878 2259 926 linearum,
2288 885 2353 915 aut
2386 887 2487 915 recta

1425 932 1523 968 linea
1542 931 1573 967 si
1593 938 1648 968 est
1676 930 1861 967 contraria
1881 930 2049 967 circulari
2066 932 2128 968 vel
2148 944 2237 968 non.
2259 932 2366 968 Haec
2385 932 2486 968 enim

1426 996 1506 1020 non
1534 991 1628 1023 sunt„
1648 983 1859 1020 secundum
1887 983 2085 1032 proprium
2113 996 2232 1031 genus
2257 984 2388 1030 lineae,
2419 985 2487 1021 sed

1427 1036 1638 1073 secundum
1662 1035 1802 1083 aliquid
1826 1036 2078 1072 communius.
2100 1037 2306 1073 Pulchrum
2326 1037 2427 1073 enim
2452 1044 2488 1073 et

1429 1088 1658 1125 contrarium
1686 1100 1805 1136 genus
1832 1088 1953 1124 lineae
1982 1089 2258 1126 transcendunt.

1421 1274 1498 1296 centa
1521 1271 1655 1296 sexdecim
1675 1271 1795 1303 (PAHM,
1821 1273 1848 1296 et
1864 1270 2122 1303 sexdecim).-Cod.
2144 1271 2169 1296 M
2188 1272 2249 1304 legit
2267 1273 2406 1297 mendose:
2425 1272 2488 1305 quia

1422 1310 1464 1332 ter
1478 1307 1532 1331 tria
1546 1310 1587 1331 ter
1594 1306 1704 1339 faciunt
1718 1306 1922 1339 vigintiseptem.
1937 1306 2067 1331 Similiter
2080 1310 2120 1331 est
2133 1307 2174 1331 hic
2187 1307 2276 1332 sexies
2288 1314 2339 1332 sex
2351 1315 2390 1332 ex
2403 1308 2485 1333 ductu

1422 1342 1500 1367 huius
1524 1342 1629 1366 numeri
1653 1342 1692 1367 bis
1711 1342 1736 1367 in
1760 1342 1874 1373 seipsum
1898 1342 2037 1374 consurgit
2059 1349 2184 1367 numerus
2206 1342 2311 1367 cubitus
2332 1348 2381 1367 etc.
2405 1343 2487 1368 Codd.

1422 1378 1498 1402 etiam
1517 1377 1565 1402 ΚΟ
1585 1377 1711 1401 mendose
1734 1377 1868 1408 omittunt,
1887 1377 1962 1402 cuius
1978 1377 2064 1401 radix
2077 1382 2124 1402 etc.
2144 1385 2229 1410 usque
2247 1378 2279 1402 ad
2298 1378 2412 1402 ducenta
2425 1385 2488 1403 sex-

1423 1413 1508 1438 decim
1528 1412 1659 1437 inclusive.

2514 365 2526 376 ⁸
2535 365 2621 387 Codd.-
2627 372 2662 388 px:
2669 365 2731 388 alia.

2514 577 2523 585 '¹
2534 575 2611 597 Etiam
2619 582 2647 597 ex
2657 576 2726 598 codd.

2513 607 2659 624 nentem-ns.

2514 681 2522 689 ·
2529 685 2725 705 ευεικιυοακετ.-

2511 712 2538 727 A:
2549 706 2666 733 quoddam
2676 706 2725 733 sui3

2514 739 2528 754 G
2538 740 2543 753 :
2563 732 2654 760 quidem
2673 733 2712 753 sui
2718 739 2727 758 ,·

2513 765 2538 780 Ρε
2556 758 2665 780 accidens
2679 759 2725 780 sui.

2514 890 2524 899 ·
2540 889 2614 911 Codd.
2623 900 2634 905 —
2644 895 2685 910 pu:
2700 895 2726 910 ο-

2513 916 2598 937 mnium
2603 916 2727 937 linearum.
