2788 4204
47 1020 49 1023 ⁴
89 1011 211 1061 87qu

1088 276 1199 312 CAP.
1230 277 1355 323 XXX,
1385 277 1536 313 LECT.
1569 277 1672 312 XLII

2397 275 2472 322 309

689 601 992 671 LECTIO
1033 601 2077 679 QUADRAGESIMASECUNDA

427 765 709 806 SCIENTIA
742 765 871 805 NON
905 762 1019 805 EST
1053 765 1137 804 DE
1170 763 1368 805 REBUS
1402 764 1740 813 FORTUITIS,
1775 765 1985 820 NEQUE
2018 765 2101 805 DE
2134 764 2330 805 REBUS

813 843 984 897 QUAE
1018 842 1521 884 COGNOSCUNTUR
1553 843 1670 883 PER
1704 843 1949 884 SENSUM

288 1012 356 1044 Τοῦ
380 1007 408 1042 δ’
439 1011 509 1043 ἀπὸ
535 1009 728 1054 τόχηςνούκ
754 1009 845 1041 ἔστιν
872 1009 1044 1052 ἐπιστήμη
1071 1004 1107 1039 δι’
1139 1003 1354 1049 ἀποδείξεως·
1382 1010 1386 1037 Ι
1414 1011 1430 1030 *
1446 1011 1524 1041 Eius
1540 1017 1647 1041 autem
1663 1012 1751 1051 quod
1775 1018 1862 1042 est.a
1885 1011 2020 1051 fortuna,
2038 1023 2103 1043 non
2127 1021 2173 1044 est
2201 1015 2327 1046 scientia
2343 1026 2398 1056 per
2421 1016 2474 1046 de-

357 1056 436 1087 οὕτε
461 1055 526 1100 γάρ
558 1056 601 1092 ὠς
635 1054 822 1100 ἀναγκαῖον
849 1053 918 1085 οὔθ’
959 1055 1000 1090 ώς
1036 1054 1091 1085 ἐπὶ
1124 1053 1166 1085 τὸ
1198 1054 1286 1084 πολιὶ
1317 1053 1359 1084 τὸ

356 1098 426 1132 ἀπὸ
452 1099 558 1144 τύχης
585 1099 696 1139 ἐστίν,
725 1098 816 1130 amet
840 1098 881 1130 τὸ
907 1097 1003 1141 παροί
1026 1098 1145 1130 ταῦτα
1169 1096 1356 1143 γινόμενον·

357 1145 378 1180 ἡ
404 1139 431 1174 δ’
463 1139 636 1182 ἀπόδειξις
669 1142 814 1186 θατέρου
841 1141 987 1175 τούτων.
1021 1143 1089 1179 Πᾶς
1114 1141 1179 1186 γοὶρ
1203 1142 1358 1185 συλλογι-

356 1188 438 1231 σμὸς
463 1186 484 1223 ἢ
509 1183 546 1218 δι’
585 1188 779 1232 ἀναγκαίων
805 1185 825 1223 ἦ
857 1183 916 1219 διοί
948 1188 1014 1219 τῶν
1045 1187 1086 1224 ὠς
1117 1187 1172 1218 ἐπὶ
1198 1185 1238 1217 τὸ
1272 1183 1358 1216 πολύ

357 1230 569 1274 προτοίσεων·
595 1233 654 1262 καὶ
679 1233 706 1263 εἰ
731 1231 791 1275 μὲν
818 1233 853 1263 αἱ
879 1231 1061 1273 προτάσεις
1081 1230 1280 1275 ἀναγκαῖαι,
1300 1230 1358 1260 καὶ

357 1276 398 1308 τό
423 1275 651 1320 συμπέρασμα
678 1277 887 1323 ἀναγκαῖον,
921 1275 949 1306 εἰ
974 1270 1003 1305 δ’
1033 1275 1074 1311 ὠς
1100 1275 1155 1306 ἐπὶ
1181 1273 1222 1304 τὸ
1255 1272 1356 1313 πολύ,

356 1322 414 1352 καὶ
433 1321 473 1354 τό
491 1320 719 1364 συμπέρασμα
745 1318 1027 1352 τοιοῦτον.”Ωστ’
1057 1319 1085 1349 εἰ
1103 1318 1144 1351 τὸ
1164 1317 1233 1350 ἀπὸ
1251 1317 1357 1363 τύχης

357 1364 433 1409 μήθ’
465 1366 506 1402 ὥς
532 1365 589 1397 ἐπὶ
614 1364 655 1398 τό
681 1364 768 1397 πολύ
798 1363 881 1407 μήτ’
914 1363 1122 1408 ἀναγκαῖον,
1151 1363 1211 1394 οὐκ
1238 1361 1275 1394 ἂν
1308 1364 1357 1398 εἴη

358 1408 468 1442 αὗτοῦ
495 1405 680 1450 ἀπόδειξις.
966 1410 968 1412 ’

288 1488 375 1526 Οὐδὲ
399 1488 437 1524 δι’
467 1491 652 1530 αἰσθήσεως
679 1492 771 1524 ἔστιν
799 1489 1017 1524 ἐπίστασθαι.
1045 1491 1082 1522 Εἰ
1126 1491 1164 1535 ἀρ
1183 1493 1240 1522 καὶ
1266 1490 1358 1522 ἔστιν

357 1538 379 1574 ἧ
405 1535 556 1575 αἴσθησις
588 1538 651 1569 τοῦ
685 1537 820 1569 τοιοῦδε
849 1538 907 1568 καὶ
958 1537 978 1572 ἡ
1012 1530 1114 1569 τοῦδε
1147 1547 1250 1575 τινος,
1279 1535 1355 1567 ἀλλ’

359 1581 578 1614 αἰσθάνεσθαί
604 1595 642 1628 γε
668 1582 855 1626 ἀναγκαῖον
884 1548 964 1614 *edite
991 1593 1024 1613 τι
1045 1582 1104 1612 καὶ
1122 1581 1188 1612 ποῦ
1212 1581 1269 1611 καὶ
1287 1580 1356 1612 νῦν.

357 1626 403 1658 Τό
429 1621 467 1658 δὲ
490 1626 638 1658 καθόλου
654 1629 712 1658 καὶ
739 1629 793 1659 ἐπὶ
812 1627 913 1658 πᾶσιν
935 1621 1106 1659 ἀδύνατον
1125 1623 1356 1658 αἰσθάνεσθαι-

359 1671 397 1703 ού
422 1672 487 1717 γάρ
513 1667 594 1703 τόδε
628 1667 707 1703 οὐδὲ
731 1673 799 1703 νῦν·
829 1671 866 1702 ού
905 1671 969 1716 γοὶρ
997 1669 1036 1702 ἂν
1062 1669 1101 1706 ἦν
1127 1669 1287 1702 καθόλου·
1317 1668 1358 1700 τὸ

357 1715 423 1762 γάρ
450 1716 502 1748 ἀεὶ
526 1719 584 1748 καὶ
611 1713 795 1762 πανταχοῦ
819 1714 968 1748 καθόλου
999 1714 1106 1759 φαμὲν
1132 1711 1230 1746 εἶναι.
1263 1714 1360 1745 Ἐπεὶ

359 1758 416 1793 οὖν
443 1762 478 1792 αἱ
504 1760 562 1805 μὲν
591 1757 780 1802 ἀποδείξεις
803 1759 964 1802 καθόλου,
984 1761 1103 1792 ταῦτα
1128 1754 1158 1790 δ’
1188 1759 1247 1791 οὐκ
1267 1757 1358 1790 ’ἐστιν

359 1803 592 1845 αἰσθάνεσθαι,
611 1806 751 1851 φανερὸν
778 1804 832 1837 ὅτι
858 1799 930 1836 οὐδ’
962 1803 1168 1836 ἐπίστασθαι
1185 1799 1222 1835 δι’
1245 1802 1364 1839 αἰσθή-

359 1861 440 1887 σεως
467 1849 571 1881 ἔστιν.

285 1894 398 1927 Ἀλλοί
421 1890 526 1930 δῆλον
553 1893 608 1926 ὅτι
631 1896 689 1926 καὶ
715 1894 744 1925 εἰ
768 1891 808 1931 ἦν
827 1892 1045 1925 αἰσθάνεσθαι
1067 1892 1110 1924 τὸ
1127 1894 1287 1938 τρίγωνον
1307 1891 1362 1924 ὅτι

358 1934 451 1970 δυσὶν
487 1937 599 1983 ὀρθαῖς
626 1941 702 1975 ἴσας
733 1938 803 1984 ἔχει
835 1939 900 1976 τοὶς
930 1940 1068 1984 γωνίας,
1103 1937 1288 1980 ἐζητοῦμεν
1323 1935 1362 1968 ἂν

361 1978 536 2023 ἀπόδειξιν
553 1984 612 2014 καὶ
631 1983 695 2028 οὐχ
718 1982 827 2027 ὥσπερ
846 1985 925 2027 φασί
952 1994 1038 2019 τινες
1057 1981 1293 2024 ἠπιστάμεθα·
1314 1981 1363 2012 αἱ-

360 2026 542 2059 σθοίνεσθαι
560 2027 619 2070 μὲν
644 2028 708 2074 γάρ
737 2027 868 2072 ἀνάγκη
893 2026 967 2059 καθ’
996 2025 1157 2066 ἕκαστον,
1185 2027 1205 2063 ’ἡ
1231 2022 1261 2057 δ’
1292 2025 1364 2056 ἑπι-

359 2071 474 2117 στήμη
494 2073 541 2113 τῷ
561 2071 602 2104 τό
626 2072 775 2105 καθόλου
800 2073 967 2118 γνωρίζειν
986 2071 1091 2103 ἐστίν.
1119 2071 1174 2103 Διὸ
1191 2073 1248 2102 καὶ
1266 2070 1294 2101 εἰ
1308 2070 1363 2101 ἐπὶ

360 2119 422 2154 τῆς
441 2117 582 2154 σελήνης
602 2115 696 2154 ὄντες
716 2118 865 2161 ἑωρῶμεν
887 2115 1187 2159 ἀντιφραττουσαν
1205 2115 1270 2151 τήν
1284 2115 1362 2160 γῆν,

363 2161 422 2193 οὐκ
450 2160 488 2194 ἄν
516 2156 652 2205 ᾔδειμεν
685 2161 750 2197 την
776 2163 893 2194 αἰτίαν
927 2161 989 2198 τῆς
1023 2159 1209 2202 ἐκλείψεως.
1240 2157 1367 2201 ’ῌσθα-

359 2205 487 2250 νόμεθα
510 2206 575 2252 γὰρ
603 2205 641 2238 ἂν
669 2206 723 2238 ὅτι
748 2207 804 2237 νῦν
831 2207 991 2246 ἐκλείπει,
1010 2206 1069 2236 καὶ
1096 2206 1132 2237 οὐ
1157 2200 1248 2236 διότι
1267 2203 1363 2240 ὅλως·

362 2252 400 2283 οὗ
425 2251 490 2297 γοὶρ
516 2249 557 2288 ἥν
583 2251 646 2283 τοῦ
670 2250 818 2282 καθόλου
851 2250 1015 2287 αἴσθησις.
1048 2249 1094 2280 Οὐ
1124 2249 1190 2292 μῆν
1225 2249 1299 2280 ἀλλ’
1329 2246 1366 2279 ἐκ

362 2297 425 2328 τοῦ
451 2294 582 2339 θεωρεῖν
608 2295 715 2328 τοῦτο
742 2295 907 2332 πολλάκις
940 2294 1124 2337 συμβαῖνον
1151 2294 1193 2327 τὸ
1217 2291 1364 2324 καθόλου

364 2338 402 2372 &v
428 2339 659 2384 θηρεύσαντες·
679 2335 854 2381 ἀπόδειξιν
881 2342 1028 2384 εἴχομεν·
1056 2339 1095 2370 ἐκ·
1109 2338 1174 2385 γοὶρ
1201 2338 1268 2370 τῶν
1285 2335 1361 2368 καθ’

362 2383 497 2417 ἕκαστα
523 2383 686 2417 πλειόνων
712 2385 752 2417 τό
777 2384 925 2417 καθόλου
950 2381 1066 2420 δῆλον.

367 2428 405 2460 δὲ
427 2427 575 2461 καθόλου
601 2432 727 2473 τίμιον,
756 2427 810 2462 ὅτι
835 2425 934 2467 δηλοῖ·
957 2428 999 2461 τὸ
1025 2429 1149 2459 αἴτιον·
1176 2425 1265 2457 ὥστε
1293 2428 1365 2470 περὶ

362 2474 429 2506 τῶν
455 2473 622 2506 τοιούτων
647 2474 668 2510 ἢ
693 2472 842 2506 καθόλου
869 2472 1055 2518 τιμιωτέρα
1081 2472 1147 2503 τῶν
1178 2468 1365 2505 αἰσθήσεων

360 2520 420 2550 καὶ
445 2518 509 2555 τῆς
526 2517 688 2557 νοήσεως,
708 2517 791 2550 ὅσων
811 2518 924 2563 ἕτερον
942 2517 983 2551 τό
1003 2519 1126 2549 αἴτιον·
1154 2516 1228 2559 περὶ
1244 2509 1282 2546 δέ
1300 2515 1366 2547 τῶν

364 2561 505 2607 πρώτων
526 2563 626 2600 ἄλλος
644 2560 757 2610 λόγος.
784 2563 933 2607 Φανερόν
956 2561 1012 2595 οὗν
1040 2559 1094 2593 ὅτι
1122 2554 1292 2592 ἀδύνατον
1318 2559 1366 2600 τῷ

288 2616 290 2619 ’
337 2630 339 2632 -
364 2606 583 2639 αἰσθάνεσθαι
608 2607 815 2641 ἐπίστασθαί
842 2620 875 2641 τι
899 2608 966 2640 τῶν
995 2600 1254 2643 ἀποδεικτικῶν,
1274 2603 1302 2634 εὶ
1319 2602 1367 2646 μή

364 2663 416 2689 τις
441 2652 483 2684 τὸ
510 2651 730 2685 αἰσθάνεσθαι
755 2653 861 2686 τοῦτο
878 2652 984 2698 λέγει,
1004 2650 1045 2683 τὰ
1064 2648 1258 2693 ἐπιστήμην
1278 2647 1366 2691 ἔχειν

363 2691 406 2736 δι’,
433 2691 650 2737 ἀποδείξεως.

288 2739 389 2773 Ἔστι
414 2741 531 2785 μέντοι
557 2742 629 2773 ἔνια
655 2740 853 2786 ἀναγόμενα
879 2741 924 2778 εἰς
956 2737 1140 2775 αἰσθήσεως
1167 2735 1308 2780 ἔκλειψιν
1335 2736 1367 2767 ἐν

366 2790 437 2823 τοῖς
455 2785 707 2831 προβλήμασιν.
726 2787 826 2818 Ἐνια
843 2786 907 2831 γὰρ
929 2785 957 2816 εὶ
975 2784 1125 2826 ἑωρῶμεν
1152 2782 1211 2814 οὐκ
1239 2780 1276 2812 ὀὶν
1296 2780 1370 2822 ἔζη-

365 2831 504 2873 τοῦμεν,
532 2831 596 2876 οὐχ
619 2833 662 2869 ὠς
687 2826 816 2869 εἰδότες
834 2831 883 2871 τῷ
902 2829 995 2872 ὁρᾶν,
1017 2828 1086 2861 ἀλλ’
1108 2829 1149 2865 ὠς
1174 2826 1310 2871 ἔχοντες
1327 2825 1367 2858 τὸ

364 2873 513 2907 καθόλου
545 2875 582 2906 ἐκ
607 2876 670 2908 τοῦ
704 2876 796 2918 ὁρᾷν.
830 2875 907 2906 Οῐον
932 2873 961 2905 εἰ
985 2873 1049 2909 τήν
1076 2871 1170 2903 ὕελον
1202 2882 1264 2903 τετ
1286 2882 1370 2906 υπη-

394 2917 468 2956 ένην
495 2920 644 2963 ἑωρῶμεν
668 2922 726 2952 καὶ
753 2919 793 2952 τό
818 2919 883 2963 φῶς
907 2914 1012 2959 διιόν,
1044 2912 1148 2953 δῆλον
1176 2914 1214 2947 ἂν
1245 2926 1285 2953 ην
1310 2916 1368 2945 καὶ

366 2929 428 2996 διὰ
451 2965 484 2996 τί
508 2966 611 3004 καίει,
634 2964 682 3005 τῷ
701 2965 779 3006 όρᾶν
801 2963 860 3007 μὲν
878 2965 975 3007 χωρὶς
995 2962 1045 3007 ἐφ’
1068 2961 1227 3000 ἑκάστης,
1246 2959 1369 2996 νοῆσαι

366 3002 396 3039 δ’
426 3005 499 3051 ἅμα
525 3006 578 3040 ὅτι
603 3008 659 3041 ἐπὶ
686 3009 802 3040 πασῶν
829 3006 948 3044 οὕτως.

363 3166 512 3193 SYNOPSIS.
533 3174 556 3193 1·.
571 3165 785 3202 Argumentum
799 3163 945 3192 lectionis:
961 3180 980 3184 —
994 3162 1099 3191 iterum
1124 3162 1279 3191 recitantur
1300 3164 1374 3191 duae

301 3206 485 3235 conditiones
498 3204 610 3242 generis
626 3205 707 3241 quod
721 3210 764 3232 est
778 3203 938 3231 subiectum
953 3202 1097 3231 scientiae.
1113 3219 1132 3223 -
1147 3210 1174 3230 2.
1190 3202 1266 3237 Quia
1281 3203 1372 3231 scien-

303 3246 344 3275 tia
365 3252 407 3274 est
428 3255 462 3274 ex
482 3243 649 3273 necessariis
670 3250 699 3272 et
726 3244 761 3271 de
782 3243 964 3278 necessariis,
984 3252 1045 3271 non
1071 3248 1166 3279 potest
1187 3251 1248 3270 esse
1269 3252 1372 3270 eorum

303 3295 378 3323 quae
393 3292 460 3314 sunt
474 3294 491 3313 a
504 3284 628 3319 fortuna,
644 3293 696 3311 seu
711 3292 784 3320 quae
806 3282 940 3311 accidunt
960 3289 992 3310 ut
1006 3282 1036 3311 in
1057 3282 1250 3320 paucioribus.
1262 3298 1280 3303 —
1293 3282 1317 3309 3.
1329 3283 1372 3309 De

303 3325 411 3363 duplici
425 3324 602 3353 necessitate:
611 3323 641 3351 in
652 3322 869 3357 mathematicis,
877 3331 1003 3359 quorum
1014 3329 1056 3351 est
1070 3322 1224 3350 necessitas
1234 3329 1252 3349 a
1258 3321 1357 3358 priori
1363 3331 1373 3355 ;

296 3373 334 3394 ct
347 3366 377 3394 in
391 3364 578 3399 naturalibus,
593 3373 719 3400 quorum
735 3369 777 3391 est
790 3362 944 3391 necessitas
958 3371 976 3390 a
986 3362 1147 3400 posteriori
1163 3361 1260 3398 (quod
1275 3367 1372 3389 tamen

304 3412 348 3434 est
362 3405 441 3442 prius
455 3405 615 3433 secundum
629 3404 785 3438 naturam),
796 3402 901 3430 scilicet
914 3410 933 3430 a
938 3402 1004 3440 fine
1019 3407 1046 3430 et
1060 3410 1077 3429 a
1084 3402 1219 3439 sorma.-
1227 3410 1256 3435 4.
1265 3401 1372 3429 Textus

305 3445 525 3474 subdivisiones.
541 3460 560 3465 —
577 3443 601 3471 5.
625 3442 701 3478 Quia
722 3451 822 3470 sensus
837 3451 898 3470 non
916 3441 1065 3478 cognoscit
1078 3440 1132 3468 nisi
1147 3440 1290 3477 singulare
1307 3449 1371 3468 sen-

307 3485 388 3513 sibile
409 3485 438 3513 in
459 3483 651 3512 determinato
673 3482 739 3510 loco
761 3488 788 3510 et
808 3487 940 3518 tempore
961 3480 1100 3514 existens,
1122 3489 1184 3508 non
1202 3485 1298 3516 potest
1318 3489 1370 3517 per

305 3534 424 3553 sensum
442 3523 542 3552 haberi
563 3522 690 3558 scientia,
712 3521 793 3550 cuius
814 3521 959 3549 obiectum
981 3527 1024 3548 est
1043 3519 1211 3555 universale,
1227 3519 1307 3556 quod
1329 3526 1372 3547 est

296 3559 422 3602 ⁴semper
442 3570 470 3592 et
487 3563 605 3599 ubique.
618 3563 674 3590 -6.
695 3562 831 3590 Attamen
846 3561 881 3589 de
905 3560 1016 3589 ratione
1036 3559 1220 3593 universalis,
1241 3564 1291 3587 aut
1310 3559 1371 3587 eius

296 3605 391 3645 {quodq
403 3611 446 3634 est
459 3603 628 3638 universale,
643 3609 686 3630 est
704 3611 765 3630 esse
786 3610 900 3638 semper
921 3607 948 3629 et
961 3600 1069 3637 ubique
1083 3609 1145 3628 non
1159 3599 1278 3636 quidem
1291 3596 1371 3628 affir-

1480 1055 1758 1085 monstrationem:
1782 1065 1886 1095 neque
1905 1056 1990 1085 enim
2013 1057 2092 1088 sicut
2111 1059 2320 1089 necessarium
2343 1067 2398 1098 est,
2423 1070 2475 1091 ne-

1481 1108 1543 1138 que
1559 1099 1639 1128 sicut
1657 1099 1845 1139 frequenter,
1861 1100 1950 1139 quod
1965 1108 2011 1131 est
2025 1112 2042 1131 a
2062 1101 2197 1141 fortuna,
2217 1104 2272 1133 sed
2290 1105 2378 1145 quod
2394 1112 2478 1136 extra

1481 1142 1543 1172 hoc
1570 1141 1620 1180 fit;
1645 1143 1699 1172 sed
1728 1143 1954 1173 demonstratio
1983 1145 2108 1176 alterius
2138 1147 2255 1178 horum
2283 1158 2338 1181 est.
2363 1149 2477 1180 Omnis

1482 1185 1567 1215 enim
1582 1186 1784 1226 syllogismus
1797 1194 1843 1217 est
1858 1195 1913 1218 aut
1922 1198 1978 1227 per
1988 1191 2184 1229 necessarias,
2197 1199 2251 1222 aut
2261 1203 2316 1232 per
2330 1204 2382 1223 eas
2397 1203 2478 1233 quae

1482 1236 1556 1260 sunt
1586 1236 1738 1280 tanquam
1769 1231 1946 1271 frequenter
1969 1234 2221 1273 propositiones;
2246 1243 2276 1267 et
2299 1238 2323 1267 si
2350 1237 2479 1277 quidem

1481 1281 1715 1313 propositiones
1744 1275 1932 1305 necessariae
1956 1283 2039 1315 sunt,
2069 1285 2098 1308 et
2126 1280 2286 1310 conclusio
2310 1281 2481 1311 necessaria

1483 1324 1543 1355 est;
1568 1318 1593 1348 si
1616 1328 1690 1348 vero
1715 1319 1776 1349 sint
1799 1326 1835 1350 ut
1857 1320 2045 1360 frequenter,
2066 1329 2096 1353 et
2113 1324 2273 1355 conclusio
2297 1325 2480 1355 huiusmodi

1483 1369 1537 1392 est.
1563 1363 1669 1400 Quare
1697 1363 1723 1392 si
1751 1363 1783 1393 id
1806 1365 1896 1404 quod
1924 1373 1970 1396 est
1993 1377 2011 1396 a
2038 1366 2181 1405 fortuna,
2206 1379 2309 1409 neque
2333 1376 2378 1400 est
2401 1369 2482 1399 sicut

1482 1406 1670 1447 frequenter,
1686 1417 1789 1448 neque
1802 1409 1882 1439 sicut
1893 1410 2118 1449 necessarium;
2135 1421 2238 1452 neque
2255 1413 2364 1453 utique
2383 1412 2481 1453 ipsius

1482 1450 1539 1481 erit
1562 1451 1798 1483 demonstratio.

1414 1494 1431 1513 *
1446 1495 1558 1535 Neque
1581 1506 1638 1535 per
1660 1506 1789 1526 sensum
1813 1505 1859 1529 est
1881 1498 1966 1528 scire.
1992 1499 2024 1529 Si
2041 1499 2125 1529 enim
2141 1507 2186 1535 est
2202 1511 2311 1531 sensus
2327 1501 2395 1534 talis
2414 1500 2482 1542 qui-

1482 1539 1556 1569 dem
1579 1540 1774 1579 huiusmodi,
1792 1548 1823 1572 et
1837 1552 1903 1572 non
1926 1543 2110 1574 huiusmodi
2133 1544 2280 1584 alicuius;
2305 1546 2359 1575 sed
2377 1552 2487 1580 tamen⁴

1482 1584 1595 1614 sentire
1625 1594 1750 1615 necesse
1774 1592 1820 1616 est
1843 1587 1904 1617 hoc
1929 1587 2059 1628 aliquid,
2088 1595 2119 1618 et
2141 1589 2196 1619 ubi
2226 1595 2256 1619 et
2284 1599 2378 1619 nunc.
2404 1589 2482 1620 Uni-

1482 1629 1600 1658 versate
1623 1636 1730 1660 autem
1757 1637 1789 1660 et
1816 1631 1849 1660 in
1876 1633 2025 1662 omnibus
2055 1633 2249 1673 impossibile
2276 1640 2321 1664 est
2351 1634 2481 1664 sentire:

1483 1682 1549 1702 non
1573 1673 1658 1703 enim
1682 1680 1728 1704 est
1750 1675 1801 1705 hic
1824 1686 1928 1716 neque
1952 1684 2051 1714 nunc;
2076 1687 2140 1707 non
2165 1678 2250 1708 enim
2273 1677 2382 1718 utique
2402 1684 2482 1708 esset

1484 1716 1657 1748 universale
1665 1725 1674 1756 ;
1698 1719 1786 1759 quod
1811 1720 1895 1750 enim
1918 1731 2042 1761 semper
2065 1728 2110 1752 est
2133 1728 2163 1752 et
2186 1722 2303 1762 ubique
2327 1728 2388 1760 est,
2412 1721 2482 1751 uni-

1483 1761 1601 1791 versale
1631 1771 1697 1792 esse
1721 1762 1866 1794 dicimus.
1896 1765 2059 1801 Quoniam
2082 1765 2176 1805 igitur
2200 1765 2481 1796 demonstrationes

1484 1805 1673 1836 universales
1697 1814 1790 1845 sunt;
1815 1808 1890 1838 haec
1917 1816 2023 1839 autem
2042 1820 2107 1839 non
2133 1817 2178 1840 est
2203 1810 2330 1848 sentire;
2354 1809 2484 1839 manife-

1484 1856 1570 1879 stum
1594 1857 1640 1880 est
1662 1852 1751 1891 quod
1775 1862 1877 1892 neque
1901 1853 1977 1884 scire
2000 1864 2056 1893 per
2079 1864 2216 1885 sensum.

1418 1892 1479 1923 Sed
1503 1894 1706 1925 manifestum
1722 1903 1768 1926 est
1791 1897 1955 1937 quoniam,
1970 1905 2001 1928 et
2016 1898 2041 1927 si
2065 1906 2145 1929 esset
2163 1899 2275 1929 sentire
2291 1899 2483 1939 triangulum

1485 1938 1612 1985 duobus
1644 1940 1734 1970 rectis
1766 1942 1912 1981 aequales
1939 1942 2052 1973 habere
2083 1943 2236 1982 angulos,
2262 1952 2482 1983 quaereremus

1486 1989 1595 2024 unque
1619 1984 1930 2024 demonstrationem,
1947 1993 1977 2017 et
1992 1997 2068 2026 non,
2085 1987 2165 2017 sicut
2185 1987 2315 2027 quidam
2338 1987 2483 2024 fatentur,

1486 2027 1647 2059 sciremus.
1665 2029 1784 2060 Sentire
1808 2030 1938 2070 quidem
1961 2031 2046 2061 enim
2062 2041 2186 2063 necesse
2210 2038 2255 2061 est
2278 2031 2484 2071 singulariter;

1487 2072 1616 2103 scientia
1638 2080 1745 2104 autem
1769 2081 1814 2104 est
1836 2075 1869 2104 in
1893 2075 2113 2114 cognoscendo
2138 2075 2319 2105 universale.
2341 2075 2431 2106 Unde
2456 2081 2486 2105 et

1487 2116 1512 2146 si
1536 2117 1568 2146 in
1592 2118 1668 2148 luna
1693 2128 1832 2152 essemus
1849 2126 1878 2149 et
1901 2119 2077 2149 videremus
2101 2120 2255 2150 obiectam
2278 2126 2402 2157 terram,
2419 2129 2484 2149 non

1486 2160 1598 2202 utique
1614 2162 1763 2192 sciremus
1781 2174 1907 2193 causam
1924 2163 2071 2194 defectus.
2089 2163 2281 2194 Sentiremus
2304 2164 2389 2193 enim
2405 2173 2484 2203 quo-

1487 2205 1573 2236 niam
1589 2206 1733 2237 deficeret
1748 2217 1842 2245 nunc,
1861 2207 1914 2237 sed
1930 2217 1995 2237 non
2012 2214 2141 2247 propter
2156 2208 2233 2248 quid
2249 2208 2396 2237 omnino:
2419 2217 2484 2237 non

1487 2250 1572 2280 enim
1596 2258 1676 2281 esset
1705 2251 1886 2282 universalis
1918 2262 2037 2282 sensus.
2061 2252 2122 2282 Sed
2146 2262 2183 2282 ex
2206 2252 2400 2282 considerare
2423 2251 2485 2281 hoc

1486 2294 1802 2332 multotiesaccidere
1820 2295 1994 2326 universale
2009 2302 2167 2334 venantes,
2184 2295 2485 2326 demonstrationem

1486 2339 1654 2369 habemus:
1673 2349 1709 2369 ex
1725 2340 1934 2380 singularibus
1958 2340 2042 2370 enim
2061 2341 2204 2380 plun'bus
2228 2340 2401 2370 universale
2419 2349 2485 2369 ma—

1487 2383 1637 2414 nifestum
1661 2391 1716 2414 est.

1420 2425 1602 2458 Universale
1626 2434 1733 2458 autem
1755 2427 1972 2458 honorabilius
1996 2434 2056 2467 est,
2079 2428 2232 2469 quoniam
2255 2427 2391 2458 ostendit
2414 2436 2485 2457 cau-

1487 2479 1572 2502 sam:
1590 2482 1687 2512 quare
1711 2472 1748 2502 de
1772 2472 1957 2502 huiusmodi
1980 2472 2146 2503 universali
2171 2472 2297 2502 scientia
2319 2470 2486 2502 honorabi-

1486 2516 1547 2546 lior
1570 2523 1616 2547 est
1647 2516 1808 2555 sensibus,
1835 2523 1866 2547 et
1889 2516 2068 2556 cognitione
2100 2526 2367 2557 quorumcunque
2395 2525 2488 2545 causa

1488 2568 1549 2599 est;
1567 2561 1622 2591 sed
1645 2561 1684 2591 de
1707 2561 1817 2600 primis
1841 2560 1901 2591 alia
1924 2560 2002 2591 ratio
2021 2568 2077 2591 est.
2097 2560 2301 2591 Manifestum
2325 2566 2370 2590 est
2392 2559 2486 2599 igitur

1489 2605 1579 2646 quod
1601 2605 1795 2645 impossibile
1820 2605 1858 2636 sit
1874 2604 2036 2635 sentiendo
2061 2604 2137 2635 scire
2153 2605 2272 2646 aliquid
2294 2605 2487 2634 demonstra-

2505 1018 2513 1026 '
2531 1017 2587 1044 Cap.
2602 1023 2657 1037 xxx.

2505 1043 2560 1070 Seq.
2570 1047 2626 1064 text.
2636 1049 2672 1070 43.
2699 1059 2702 1061 .

2512 1502 2519 1511 '
2536 1501 2593 1528 Cap.
2603 1507 2665 1522 xxm.

2509 1528 2563 1554 Seq.
2579 1531 2633 1549 text.
2648 1533 2684 1555 43.

1489 2657 1609 2688 torum,
1626 2649 1685 2679 nisi
1708 2649 1772 2679 iam
1795 2649 1908 2689 aliquis
1932 2649 2044 2680 sentire
2066 2649 2128 2680 hoc
2151 2649 2233 2680 dicat
2256 2648 2416 2680 scientiam
2434 2647 2487 2678 ha·
2533 2668 2538 2673 ,

1489 2695 1561 2724 bere
1585 2704 1640 2733 per
1664 2693 1975 2724 demonstrationem.

1423 2739 1504 2770 Sunt
1528 2746 1635 2770 tamen
1658 2738 1815 2778 quaedam
1837 2737 1965 2768 reducta
1988 2738 2027 2767 ad
2046 2747 2155 2768 sensus
2180 2737 2337 2768 defectum
2359 2737 2391 2767 in
2414 2745 2487 2775 pro-

1489 2782 1610 2823 positis·
1627 2782 1794 2819 Quaedam
1817 2782 1903 2812 enim
1926 2782 1950 2812 si
1973 2782 2161 2820 videremus,
2179 2792 2245 2812 non
2260 2782 2370 2822 utique
2394 2791 2488 2822 quae-

1490 2833 1650 2864 reremus;
1667 2836 1732 2856 non
1755 2834 1908 2866 tanquam
1938 2826 2068 2857 scientes
2098 2826 2130 2856 in
2153 2826 2310 2863 videndo,
2336 2825 2391 2855 sed
2419 2834 2487 2857 tan-

1490 2881 1590 2913 quam
1612 2871 1761 2901 habentes
1785 2870 1958 2900 universale
1982 2880 2018 2900 ex
2041 2880 2079 2900 eo
2105 2870 2193 2910 quod
2220 2870 2374 2909 videmus.
2397 2871 2440 2901 Ut
2463 2870 2487 2900 si

1489 2916 1608 2947 vitrum
1630 2915 1825 2955 perforatum
1857 2915 2052 2952 videremus,
2077 2921 2107 2944 et
2128 2915 2237 2944 lumen
2261 2913 2487 2954 pertransiens,

1489 2959 1692 2991 manifestum
1706 2959 1815 2999 utique
1831 2958 1886 2989 erit
1901 2965 1931 2989 et
1945 2965 2073 2998 propter
2089 2958 2165 2998 quid
2180 2958 2354 2995 illuminat;
2371 2965 2401 2988 et
2415 2969 2487 2998 pro-

1492 3012 1560 3044 pter
1574 3004 1606 3033 id
1622 3004 1711 3044 quod
1726 3003 1870 3033 videmus
1894 3003 2024 3043 quidem
2046 3012 2190 3033 seorsum
2212 3002 2244 3032 in
2268 3012 2486 3043 unoquoque,

1489 3049 1660 3088 intelligere
1673 3054 1781 3078 autem
1795 3047 1889 3077 simul
1904 3054 1950 3077 est
1964 3046 2116 3087 quoniam
2139 3047 2171 3076 in
2193 3045 2341 3076 omnibus
2364 3046 2407 3076 sic
2431 3052 2503 3082 est,·

1429 3163 1544 3198 mative,
1560 3164 1611 3191 sed
1632 3162 1771 3199 negative.
1783 3180 1802 3184 -
1813 3172 1839 3198 7.
1854 3164 1943 3190 Error
1963 3161 2093 3190 sensismi
2114 3161 2271 3189 excluditur
2281 3178 2299 3182 -
2310 3161 2337 3188 8.
2353 3161 2485 3196 Scienfia,

1429 3203 1497 3239 quia
1512 3209 1555 3230 est
1576 3202 1703 3239 cognitio
1724 3211 1776 3238 per
1795 3211 1912 3230 causam
1933 3202 2131 3235 universalem,
2154 3207 2195 3229 est
2216 3200 2341 3228 nobilior
2361 3200 2488 3237 qualibet

1428 3242 1562 3270 sensitiva
1583 3241 1762 3279 cognitione:
1785 3250 1854 3269 nam
1868 3241 1939 3269 scire
1961 3251 1995 3269 ea
2009 3250 2082 3278 quae
2097 3241 2203 3268 habent
2216 3249 2341 3275 causam,
2356 3249 2407 3277 per
2421 3249 2487 3268 cau-

1428 3291 1490 3309 sam
1510 3281 1708 3316 universalem‚
1725 3287 1767 3308 est
1780 3280 1905 3308 nobilius
1920 3290 2008 3317 quam
2023 3290 2057 3308 ea
2071 3280 2226 3316 intelligere
2245 3280 2305 3307 sine
2323 3279 2487 3316 cognitione

1427 3320 1562 3357 propriae
1583 3329 1694 3349 causae.
1706 3337 1725 3341 -
1738 3321 1874 3348 Attamen
1896 3329 1969 3356 quae
1990 3329 2042 3356 per
2058 3329 2087 3348 se
2102 3319 2266 3347 immediate
2284 3319 2487 3356 intelliguntur,

1427 3366 1565 3397 generant
1579 3359 1774 3396 cognitionem
1795 3359 1969 3387 nobiliorem
1990 3366 2017 3387 et
2038 3359 2188 3387 certiorem
2209 3358 2342 3393 scientia;
2366 3359 2433 3395 quia
2454 3368 2488 3387 ex

1426 3400 1527 3428 talium
1549 3399 1733 3436 intelligentia
1754 3398 1872 3427 scientia
1899 3398 2098 3426 certitudinem
2123 3399 2217 3426 habet.
2232 3415 2250 3419 -
2265 3408 2292 3434 9.
2315 3398 2486 3427 Conclusio:

1427 3439 1606 3476 Impossibile
1627 3445 1669 3467 est
1689 3447 1741 3475 per
1761 3448 1878 3466 sensum
1900 3447 2074 3474 cognoscere
2094 3437 2203 3474 aliquid
2221 3437 2453 3466 demonstrabile.
2469 3455 2488 3460 -

1432 3488 1474 3506 ιο.
1490 3480 1626 3507 Attamen
1641 3487 1741 3506 sensus
1762 3477 1792 3505 in
1813 3477 1897 3505 nobis
1918 3477 2068 3505 ordinatur
2087 3478 2123 3505 ad
2145 3477 2301 3512 scientiam,
2323 3487 2383 3506 non
2405 3478 2488 3514 quasi

1427 3518 1545 3546 scientia
1566 3518 1703 3546 consistat
1723 3518 1753 3545 in
1774 3517 1934 3545 actionibus
1954 3526 2100 3552 sensuum,
2123 3518 2173 3545 sed
2193 3523 2333 3554 quatenus
2348 3526 2382 3545 ex
2403 3518 2488 3545 rebus

1428 3558 1608 3586 sensibilibus
1634 3567 1685 3594 per
1710 3557 1787 3585 viam
1808 3556 1993 3594 experimenti
2014 3555 2151 3593 accipitur
2170 3557 2343 3593 universale,
2371 3557 2407 3585 de
2428 3567 2488 3594 quo

1427 3605 1470 3626 est
1490 3604 1616 3626 scientia.
