2548 4192
919 313 973 349 IN
1005 313 1043 349 S.
1064 313 1306 351 THOMAM
1333 314 1656 361 AQUINATEM

180 393 299 423 dictum
316 397 384 423 est:
401 391 487 432 quod
503 391 705 432 unigenitum
720 391 784 421 Dei
805 390 939 421 Verbum
956 401 1091 432 passum
1117 397 1147 422 et
1167 402 1252 422 mor-

181 443 271 468 tuum
303 435 501 477 confitemur.
526 435 601 465 Non
633 436 716 465 enim
747 435 827 466 haec
850 436 879 465 ei
910 436 1114 466 attribuimus
1141 446 1252 466 secun-

179 482 256 512 dum
277 486 429 511 naturam
446 479 600 516 divinam,
615 479 673 509 sed
687 479 862 509 secundum
878 479 1064 518 humanam,
1081 490 1176 520 quam
1188 490 1252 520 pro

181 530 292 556 nostra
314 525 421 554 salute
443 524 475 554 in
501 524 655 553 unitatem
673 533 836 563 personae
858 525 1041 563 assumpsit.

247 568 413 605 Quoniam
428 577 504 598 vero
526 579 542 595 ι
563 577 620 607 per
642 567 824 607 passionem
847 573 878 598 et
900 574 1038 598 mortem
1061 567 1178 598 Christi
1194 567 1252 597 ho-

180 624 197 640 »
219 612 321 643 mines
345 622 364 642 a
388 617 519 652 peccato
551 617 742 651 purgantur;
764 618 801 642 ut
824 611 920 642 huius
943 618 1010 642 tam
1034 611 1182 642 immensi
1199 612 1251 642 be-

181 669 197 684 »
219 655 323 687 neficii
354 656 437 696 iugis
468 655 502 685 in
536 655 629 685 nobis
662 662 803 686 maneret
838 655 1013 695 memoria,
1041 656 1140 686 Filius
1172 656 1252 694 Dei,

182 711 198 727 t
219 700 367 741 passione
390 699 687 740 appropinquante,
713 709 788 730 suae
812 699 966 740 passionis
991 706 1022 730 et
1044 700 1154 730 mortis
1183 710 1249 730 me-

184 757 199 772 »
221 745 359 775 moriam
381 743 526 774 fidelibus
543 743 609 774 suis
634 743 760 784 reliquit
784 743 897 783 iugiter
917 744 1136 783 recolendam,
1156 754 1252 774 suum

184 801 199 816 »
222 798 338 828 corpus
354 794 384 818 et
400 787 588 828 sanguinem
601 788 726 818 tradens
741 788 903 828 discipulis
919 788 978 818 sub
989 788 1152 828 speciebus
1162 788 1252 828 panis

183 845 199 860 »
222 839 253 863 et
266 832 348 870 vini;
365 832 455 873 quod
478 841 580 872 usque
604 841 690 862 nunc
705 832 738 862 in
754 832 943 862 memoriam
957 832 1041 862 illius
1057 833 1252 871 venerandae

184 889 199 904 »
221 876 377 917 passionis
388 876 507 917 ubique
517 882 670 906 terrarum
679 875 796 906 Christi
805 876 982 916 frequentat
989 876 1137 907 Ecclesia.
1145 877 1253 913 Quam

182 932 197 947 ²
218 930 299 951 vane
323 927 431 951 autem
446 920 507 950 hoc
523 920 763 950 Sacramentum
781 920 929 950 irrideant
951 919 1104 958 infideles,
1120 920 1254 960 quilibet

183 977 199 992 ι»
221 965 317 995 etiam
340 974 455 1004 parum
477 964 510 994 in
534 963 712 994 Christiana
735 964 900 1003 Religione
922 964 1091 994 instructus
1115 964 1154 993 de
1170 963 1252 994 facili

183 1022 199 1036 ιο
221 1015 327 1049 potest
342 1008 511 1039 attendere.
527 1008 603 1038 Non
620 1007 706 1038 enirn
730 1008 864 1038 dicimus
886 1008 976 1048 quod
992 1007 1120 1047 Corpus
1136 1007 1252 1038 Christi

185 1066 199 1080 1>
222 1053 419 1083 dilaceretur
441 1053 474 1082 in
496 1057 628 1092 partes,
651 1058 682 1081 et
709 1052 799 1091 quod
822 1051 866 1081 sic
895 1051 1032 1081 divisum
1059 1061 1078 1081 a
1106 1050 1252 1081 fidelibus

185 1109 200 1123 ²
223 1097 282 1127 sub
306 1097 508 1127 Sacramento
536 1101 690 1133 sumatur,
715 1101 751 1125 ut
774 1101 920 1135 oporteat
949 1095 1140 1135 quandoque
1172 1094 1254 1125 illud

184 1153 200 1168 ›
221 1140 368 1181 deficere,
386 1139 508 1169 etiamsi
525 1139 781 1179 magnitudinem
796 1140 914 1169 montis
927 1138 1068 1175 haberet,
1081 1145 1117 1169 ut
1132 1138 1254 1168 dicunt.>

183 1195 198 1211 ι
221 1184 284 1214 Sed
307 1183 442 1213 dicimus
464 1192 521 1222 per
549 1182 790 1212 conversionem
813 1182 904 1222 panis
927 1182 960 1211 in
984 1191 1100 1222 corpus
1124 1181 1252 1220 Christi,

184 1240 199 1255 »
220 1227 329 1268 ipsum
353 1236 468 1267 corpus
492 1225 610 1256 Christi
628 1226 661 1256 in
686 1226 888 1257 Sacramento
905 1225 1063 1256 Ecclesiae
1086 1235 1164 1264 esse,
1189 1232 1219 1255 et
1235 1235 1252 1255 a

184 1284 200 1299 ›
221 1271 368 1302 fidelibus
390 1269 585 1300 manducari.
610 1271 658 1300 Ex
681 1280 748 1310 quo
772 1279 846 1309 ergo
880 1269 1007 1309 Corpus
1035 1269 1152 1300 Christi
1185 1279 1252 1299 non

183 1328 198 1343 ι
221 1315 382 1354 dividitur,
394 1314 509 1355 sedin
532 1314 641 1354 ipsum
663 1313 783 1355 aliquid
806 1313 1013 1352 convertitur,
1035 1314 1123 1343 nulla
1146 1323 1252 1344 neces—

162 1372 204 1387 «ι
221 1360 306 1390 sitas*
319 1358 374 1390 est
387 1365 424 1389 ut
445 1368 502 1398 per
525 1358 805 1388 manducationem
827 1357 971 1388 fidelium
994 1357 1160 1398 quantitati
1185 1357 1252 1388 eius

184 1416 200 1432 ι
221 1403 342 1445 aliquid
365 1403 574 1433 subtrahatur.
604 1415 619 1430 »
647 1402 735 1432 Haec
757 1402 811 1432 ille
834 1402 935 1442 capite
966 1411 1035 1432 vm.
1062 1402 1153 1432 Hanc
1176 1412 1252 1432 vero

167 1447 434 1485 -conversionem,
450 1456 532 1487 quae
561 1446 874 1477 Transubstantiatio
898 1446 1084 1486 appellatur,
1101 1446 1252 1476 verisimi-

180 1492 245 1523 lem
260 1498 297 1523 ut
312 1491 420 1533 aliquo
437 1491 538 1521 modo
553 1490 732 1521 infidelibus
748 1490 868 1528 reddat,
884 1490 1077 1521 naturalium
1093 1490 1136 1520 rei
1156 1490 1252 1520 unius

180 1536 215 1567 in
238 1536 333 1567 aliam
356 1535 603 1566 conversionum
626 1534 764 1565 adsumit
787 1534 941 1574 exempla,
968 1544 1004 1564 ac
1027 1534 1126 1565 utitur
1148 1534 1252 1574 philo-

181 1580 313 1622 sophiae
326 1579 499 1621 principiis,
514 1590 597 1620 quae
612 1578 756 1610 Saraceni
771 1578 994 1609 admittebant:
1010 1585 1105 1619 atque
1120 1578 1252 1609 demum

181 1624 316 1665 Siquis,
341 1624 456 1665 inquit,
472 1625 535 1654 Dei
553 1623 812 1663 omnipotentiam
838 1632 901 1653 non
925 1622 1114 1663 confitetur:
1138 1628 1251 1653 contra

181 1669 278 1699 talem
294 1670 326 1699 in
357 1669 417 1699 hoc
432 1678 527 1708 opere
542 1668 788 1708 disputationem
805 1676 868 1697 non
885 1668 1088 1704 assumimus,
1105 1666 1163 1697 sed
1177 1676 1251 1697 con-

181 1717 234 1743 tra
248 1713 430 1744 Saracenos
447 1717 476 1743 et
490 1713 582 1750 alios,
594 1713 649 1753 qui
662 1712 726 1741 Dei
734 1712 993 1751 omnipotentiam
1010 1711 1212 1751 confitentur.

249 1757 303 1788 111.
322 1757 411 1788 Num
442 1766 517 1787 vero
550 1756 722 1787 moralium
751 1754 936 1785 huiusmodi
968 1761 999 1785 et
1015 1755 1251 1795 philosophica-

182 1811 255 1832 rum
279 1801 451 1839 rationum,
474 1810 553 1841 quas
577 1799 768 1830 antiocheno
792 1798 923 1830 Cantori
948 1798 1140 1829 adhibendas
1163 1808 1252 1838 prae-

180 1846 234 1877 bet
255 1845 296 1875 ad
328 1845 603 1885 comprimendam
635 1843 864 1874 Saracenorum
887 1842 1085 1881 irrisionem,
1108 1842 1189 1873 vires
1221 1849 1252 1873 et

181 1887 352 1921 efficaciam
375 1889 516 1919 multum
546 1888 648 1918 valere
672 1887 893 1918 existimaverit
914 1885 1053 1918 Auctor?
1071 1887 1160 1917 Num
1182 1897 1251 1917 ma-

180 1943 284 1976 gnum
300 1933 467 1965 doctrinae
481 1942 597 1964 sacrae
607 1931 809 1972 praesidium
827 1933 860 1962 in
877 1931 1081 1972 philosophia
1091 1932 1250 1971 posuerit,

180 1978 353 2019 ipsumque
377 1986 565 2008 consensum
589 1977 724 2006 Patrum
748 1981 779 2006 et
801 1976 990 2016 Scripturae
1009 1985 1051 2006 ex
1073 1975 1253 2006 rationibus

182 2022 410 2063 metaphysicis
432 2026 464 2052 et
487 2021 675 2052 testimoniis
691 2020 954 2060 philosophorum
981 2020 1154 2050 Gentilium
1177 2029 1252 2050 con-

171 2066 316 2108 firmare
343 2062 607 2106 praesumpserit?
634 2065 680 2095 Ita
703 2070 808 2095 censet
831 2065 963 2095 Iacobus
991 2064 1182 2103 Bruckerus,
1205 2074 1252 2094 re-

181 2110 250 2151 giae
274 2110 438 2141 Societatis
460 2109 671 2140 Berolinensis
690 2109 882 2147 membrum,
899 2108 932 2138 in
956 2118 1013 2138 sua
1036 2108 1176 2138 Historia
1195 2108 1252 2139 cri-

179 2155 240 2186 tica
255 2154 487 2195 philosophiae.
504 2154 607 2185 Verba
624 2153 770 2183 dabimus
785 2153 818 2183 in
834 2153 895 2183 alia
911 2158 1020 2184 contra
1035 2152 1143 2192 ipsum
1159 2152 1251 2183 alios-

180 2209 243 2240 que
267 2208 411 2230 censores
434 2198 670 2229 Dissertatione.

247 2243 413 2282 Audacem
427 2242 531 2281 istam,
548 2248 579 2272 et
593 2251 719 2279 vanam,
736 2247 766 2272 et
781 2241 893 2271 falsam
909 2251 1076 2271 censuram
1090 2240 1157 2281 ipse
1175 2250 1250 2271 con-

179 2287 266 2318 vellit
289 2293 414 2318 sanctus
447 2287 592 2317 Thomas
614 2286 648 2316 in
671 2295 731 2324 eo,
755 2295 821 2327 quo
845 2286 884 2316 de
916 2285 1040 2325 agimus
1063 2285 1251 2325 Opusculo,

181 2332 282 2373 capite
304 2340 340 2362 11.
357 2331 461 2363 Verba
483 2330 601 2362 refero:
622 2343 637 2358 «
655 2330 704 2360 De
727 2330 788 2360 hoc
811 2337 918 2360 tamen
946 2329 1051 2370 primo
1080 2329 1252 2359 admonere

182 2389 199 2404 ›
220 2383 251 2408 te
273 2376 362 2415 volo,
378 2375 468 2416 quod
490 2375 524 2406 in
548 2374 815 2415 disputationibus
839 2380 948 2405 contra
971 2373 1113 2404 infideles
1136 2374 1176 2404 de
1198 2383 1251 2403 ar-

182 2432 198 2448 »
221 2421 328 2452 riculis
340 2420 436 2462 fidei,
453 2430 520 2450 non
544 2419 584 2449 ad
606 2419 669 2449 hoc
693 2418 799 2449 conari
816 2418 921 2455 debes,
937 2424 974 2448 ut
995 2416 1093 2447 fidem
1118 2418 1251 2447 rationi-

184 2477 199 2492 »
221 2465 280 2496 bus
303 2465 493 2495 necessariis
515 2463 640 2504 probes.
658 2463 730 2492 Hoc
754 2462 839 2492 enim
863 2461 1047 2492 sublimitati
1065 2460 1138 2491 fidei
1162 2461 1252 2491 dero-

184 2521 199 2535 ›
222 2515 318 2549 garet,
336 2508 434 2544 *cuius
456 2508 600 2538 veritates
623 2516 690 2537 non
714 2507 821 2536 solum
852 2506 1008 2536 humanas
1032 2511 1173 2543 mentes,
1198 2505 1252 2535 sed

185 2565 200 2580 »
223 2553 318 2584 etiam
340 2552 539 2592 Angelorum
570 2551 733 2582 excedunt.
750 2552 780 2580 A
803 2550 895 2580 nobis
928 2556 1035 2580 autem
1063 2549 1252 2588 creduntur,

186 2609 202 2625 ›
224 2597 315 2639 quasi
337 2598 376 2627 ab
391 2597 462 2637 ipso
479 2596 549 2626 Deo
572 2595 734 2625 revelatae.
752 2594 836 2632 Quia
851 2600 957 2624 tamen
976 2593 1065 2634 quod
1089 2603 1107 2623 a
1127 2603 1253 2624 summa

186 2654 202 2669 »
223 2641 361 2673 Veritate
384 2640 525 2681 procedit
546 2639 663 2670 falsum
688 2649 755 2669 esse
778 2649 845 2669 non
861 2644 980 2678 potest;
1000 2647 1058 2668 nec
1081 2638 1254 2668 necessaria

186 2698 202 2713 ι
224 2686 345 2717 ratione
368 2684 548 2726 impugnari
571 2684 664 2723 valet,
681 2683 770 2724 quod
789 2682 906 2713 falsum
929 2688 995 2712 non
1019 2688 1081 2712 est:
1101 2681 1179 2712 fides
1195 2692 1253 2712 no-

187 2742 203 2758 »
225 2736 298 2769 stra,
314 2729 495 2760 necessariis
515 2727 690 2759 rationibus
711 2727 792 2758 sicut
814 2726 941 2767 probari
956 2736 1023 2756 non
1047 2732 1162 2766 potest,
1179 2726 1254 2767 quia

187 2787 202 2802 »
224 2774 400 2806 humanam
423 2780 564 2804 mentem
587 2771 724 2810 excedit;
747 2771 790 2802 ita
812 2770 986 2811 improbari
1013 2770 1185 2800 necessaria
1207 2780 1254 2800 ra-

187 2831 203 2846 »
225 2819 312 2850 tione
336 2829 402 2849 non
426 2824 531 2858 potest
563 2823 693 2857 propter
715 2816 764 2846 sui
796 2815 969 2846 veritatem.
995 2815 1046 2845 Ad
1069 2814 1131 2845 hoc
1159 2814 1255 2854 igitur

187 2874 202 2889 2
225 2863 318 2893 debet
340 2862 467 2893 tendere
495 2861 654 2892 christiani
683 2859 886 2900 disputatoris
909 2859 1042 2890 intentio
1059 2859 1092 2888 in
1116 2859 1254 2889 articulis

187 2918 203 2933 ›
224 2906 310 2945 fidei,
327 2917 394 2937 non
417 2912 453 2936 ut
474 2905 572 2936 fidem
595 2905 718 2946 probet,
735 2904 790 2934 sed
813 2910 848 2934 ut
866 2903 963 2934 fidem
987 2903 1143 2933 defendat.
1162 2903 1254 2934 Unde

188 2962 204 2977 ¹>
227 2957 257 2981 et
279 2951 389 2981 beatus
411 2950 522 2980 Petrus
545 2959 612 2979 non
635 2948 710 2979 dicit
733 2946 848 2990 (Epist.
872 2948 895 2986 Ι,
917 2947 1018 2988 capite
1040 2956 1090 2985 111,
1113 2952 1143 2977 it.
1173 2945 1254 2989 15);

189 3006 204 3020 ι»
226 2994 340 3024 Parati
357 3003 482 3034 semper
496 2994 539 3024 ad
547 2993 781 3033 probationem,
800 2992 855 3022 sed
870 2992 914 3022 ad
928 2991 1200 3032 satisfactionem:
1219 2998 1255 3021 ut

190 3050 205 3065 ›
228 3037 343 3068 scilicet
353 3037 587 3068 rationabiliter
596 3037 779 3069 ostendatur
789 3046 855 3066 non
866 3045 932 3066 esse
943 3035 1068 3074 falsum,
1080 3035 1169 3075 quod
1178 3035 1255 3065 fides

190 3094 205 3109 »
229 3082 380 3113 catholica
397 3080 591 3111 confitetur.»
611 3081 711 3117 Quod
727 3080 805 3110 alios
820 3079 1063 3120 prudentissime
1079 3079 1172 3110 docet
1186 3089 1255 3109 san-

188 3133 256 3157 ctus
279 3126 423 3156 Thomas
433 3147 441 3163 ‚
466 3124 584 3165 passim
600 3131 630 3155 et
645 3124 764 3165 ubique
780 3125 818 3155 ab
835 3125 905 3164 ipso
922 3124 1043 3164 egregie
1059 3123 1255 3163 praestitum.

566 3226 763 3262 CAPUT
804 3226 872 3262 IV.

190 3324 381 3357 Compendium
395 3322 560 3354 Theologiae,
576 3321 646 3354 quod
660 3320 754 3354 incipit,
768 3321 877 3345 Aeterni
891 3320 980 3345 Patris
998 3319 1110 3345 Verbum
1125 3324 1256 3344 auctorem

260 3360 338 3384 habet
352 3363 469 3383 sanctum
483 3357 622 3381 Thomam.
636 3356 676 3380 Ab
691 3363 722 3380 eo
737 3361 762 3380 et
775 3356 882 3380 Alberto
896 3356 990 3387 Magno
1005 3355 1163 3379 abiudicatur
1177 3355 1255 3378 Com-

261 3395 383 3428 pendium
403 3394 520 3424 alterum,
535 3392 606 3424 quod
621 3391 714 3423 incipit,
732 3390 904 3423 Theologicae
918 3390 1047 3415 veritatis.
1065 3389 1175 3421 Philippi
1189 3389 1255 3413 Lab-

260 3430 301 3455 bei
321 3437 429 3454 censura
448 3427 606 3461 expenditur.
621 3427 740 3451 Genuina
757 3426 897 3450 restituitur
914 3425 990 3449 lectio
1008 3429 1099 3453 textus,
1121 3424 1165 3456 qui
1183 3428 1256 3456 parte

261 3466 344 3498 prima
362 3465 471 3489 habetur
490 3463 571 3495 capite
590 3469 681 3487 ccxuv
699 3469 763 3486 voce
781 3460 887 3485 Ioathan
905 3464 1002 3484 mutata
1020 3459 1046 3483 in
1064 3459 1164 3483 Ptoma.

191 3569 214 3599 I.
237 3562 291 3642 In
314 3567 452 3598 editione
475 3566 621 3595 Romana
643 3563 716 3593 loco
740 3561 878 3592 secundo
910 3566 1085 3591 recensetur
1108 3558 1255 3598 Opuscu-

269 3612 348 3650 lum,
365 3610 455 3652 quod
470 3608 657 3645 inscribitur,
675 3606 902 3646 Compendium
923 3605 1114 3645 Theologiae
1129 3603 1172 3633 ad
1177 3602 1255 3643 fra-

192 3662 272 3687 trem
295 3654 524 3697 Reginaldum,
542 3663 576 3683 ac
591 3651 718 3692 incipit:
738 3651 871 3681 Aeterni
885 3650 992 3680 Patris
1013 3647 1157 3679 Verbum.
1175 3646 1256 3677 Illud

2235 328 2375 355 CCXXVll

1307 393 1459 433 Aquinati
1485 393 1669 432 attribuunt,
1689 399 1851 435 quotquot
1874 393 2042 434 synchroni
2069 403 2283 434 supparesque
2302 402 2376 426 sunt

1308 436 1453 476 Operum
1476 437 1559 467 illius
1584 437 1812 477 diligentissimi
1834 437 2096 468 nomenclatores.
2118 437 2302 468 Tractatum
2317 449 2374 469 vo-

1308 487 1356 511 cat
1378 481 1429 511 De
1441 482 1514 522 fide
1531 487 1561 512 et
1583 491 1638 522 spe
1657 482 1862 513 Ptolomaeus
1886 482 1924 512 de
1947 482 2051 512 Luca:
2070 482 2122 511 De
2126 481 2199 522 fide
2216 487 2247 512 et
2267 492 2323 522 spe
2346 489 2376 513 et

1308 524 1465 556 charitate
1498 525 1649 556 Nieolaus
1682 527 1830 557 Trivetus
1864 533 1894 556 et
1925 525 2108 565 Pignonus:
2147 525 2375 566 Compendium

1313 568 1515 610 Theologiae,
1533 569 1724 601 Guillelmus
1740 571 1779 601 de
1802 571 1924 608 Tocco,
1940 569 2116 600 Bernardus
2141 569 2310 608 Guidonis,
2326 570 2376 600 Pi-

1307 623 1433 653 gnonus
1456 614 1540 654 ipse,
1560 614 1795 645 Valleoletanus
1817 621 1848 645 et
1871 619 1996 644 sanctus
2019 613 2218 644 Antoninus:
2237 614 2374 645 Brevem

1307 657 1444 698 denique
1470 658 1732 697 Compilationem
1761 658 1954 699 neologiae
1976 657 2238 688 Bartholomaeus
2267 658 2374 698 Logo-

1306 701 1401 732 theta.
1419 701 1546 732 Initium
1564 702 1677 742 Operis
1694 703 1732 732 ab
1748 703 1808 732 illis
1824 702 1937 739 verbis,
1953 702 2085 732 Aeterni
2099 702 2208 732 Patris
2228 702 2374 740 Verbum,

1307 752 1486 776 memorant
1508 746 1713 777 Ptolomaeus
1737 746 1899 785 Lucensis,
1915 746 2092 776 Bernardus
2116 745 2284 785 Guidonis,
2300 746 2373 777 Val-

1306 789 1491 827 leoletanus,
1510 800 1534 820 s,
1551 790 1743 820 Antoninus.

1373 833 1520 863 Titulum
1544 834 1658 874 Operis
1688 834 1727 864 ab
1750 834 1821 873 ipso
1854 833 1983 864 Thoma
2011 833 2218 874 impositum,
2244 833 2375 875 eiusque

1307 877 1487 916 consilium,
1504 884 1535 908 et
1557 877 1759 917 partitionem
1783 877 1918 908 declarat
1940 877 2154 908 sanctissimus
2182 880 2304 908 Auctor
2327 888 2375 908 ca-

1307 920 1371 960 pite
1393 928 1422 951 1:
1443 933 1458 948 ‹
1478 921 1513 951 In
1536 920 1616 959 fide,
1633 922 1799 961 inquiens,
1817 930 1872 960 spe
1895 928 1926 951 et
1949 921 2113 960 charitate,
2136 922 2226 962 quasi
2249 922 2282 952 in
2306 922 2375 962 qui-

1310 976 1324 991 »
1346 965 1482 994 busdam
1492 965 1600 995 salutis
1616 971 1742 995 nostrae
1759 965 1993 1004 compendiosis
2004 965 2157 1005 capitulis,
2169 972 2270 996 totam
2285 976 2374 1006 prae-

1309 1019 1324 1034 »
1347 1008 1442 1038 sentis
1452 1008 1533 1039 vitae
1543 1008 1770 1048 perfectionem
1785 1008 1952 1039 consistere
1962 1009 2070 1039 docuit
2079 1010 2254 1049 Apostolus
2269 1010 2377 1040 dicens

1310 1063 1325 1078 v>
1348 1051 1371 1081 I.
1383 1052 1423 1081 ad
1434 1051 1522 1090 Cor.‚
1534 1062 1602 1092 cap.
1613 1062 1678 1091 1111,
1693 1050 1736 1095 (v.
1753 1050 1815 1094 13):
1827 1053 1924 1083 Nunc
1937 1058 2042 1083 autem
2054 1058 2184 1083 manent
2182 1054 2281 1094 fides,
2292 1063 2375 1094 spes,

1310 1107 1325 1122 x>
1348 1095 1499 1126 charitas.
1517 1096 1609 1126 Unde
1632 1096 1709 1126 haec
1732 1096 1790 1126 tria
1813 1103 1904 1134 sunt,
1921 1103 1956 1126 ut
1979 1097 2087 1126 beatus
2110 1097 2308 1136 Augustinus
2329 1098 2376 1127 di-

1310 1151 1325 1165 »
1349 1138 1390 1169 cit
1411 1137 1505 1180 (libro
1529 1140 1577 1169 De
1599 1139 1672 1178 fide,
1690 1150 1746 1180 spe
1775 1146 1805 1170 et
1830 1140 1976 1170 charitate
2000 1140 2100 1180 capite
2123 1139 2161 1182 Ι),
2185 1141 2301 1181 quibus
2326 1151 2375 1172 co-

1310 1193 1325 1208 »
1349 1183 1428 1212 titur
1449 1183 1548 1214 Deus.
1574 1184 1618 1214 Ut
1639 1183 1735 1223 igitur
1758 1184 1830 1222 tibi,
1852 1183 1897 1213 fili
1921 1183 2078 1214 carissime
2094 1184 2276 1223 Reginalde,
2292 1195 2375 1216 com-

1311 1239 1326 1254 »
1342 1226 1533 1266 pendiosam
1557 1227 1736 1258 doctrinam
1767 1228 1807 1258 de
1833 1227 2016 1258 Christiana
2039 1228 2208 1268 Religione
2231 1229 2371 1268 tradam,

1311 1283 1326 1298 »
1348 1280 1447 1311 quam
1471 1281 1595 1311 semper
1618 1281 1691 1311 prae
1715 1271 1816 1302 oculis
1840 1272 1942 1311 possis
1965 1271 2089 1309 habere,
2115 1271 2195 1302 circa
2217 1272 2293 1303 haec
2317 1273 2375 1303 tria

1311 1327 1326 1341 »
1348 1314 1381 1344 in
1404 1315 1559 1354 praesenti
1576 1315 1681 1356 Opere
1704 1322 1771 1346 tota
1787 1322 1894 1346 nostra
1916 1322 2056 1346 versatur
2071 1315 2213 1346 intentio.
2231 1316 2375 1347 Primum

1311 1371 1326 1386 »
1348 1358 1388 1389 de
1395 1359 1478 1400 fide,
1500 1360 1639 1390 secundo
1659 1360 1699 1391 de
1706 1369 1772 1400 spe,
1784 1360 1876 1390 tertio
1890 1369 1965 1390 vero
1981 1359 2021 1390 de
2036 1359 2192 1396 charitate
2205 1370 2345 1400 agemus.
2358 1361 2373 1388 s

1307 1403 1381 1433 Pars
1405 1403 1508 1443 prima
1532 1404 1685 1444 capitibus
1709 1414 1819 1434 ecnw
1844 1403 2018 1434 absolvitur
2040 1403 2073 1433 in
2098 1403 2234 1434 editione
2257 1405 2375 1435 Roma-

1308 1454 1365 1477 na:
1386 1447 1480 1478 altera
1504 1458 1575 1488 pars
1599 1458 1711 1479 manca
1734 1455 1781 1479 est
1803 1455 1833 1479 et
1855 1447 2048 1488 imperfecta,
2073 1457 2108 1477 ac
2123 1447 2229 1478 decem
2254 1448 2374 1478 solum-

1307 1491 1407 1521 modo
1431 1491 1533 1532 capita
1557 1493 1791 1533 complectitur:
1811 1492 1900 1523 tertia
1924 1492 2116 1522 desideratur
2138 1491 2266 1531 integra.
2291 1492 2375 1522 Hinc

1307 1535 1443 1566 auctoris
1472 1536 1606 1566 consilio
1638 1536 1801 1577 inspecto,
1822 1536 1913 1576 Opus
1937 1536 1976 1566 ab
2009 1535 2167 1576 aliquibus
2189 1535 2377 1576 inscriptum

1306 1579 1459 1619 legimuS,
1482 1580 1534 1610 De
1551 1581 1642 1621 fide,
1666 1591 1722 1621 spe
1753 1586 1783 1611 et
1819 1581 1994 1611 charitate:
2021 1579 2135 1619 Operis
2162 1589 2258 1617 vero,
2282 1586 2379 1620 prout

1307 1630 1423 1662 exstat,
1449 1624 1579 1655 titulum
1609 1625 1758 1665 expressit
1787 1624 1993 1655 Ptolomaeus
2023 1624 2062 1654 de
2092 1624 2198 1661 Luca,
2231 1624 2283 1654 De
2304 1624 2377 1665 fide

1307 1673 1338 1698 et
1359 1677 1425 1708 spe.

1375 1712 1410 1742 In
1426 1718 1549 1744 vetusta
1564 1723 1624 1744 ms.
1643 1713 1828 1744 collectione
1845 1712 2096 1752 opusculorum,
2114 1721 2212 1752 quam
2234 1718 2374 1743 recenset

1308 1755 1441 1786 Iacobus
1464 1757 1627 1788 Echardus
1650 1757 1683 1787 in
1706 1757 1871 1787 Parisiensi
1899 1755 2088 1787 bibliotheca
2121 1762 2244 1786 sanctae
2268 1755 2373 1786 Geno-

1307 1799 1396 1830 vefae
1420 1800 1632 1840 adservatam,
1658 1807 1735 1832 nota
1764 1801 1877 1841 legitur
1906 1800 2005 1840 capite
2028 1809 2061 1829 211
2085 1800 2181 1839 partis
2205 1799 2231 1829 11
2261 1800 2301 1829 ad
2323 1800 2377 1830 illa

1307 1844 1412 1883 verba,
1428 1855 1510 1885 quae
1534 1846 1572 1875 ab
1596 1845 1687 1876 initio
1711 1855 1825 1885 parum
1849 1845 1974 1882 distant,
1990 1844 2172 1884 Dupliciter
2193 1849 2299 1874 autem
2316 1844 2374 1874 ad-

1307 1889 1370 1919 huc
1385 1894 1486 1920 restat
1499 1889 1622 1930 aliquid
1635 1889 1903 1920 desiderandum:
1924 1888 2086 1926 nimirum,
2096 1888 2274 1918 Dubitatur
2290 1888 2376 1918 istud

1307 1933 1393 1973 quod
1419 1935 1583 1974 sequitur,
1612 1943 1712 1974 usque
1741 1934 1785 1964 ad
1806 1934 2003 1973 principium
2035 1932 2169 1962 alterius
2192 1931 2266 1962 libri
2296 1929 2376 1974 (seu

1308 1977 1414 2008 tertiae
1450 1978 1567 2018 partis,
1593 1988 1692 2019 quam
1723 1978 1877 2017 integram
1910 1976 2075 2007 desiderari
2113 1974 2376 2018 adnotavimus),

1308 2027 1416 2052 utrum
1440 2023 1482 2052 sit
1495 2022 1621 2063 fratris
1648 2022 1787 2053 Thomae
1809 2021 1849 2052 de
1870 2021 1998 2061 Aquino
2018 2019 2150 2050 Ordinis
2172 2020 2375 2050 Praedicato—

1307 2075 1391 2096 rum.
1408 2066 1620 2106 Reginaldum
1635 2066 1859 2104 Privernatem,
1875 2065 1926 2096 cui
1941 2070 2162 2104 nuncupatum
2178 2063 2374 2103 Theologiae,

1308 2109 1547 2151 Compendium
1571 2117 1712 2149 constat,
1737 2117 1811 2151 post
1834 2119 1955 2140 annum
1983 2109 2059 2138 1261
2095 2118 2161 2148 quo
2194 2107 2318 2137 Parisiis
2341 2107 2374 2137 in

1308 2154 1430 2185 Italiam
1452 2155 1674 2195 remigraverat
1696 2154 1849 2195 Aquinas,
1866 2153 2024 2184 delectum
2042 2152 2101 2182 sibi
2125 2151 2249 2182 socium
2273 2162 2290 2181 a
2307 2152 2374 2181 Do-

1307 2205 1392 2229 ctore
1408 2199 1605 2230 sanctissimo
1631 2206 1662 2230 et
1686 2198 1894 2230 conscientiae
1917 2197 2078 2234 arbitrum,
2098 2195 2243 2226 laudatus
2259 2195 2375 2225 Echar-

1307 2243 1366 2274 dus
1389 2243 1422 2273 in
1454 2243 1520 2274 eius
1550 2244 1655 2284 elogio
1688 2241 1922 2273 animadvertit:
1942 2241 2015 2271 hinc
2043 2239 2195 2279 temporis
2225 2239 2374 2279 periodus

1306 2288 1485 2326 innotescit,
1502 2298 1565 2328 qua
1589 2287 1705 2318 fluente
1729 2287 1761 2316 in
1785 2286 1877 2326 Opus
1900 2285 1985 2315 istud
2008 2284 2151 2315 Thomas
2174 2283 2327 2313 incubuit.

1374 2333 1410 2362 11.
1431 2332 1623 2372 Dignissima
1647 2337 1721 2361 sunt
1750 2329 2021 2360 animadversione
2045 2339 2068 2359 s.
2092 2327 2247 2358 Antonini
2277 2327 2371 2357 verba

1306 2376 1339 2407 in
1364 2375 1484 2407 Chron.
1502 2383 1589 2416 parte
1614 2375 1666 2413 111,
1683 2375 1729 2405 tit.
1743 2384 1833 2413 xvm,
1851 2373 1952 2413 capite
1973 2383 2004 2411 x,
2026 2372 2054 2413 ξ.
2087 2382 2118 2402 11
2136 2379 2143 2402 :
2163 2384 2178 2399 «
2197 2372 2374 2410 Tractatus,

1309 2433 1324 2448 2»
1348 2421 1538 2460 inquientis,
1555 2419 1611 2460 qui
1643 2418 1820 2450 intitulatur
1847 2417 2075 2458 Compendium
2109 2416 2301 2456 Theologiae
2332 2415 2376 2445 ad

1311 2478 1325 2492 »
1339 2464 1485 2505 fratrem
1499 2463 1708 2501 Rainaldum,
1726 2463 1781 2504 qui
1797 2462 1917 2502 incipit,
1931 2462 2064 2492 Aeterni
2077 2461 2186 2491 Patris
2205 2459 2373 2490 Verbum...

1311 2522 1326 2537 »
1349 2508 1589 2549 Compendium
1613 2507 1777 2549 quoddam
1800 2505 2006 2546 Theologiae,
2024 2505 2113 2546 quod
2135 2503 2256 2544 incipit,
2278 2503 2374 2533 Theo-

1311 2566 1326 2581 »
1354 2554 1479 2594 logicae
1491 2552 1669 2594 facultatis
1693 2550 1746 2594 (al.
1764 2549 1936 2592 veritatis),
1954 2550 2042 2590 quod
2061 2548 2157 2579 etiam
2179 2549 2209 2578 b.
2227 2547 2373 2578 Thomae

1312 2611 1326 2625 2
1349 2597 1446 2638 aliqui
1465 2597 1636 2635 intitulant,
1652 2606 1719 2626 non
1735 2601 1782 2626 est
1801 2595 1900 2626 eius...
1919 2593 2159 2633 Compendium
2175 2592 2270 2630 enim,
2286 2591 2374 2632 quod

1311 2655 1326 2670 »
1349 2643 1459 2672 beatus
1482 2641 1627 2671 Thomas
1651 2640 1758 2678 edidit,
1775 2639 1814 2670 de
1837 2648 1903 2680 quo
1927 2648 2022 2678 supra
2046 2637 2126 2667 facta
2159 2643 2205 2666 est
2232 2635 2373 2674 mentio,

1312 2699 1327 2714 »
1349 2686 1437 2716 aliter
1459 2685 1587 2726 incipit:
1614 2691 1644 2715 et
1667 2691 1713 2715 est
1735 2684 1839 2714 multo
1862 2682 1987 2713 brevius
2013 2688 2043 2712 et
2066 2681 2104 2711 de
2123 2680 2231 2721 paucis
2254 2685 2373 2710 tractat.

1312 2743 1326 2758 »
1350 2730 1412 2761 Sed
1434 2730 1514 2760 illud
1537 2729 1627 2770 quod
1653 2728 1774 2768 incipit,
1803 2727 2031 2767 Theologicae,
2059 2725 2097 2755 de
2121 2724 2270 2755 omnibus
2293 2733 2374 2763 pene

1313 2788 1327 2803 »
1350 2774 1531 2805 brevissime
1563 2779 1673 2804 tractat
1704 2771 1841 2803 materiis
1873 2770 2068 2810 theologiae:
2094 2769 2134 2799 de
2162 2769 2298 2804 divinis,
2331 2767 2372 2797 de

1313 2832 1327 2847 »
1350 2820 1521 2856 creaturis,
1545 2818 1691 2859 Angelis,
1716 2822 1747 2847 et
1768 2815 1956 2852 hominibus,
1982 2819 2012 2844 et
2030 2814 2103 2843 aliis
2122 2812 2216 2842 rebus
2239 2812 2375 2842 creatis:

1313 2878 1327 2892 »
1350 2863 1390 2894 de
1412 2863 1660 2899 Incarnatione,
1687 2861 1727 2892 de
1742 2865 1892 2901 peccato,
1927 2859 1967 2889 de
1999 2857 2183 2893 virtutibus,
2209 2856 2320 2896 gratia
2345 2860 2375 2885 et

1314 2920 1328 2935 »
1350 2907 1462 2944 donis,
1492 2906 1675 2947 praeceptis
1705 2910 1735 2935 et
1769 2905 1929 2940 consiliis,
1967 2901 2185 2932 Sacramentis
2222 2904 2252 2929 et
2272 2898 2375 2939 finali

1314 2964 1328 2979 »
1352 2951 1479 2989 iudicio,
1504 2951 1711 2987 Antichristo,
1736 2949 1971 2979 resurrectione
1994 2946 2117 2982 ultima,
2143 2949 2172 2974 et
2193 2943 2318 2984 gloria,
2343 2947 2374 2972 et

1314 3009 1328 3023 »
1345 2997 1460 3036 poenis
1488 2995 1624 3025 alterius
1647 2995 1749 3025 vitae:
1768 2993 1822 3022 sed
1846 2991 1930 3022 brevi
1952 2989 2126 3020 volumine.
2152 2987 2213 3018 Sed
2237 2996 2294 3016 nec
2317 2986 2371 3016 Al-

1314 3053 1328 3068 »
1351 3039 1429 3070 berti
1452 3038 1560 3079 Magni
1583 3045 1648 3076 est,
1674 3044 1710 3068 ut
1733 3037 1784 3067 alii
1808 3035 1939 3076 quidam
1971 3034 2095 3064 dicunt:
2123 3032 2178 3061 sed
2210 3030 2375 3061 cuiusdam

1314 3097 1328 3112 »
1351 3083 1478 3115 alterius
1502 3081 1674 3113 doctissimi
1696 3081 1764 3119 viri,
1787 3080 1843 3120 qui
1867 3079 1967 3109 dictus
1991 3083 2036 3107 est
2050 3076 2164 3117 frater
2191 3075 2337 3105 Thomas.
2355 3086 2371 3100 »

1378 3128 1428 3158 Ab
1458 3127 1615 3167 Aquinate
1646 3124 1885 3165 Compendium
1914 3122 1999 3152 istud
2031 3119 2276 3151 abiudicandum
2308 3127 2374 3148 esse

1312 3182 1438 3203 summa
1470 3170 1584 3201 evincit
1616 3169 1782 3200 auctoritas
1814 3165 1991 3198 Ptolomaei
2023 3163 2193 3202 Lucensis,
2226 3162 2374 3192 Bernardi

1312 3215 1481 3253 Guidonis,
1498 3213 1716 3251 Valleoletani,
1733 3223 1757 3243 s.
1774 3210 1940 3248 Antonini,
1955 3209 2010 3250 qui
2025 3217 2212 3248 germanum
2228 3206 2375 3236 Thomae

1312 3259 1516 3300 Opusculum
1531 3258 1667 3297 incipere
1691 3262 1842 3287 testantur
1858 3255 1896 3285 ab
1913 3254 1961 3284 his
1979 3252 2094 3291 verbis,
2109 3251 2242 3281 Aeterni
2256 3250 2372 3279 Patris.

1312 3305 1465 3335 Veterum
1488 3302 1624 3332 aliorum
1654 3300 1802 3331 omnium
1834 3298 1951 3329 accedit
1974 3297 2154 3333 silentium,
2181 3304 2255 3324 cum
2278 3302 2373 3323 nemo

1312 3358 1396 3378 unus
1419 3346 1523 3383 fuerit,
1547 3345 1602 3386 qui
1625 3344 1878 3375 lucubrationem
1894 3342 2023 3372 alteram
2041 3339 2253 3379 incipientem,
2276 3337 2374 3366 Titeo-

1313 3392 1438 3432 logicae
1453 3391 1596 3420 veritatis
1621 3394 1676 3418 aut
1702 3388 1849 3418 Veritatis
1873 3386 2093 3425 Theologicae,
2112 3388 2219 3413 sancto
2243 3380 2375 3430 Do-ctori

1312 3433 1502 3465 adtribuerit.
1520 3433 1595 3469 Quo
1620 3432 1714 3462 etiam
1737 3430 1888 3461 altissimo
1905 3428 2029 3459 silentio
2053 3427 2116 3466 agit
2139 3437 2162 3456 s.
2180 3428 2374 3463 Antoninus,

1312 3485 1347 3509 ut
1371 3488 1407 3508 ex
1430 3487 1565 3517 operum
1588 3475 1707 3506 Alberti
1730 3474 1837 3513 Magni
1860 3473 1962 3503 indice
1994 3471 2189 3511 praedictum
2217 3478 2374 3508 expunga-

1311 3529 1362 3552 tur
1386 3531 1478 3561 opus.
1496 3519 1708 3551 Consentiunt
1737 3517 1898 3558 peritiores
1929 3515 2065 3556 quique;
2085 3514 2163 3555 quin
2187 3512 2375 3553 oppositum

1311 3565 1438 3596 reddere
1462 3563 1628 3594 verisimile
1652 3568 1769 3603 queant
1791 3567 1930 3591 vetustae
1954 3559 2076 3600 aliquot
2099 3557 2270 3595 editiones,
2293 3566 2375 3597 quae

1311 3610 1370 3640 sub
1394 3608 1524 3639 nomine
1547 3607 1669 3638 Alberti
1691 3607 1810 3647 Magni
1832 3604 2027 3645 prodierunt,
2043 3604 2082 3633 ab
2100 3601 2274 3642 Seraphino
2292 3600 2375 3640 Cap-

1311 3653 1389 3695 poni
1404 3653 1443 3683 de
1457 3653 1602 3683 Porrecta
1616 3651 1649 3681 in
1664 3661 1720 3681 sua
1730 3649 1908 3687 recensitae,
1919 3658 2017 3689 quam
2031 3646 2171 3679 Venetiis
2189 3655 2273 3676 anno
2293 3655 2303 3675 1
2313 3644 2374 3675 588
