2788 4204
47 375 146 398 ‘Omnes
152 381 180 397 ex
186 374 262 402 codd„

47 408 97 424 exc.
106 408 133 427 ιη
154 408 174 423 1:
185 407 265 423 omnes

48 429 114 450 aliae
127 428 249 449 scientiae.

49 455 60 466 ⁸
67 454 154 476 Oodd.-
161 460 208 476 rm:
217 454 263 475 ali-

48 483 92 502 ter.

46 508 56 519 ⁴*
76 513 132 528 nc:
157 506 260 528 secundo

48 535 134 555 autem.

45 852 56 860 ⁴
62 857 78 872 ιι
85 858 91 872 :
99 856 129 872 ex
136 850 187 872 suis
195 850 261 878 sing.

147 908 161 933 Ρ

47 951 204 973 'mun
213 952 260 972 ter-

42 977 81 999 tio
94 978 180 998 autem.

47 1008 57 1017 ·
65 1013 96 1030 m
103 1007 180 1030 omitt.
190 1007 260 1029 idem.

47 1045 59 1051 -
74 1039 101 1056 t:
121 1034 147 1055 in
167 1034 262 1055 oratio-

43 1059 114 1082 nibus
127 1060 189 1082 rhet.

43 1113 58 1124 ·
71 1118 96 1135 o:
113 1114 159 1135 aue
166 1118 220 1141 per.

1185 286 1296 323 CAP.
1328 287 1359 333 1,
1390 287 1540 323 LECT.
1572 287 1585 323 1

293 371 329 400 et
347 375 482 400 omnes
503 364 523 384 ³¹²
543 362 637 399 aliae
657 369 765 409 artes,
787 362 876 411 quia
895 362 932 399 in
953 362 1132 399 omnibus
1154 371 1209 399 est
1228 364 1360 413 aliquis

292 416 431 453 modus
447 415 789 462 demonstrationis,
805 415 895 451 alias
908 416 927 436 '¹‘
939 428 1017 452 non
1033 423 1156 452 essent
1171 416 1357 453 scientiae.

351 481 408 506 11.
431 468 609 506 Secundo
632 469 662 515 *,
693 481 780 505 cum
801 468 904 505 dicit:
926 468 1103 504 Similiter
1130 474 1254 505 autem
1276 477 1358 515 etc.,

291 522 507 559 manifestat
539 522 641 558 idem
675 521 712 558 in
741 521 976 558 orationibus
1011 521 1246 569 disputativis
1279 522 1359 558 sive

291 575 508 622 dialecticis,
529 587 627 624 quae
647 582 804 611 utuntur
822 574 1042 623 syllogismo
1064 582 1100 611 et
1123 573 1357 611 inductione:

292 628 330 665 in
358 640 524 677 quorum
552 635 714 676 utroque
742 627 960 676 proceditur
989 639 1034 663 ex
1053 627 1182 676 aliquo
1201 639 1358 675 praeco-

291 680 405 730 gnito.
435 682 539 718 Nam
567 680 606 717 in
634 680 855 729 syllogismo
884 680 1065 729 accipitur
1097 680 1259 728 cognitio
1294 680 1358 716 ali-

292 734 397 771 cuius
430 733 653 785 universalis
689 733 857 770 conclusi
889 734 936 770 ab
970 733 1049 770 aliis
1083 732 1358 770 universalibus

290 787 400 824 notis.
432 789 475 824 In
503 787 721 824 inductione
741 787 870 824 auter'n
892 786 1127 824 concluditur
1144 786 1358 823 universale
1376 805 1380 810 ·

291 852 336 877 ex
364 840 617 888 singularibus
638 841 674 887 ²⁸,
704 852 802 890 quae
831 847 918 876 sunt
945 839 1143 876 manifesta
1171 846 1357 888 quantum

290 893 339 930 ad
367 906 523 930 sensum
541 899 567 930 Ρ.

349 958 406 983 12.
436 946 567 984 Tertio
594 947 631 992 ²²,
663 959 751 983 cum
780 946 886 983 dicit:
916 945 1094 982 Similiter
1120 950 1246 982 autem
1275 945 1357 981 rhe-

290 1000 430 1037 toricae
465 1008 554 1047 etc.,
584 999 799 1037 manifestat
826 999 929 1036 idem
958 998 996 1035 in
1025 997 1219 1034 rhetoricis
1253 998 1289 1043 ²³,
1320 997 1358 1034 in

289 1053 427 1102 quibus
451 1053 647 1102 persuasio
668 1053 711 1089 fit
728 1064 798 1101 per
817 1059 1038 1100 entymema
1058 1058 1123 1087 aut
1134 1062 1210 1099 ‘per
1230 1062 1356 1087 exem-

287 1107 417 1154 plum;
448 1118 526 1143 non
555 1113 684 1143 autem
715 1117 785 1154 per
819 1104 1081 1153 syllogismum
1109 1104 1171 1140 vel
1201 1104 1220 1124 ’²‘
1249 1103 1355 1140 indu-

339 1274 366 1306 ρ)
387 1273 463 1303 Quae
479 1275 544 1297 sunt
562 1273 704 1306 manifesta
722 1275 851 1305 quantum
871 1272 909 1297 ad
921 1278 1037 1297 sensum.
1052 1271 1134 1296 Codd.
1148 1270 1252 1295 ABCHI
1267 1275 1293 1295 et
1304 1270 1356 1295 Do-

286 1308 398 1335 minicus
412 1316 428 1333 a
441 1308 561 1333 Flandria
579 1308 606 1332 in
624 1308 634 1332 l
653 1308 765 1338 Poster„
785 1316 829 1341 qu.
844 1315 879 1338 lv,
899 1307 969 1333 artic.
984 1314 994 1331 1
1012 1306 1108 1331 habent
1126 1305 1192 1330 hanc
1211 1306 1357 1335 lectionem,

287 1351 367 1377 quarn
381 1344 544 1376 adoptamus,
559 1343 620 1379 quia
634 1343 724 1375 procul
738 1343 817 1368 dubio
830 1350 954 1376 germana
969 1346 1008 1367 est
1023 1347 1048 1366 et
1062 1349 1132 1366 vera.
1146 1341 1249 1366 Etenim
1264 1341 1357 1373 duplici

285 1379 327 1404 vin
346 1379 384 1410 de,
396 1377 647 1412 noto-ad'ignomm
666 1386 741 1403 mens
760 1378 876 1411 procedit
894 1377 1083 1407 ratiocinando,
1103 1377 1257 1409 syllogismo
1276 1381 1301 1401 et
1319 1377 1357 1400 in-

238 1423 250 1426 ·
286 1410 420 1446 ᾶΰέᾒοιιος
439 1415 465 1439 in
484 1414 644 1447 syllogismis
663 1414 828 1446 procedimus
848 1413 880 1438 ab
898 1413 1127 1438 universalioribus
1146 1413 1178 1437 ad
1197 1412 1283 1437 minus
1301 1412 1357 1436 uni-

285 1450 406 1481 versalia,
424 1450 450 1474 in
468 1449 659 1474 inductionibus
678 1457 694 1474 a
712 1449 887 1481 singularibus
907 1449 939 1473 ad
961 1448 1125 1473 universalia.
1143 1448 1177 1472 At
1202 1448 1227 1472 in
1246 1452 1358 1479 utroque

286 1492 350 1510 casu
369 1492 473 1518 semper
492 1493 507 1510 a
520 1484 664 1510 notioribus
678 1489 719 1509 est
733 1485 847 1515 initium;
865 1484 908 1508 vel
926 1484 1071 1508 secundum
1089 1483 1247 1508 intellectum
1261 1490 1357 1515 cogno-

285 1525 402 1546 scentem
420 1520 588 1551 universalia,
611 1524 640 1545 ut
658 1519 684 1544 in
703 1520 871 1553 syllogismo;
895 1519 936 1544 vel
962 1519 1105 1544 secundum
1130 1525 1238 1543 sensum
1262 1525 1358 1550 cogno-

285 1560 403 1581 scentem
421 1556 550 1580 individua
568 1555 707 1580 sensibilia.
727 1555 809 1580 Codd.
830 1555 870 1580 alii
890 1560 916 1579 et
934 1555 1012 1579 Piana
1035 1561 1087 1578 non
1110 1553 1205 1578 habent
1228 1556 1356 1586 quantum

283 1591 324 1616 ad
334 1598 456 1622 sensum
470 1596 497 1616 et
509 1591 568 1616 ideo
582 1598 635 1616 non
649 1591 711 1616 satis
726 1591 852 1624 explicant
866 1590 907 1615 cui
921 1590 1034 1615 facultati
1047 1589 1207 1622 singularia,
1219 1596 1250 1613 ex
1259 1588 1356 1621 quibus

2409 299 2473 333 141

1415 365 1580 401 ctionem
1609 366 1855 413 completam,
1886 372 2040 413 propter
2068 364 2367 402 incertitudinem
2396 378 2476 403 ma-

1413 418 1526 454 teriae
1548 419 1568 439 '¹‘
1595 417 1691 454 circa
1719 430 1836 466 quam
1865 426 2047 463 versatur,
2079 417 2217 454 scilicet
2246 418 2343 455 circa
2371 426 2476 455 actus

1413 470 1617 517 singulares
1646 471 1867 517 hominurn,
1898 470 1935 507 in
1963 471 2101 519 quibus
2130 471 2361 507 universales
2388 483 2475 519 pro-

1411 523 1618 570 positiones
1646 535 1724 560 non
1751 531 1912 571 possunt
1940 523 2082 560 assumi
2109 535 2212 560 vere.
2234 524 2284 560 Et
2302 523 2388 560 ideo
2407 525 2476 560 uti-

1412 583 1472 611 tur
1501 577 1520 596 '²‘
1550 576 1634 612 loco
1668 576 1898 624 syllogismi,
1934 576 1974 612 in
2005 589 2082 625 quo
2116 588 2271 613 necesse
2305 584 2360 613 est
2393 589 2475 613 esse

1413 627 1578 676 aliquam
1614 628 1894 674 universalem,
1934 629 2058 677 aliquo
2090 630 2110 650 *
2150 636 2406 677 entymemate
2434 635 2473 675 ⁰3

1413 687 1450 716 et
1476 681 1642 717 similiter
1669 682 1753 717 loco
1787 681 2033 728 inductionis,
2069 682 2107 718 in
2134 694 2212 730 qua
2241 682 2476 719 concluditur

1411 732 1643 779 universale,
1673 733 1799 782 aliquo
1821 735 1840 755 '¹‘
1866 735 2057 782 exemplo,
2087 735 2126 771 in
2154 748 2231 783 quo
2259 735 2475 783 proceditur

1412 797 1434 821 a
1462 785 1638 833 singulari
1668 787 1704 832 ⁵²,
1735 799 1813 822 non
1842 788 1890 824 ad
1917 787 2148 834 universale,
2178 788 2245 824 sed
2273 788 2321 824 ad
2349 788 2473 835 singu-

1411 838 1500 875 lare.
1526 839 1636 875 Unde
1660 846 1762 886 patet
1789 840 1908 887 quod,
1936 840 2030 876 sicut
2054 841 2300 888 enthymema
2320 848 2375 878 est
2393 841 2474 889 qui-

1411 891 1501 928 dam
1542 891 1781 939 syllogismus
1819 892 2058 928 detruncatus
2088 894 2128 939 ²⁸,
2167 893 2216 930 ita
2255 894 2474 942 exemplum

1413 951 1468 980 est
1496 944 1687 992 quaedam
1715 944 1883 981 inductio
1913 944 2142 993 imperfecta.
2165 946 2204 982 Si
2225 958 2314 994 ergo
2343 946 2382 983 in
2401 947 2474 995 syl-

1411 996 1573 1044 logismo
1603 1004 1639 1033 et
1666 996 1884 1033 inductione
1912 998 2128 1045 proceditur
2148 1010 2192 1035 ex
2212 998 2337 1047 aliquo
2365 1012 2473 1047 prae-

1413 1049 1579 1097 cognito,
1617 1057 1766 1098 oportet
1799 1050 1901 1086 idem
1934 1050 2085 1098 intelligi
2118 1051 2157 1087 in
2191 1053 2472 1100 enthymemate

1412 1110 1448 1139 et
1476 1104 1496 1123 ’¹‘
1527 1103 1714 1151 exemplo.

1410 1270 1526 1302 procedit
1544 1270 1664 1300 inductio,
1684 1270 1734 1294 sint
1746 1269 1894 1301 manifesta;
1909 1277 1941 1294 an
1955 1270 2092 1294 intellectui
2106 1278 2208 1302 nempe,
2223 1271 2294 1303 quod
2308 1271 2402 1296 falsum
2420 1277 2473 1303 esu

1411 1306 1453 1330 vel
1472 1306 1574 1336 sensui,
1593 1306 1664 1338 quod
1684 1310 1724 1330 est
1741 1313 1847 1336 verum,
1866 1311 1891 1330 et
1910 1313 1925 1330 a
1943 1313 1965 1329 s.
1979 1305 2082 1330 Thoma
2099 1305 2140 1330 hic
2158 1306 2272 1330 traditur.

1465 1341 1491 1373 σ)
1510 1341 1606 1373 Aliquo
1625 1341 1943 1374 enthymemata—Ham
1962 1341 2044 1365 addit:
2065 1341 2090 1365 in
2110 1348 2161 1373 quo
2181 1348 2233 1365 non
2250 1348 2351 1366 necesse
2366 1345 2405 1366 est
2419 1349 2475 1366 esse

1411 1376 1528 1408 aliquam
1548 1377 1732 1401 universalem.
1752 1375 1826 1406 Quae
1843 1376 1923 1400 verba
1941 1383 2033 1400 omnes
2053 1376 2127 1400 codd.
2142 1377 2223 1400 nostri
2237 1376 2372 1407 omittunt,
2394 1382 2420 1401 et
2434 1385 2474 1401 re-

1411 1419 1473 1436 vera
1491 1411 1622 1443 superflua
1639 1412 1758 1435 videntur
1777 1416 1837 1443 post
1856 1412 2012 1443 praemissa:
2033 1411 2059 1435 in
2075 1418 2126 1443 quo
2140 1418 2242 1436 necesse
2256 1414 2297 1436 est
2310 1416 2382 1435 etc.·-·
2392 1412 2475 1443 Supra

1412 1447 1487 1472 codd.
1502 1446 1773 1476 CDEGKLMQRST:
1794 1447 1955 1471 universales
1970 1446 2168 1478 propositiones
2183 1454 2234 1471 non
2250 1449 2360 1478 possent
2374 1447 2475 1471 assumi

1410 1489 1480 1507 vere.
1498 1482 1531 1506 Et
1549 1482 1650 1507 assumi
1668 1489 1728 1507 vere
1747 1482 1808 1514 legit
1830 1482 1980 1506 Dominicus
1999 1490 2015 1507 a
2032 1482 2151 1506 Flandria
2169 1482 2195 1506 in
2213 1482 2223 1506 1
2241 1482 2352 1511 Postera,
2373 1489 2417 1514 qu.
2432 1489 2474 1512 ιν,

1411 1518 1481 1542 artic.
1496 1525 1518 1548 13
1538 1518 1584 1542 sed
1603 1517 1680 1542 habet
1697 1521 1726 1541 ut
1744 1518 1777 1542 P:
1793 1520 1924 1548 possunt,·
1942 1517 2003 1541 HN:
2018 1520 2134 1549 possunt
2151 1517 2222 1542 sumi
2240 1524 2308 1541 vere.
2323 1517 2473 1541 Lectionem

1410 1553 1511 1577 assumi
1528 1559 1589 1577 vere
1607 1553 1760 1584 adoptamus
1779 1552 1837 1577 loco
1856 1553 1888 1577 P:
1907 1559 1968 1577 vere
1986 1552 2087 1577 assumi
2093 1560 2102 1582 ‚·
2127 1552 2174 1577 sed
2198 1552 2338 1577 retinemus
2359 1555 2474 1584 possunt

1411 1588 1479 1612 PHN
1499 1593 1525 1613 et
1543 1588 1652 1612 aliorum
1670 1588 1745 1612 codd.

2505 430 2535 459 '.‘²
2544 435 2638 451 erronee
2649 430 2720 452 omit—

2505 460 2530 477 ut
2544 457 2667 478 materiae.

2502 586 2593 608 ¹*Utitur
2601 594 2629 609 ex
2637 588 2715 615 codd„

2502 619 2598 671 22’25534.
2611 651 2621 656 -
2670 641 2715 662 uu-

2501 668 2540 687 tur
2553 666 2644 694 altquo.

2600 703 2616 719 σ

2501 751 2510 759 ·
2522 749 2609 771 Codd.-
2618 756 2657 771 pn:
2669 751 2715 772 uti·

2501 778 2541 797 tur
2554 776 2612 804 aliq.

2501 804 2571 850 'bx-³:⁴11
2583 803 2715 830 singulari-

2501 908 2510 916 '
2524 912 2668 928 Amenanus
2682 915 2687 928 :

2501 932 2637 954 decurtatus
2647 940 2656 958 ,·
2675 939 2692 958 Q
2708 941 2712 953 ς

2501 961 2624 981 truncatus
2630 967 2638 984 ,·
2645 966 2659 980 s
2667 966 2715 981 cor-

2501 989 2582 1033 giptc:
2606 986 2714 1007 decerta-

2527 1018 2547 1033 s,

2501 1092 2510 1100 ·
2525 1097 2552 1112 u:
2568 1093 2591 1112 et
2603 1091 2627 1112 in
2637 1097 2714 1113 exem-

2497 1117 2547 1144 plo.
