2788 4204
43 357 182 413 ‘'laist-aed„
192 356 255 379 idest

44 516 53 525 '
60 521 89 536 e:
100 514 236 545 essentiam.
244 523 255 530 -

42 547 57 563 Α
71 547 120 562 om.
134 546 179 562 rer.

42 567 100 589 “cf.
109 567 160 588 lect.
170 571 255 594 praec„

43 593 136 642 P‘Cff-jn.
150 625 161 647 5
173 622 195 640 et
204 619 257 640 lect.

42 652 127 674 praec„
141 652 165 667 n.
175 651 196 667 2.

41 751 99 800 ἐξῇ
105 725 160 772 legt.
166 756 252 778 praec„

42 831 52 840 '
66 836 95 851 a:
110 829 154 851 sed
167 829 219 851 hoc.

39 882 51 892 ’
66 888 94 903 a:
109 882 166 904 stne.

40 934 53 946 '
59 934 116 956 Loc.
132 934 170 956 cit.

42 1040 79 1061 Ἀ
92 1045 142 1061 om.
155 1039 188 1061 Et
201 1040 255 1065 hoc.-

34 1945 102 1968 ⁴⁴⁸:
117 1945 224 1974 aliquod.

30 2102 58 2116 ⁴*
74 2103 137 2126 Lect-

34 2133 144 2159 m4a5

156 2108 231 2132 pm
242 2118 249 2131 ς

1058 266 1168 303 CAP.
1199 268 1322 315 XXII,
1353 268 1504 305 LECT.
1534 268 1698 305 XXXIV

283 356 438 394 quoque
453 351 614 393 possunt
624 344 750 393 aliqua
759 343 980 392 praedicari,
990 344 1175 393 quidquid
1182 345 1202 366 '¹‘
1209 345 1348 393 signifi-

285 404 386 434 cent:
408 397 489 434 sive
504 398 550 435 sit
569 397 690 446 quale,
707 396 787 433 sive
803 402 996 444 quantum,
1008 398 1070 433 vel
1091 398 1348 447 quodcunque

283 450 385 487 aliud
404 462 523 498 genus
543 449 758 496 accidentis,
773 450 836 486 vel
857 449 970 485 etiam
986 461 1085 497 quae
1104 450 1242 487 intrant
1260 452 1348 487 sub-

284 503 460 540 stantiam
474 504 495 525 *
515 503 581 550 rei,
602 514 701 551 quae
720 509 808 538 sunt
831 501 1042 538 essentialia
1060 503 1277 551 praedicata
1293 505 1345 540 m·

284 556 476 603 Secundo,
497 555 654 593 resumit
677 554 782 603 quod
806 554 913 602 haec,
934 555 1074 592 scilicet
1092 556 1348 593 substantialia

282 609 510 658 praedicata,
531 615 618 646 sunt
640 607 746 644 finita
767 607 798 644 *.
819 607 963 654 Tertio,
985 608 1143 645 resumit
1162 609 1267 657 quod
1285 621 1347 656 ge—

283 673 375 699 nera
384 661 782 711 praedicamentorum
798 667 885 696 sunt
897 660 1019 705 finita;
1038 660 1178 697 scilicet
1191 662 1301 709 quale
1313 670 1349 698 et

283 720 465 763 quantum
478 720 494 745 Ρ
513 721 582 750 etc.
600 713 620 735 *
641 713 681 750 Si
701 713 803 749 enim
824 713 957 762 aliquis
978 712 1077 750 dicat
1102 715 1207 762 quod
1231 726 1348 762 quan-

282 768 366 804 titas
378 767 617 816 praedicetur
636 766 684 803 de
699 765 916 812 substantia,
934 773 971 802 et
984 766 1144 814 qualitas
1164 767 1211 803 de
1230 779 1347 815 quan-

283 820 402 867 titate,
433 827 469 857 et
497 819 550 857 sic
577 819 616 856 in
643 819 855 864 infinitum3
875 819 1154 856 hoc*excludit
1171 832 1241 868 per
1259 820 1345 868 hoc,

283 874 389 922 quod
403 885 542 921 genera
555 872 954 922 praedicamentorum
970 873 1085 908 sunt*
1095 873 1211 909 finita.
1225 874 1347 920 Quar-

282 934 334 974 10,
346 927 504 964 resumit
523 925 640 977 quod,
650 926 745 962 sicut
759 925 904 974 supra*
916 925 1130 973 expositum
1147 934 1212 972 est,
1224 939 1347 963 unum

283 980 330 1017 de
349 992 428 1018 uno
446 979 685 1029 praedicatur
703 978 742 1015 in
765 977 925 1027 simplici
949 978 1230 1026 praedicatione
1251 986 1275 1015 ⁰.
1299 980 1348 1016 Et

281 1033 357 1070 hoc
374 1033 462 1070 ideo
470 1034 498 1053 '⁴'
513 1031 666 1078 inducit,
688 1030 777 1080 quia
794 1038 925 1080 posset
945 1030 1079 1079 aliquis
1100 1031 1225 1068 dicere
1242 1033 1347 1081 quod

247 1126 253 1132 ,
280 1086 406 1135 primo
434 1085 747 1135 praedicabitur*
759 1097 882 1121 unum
912 1084 959 1121 de
978 1096 1069 1131 un0,
1090 1093 1182 1133 puta
1206 1085 1254 1121 de
1278 1086 1346 1121 ho-

247 1135 253 1167 ἒ
281 1139 384 1176 mine
412 1138 572 1184 animal3
609 1145 646 1174 et
677 1137 747 1174 ista
774 1137 1005 1186 praedicatio
1040 1137 1348 1186 multiplicabitur

246 1205 252 1220 ²
280 1203 480 1241 quousque
499 1191 638 1240 poterit
655 1190 816 1228 inveniri
831 1190 1161 1239 aliquod*unum,
1174 1191 1279 1239 quod
1299 1191 1347 1227 de

278 1245 436 1282 homine
454 1244 702 1293 praedicetur.
722 1243 873 1290 Quibus
888 1243 1014 1289 finitis,
1026 1243 1348 1292 praedicabuntur

279 1298 357 1335 duo
387 1298 435 1335 de
462 1309 559 1334 uno:
587 1304 700 1346 puta,
731 1296 876 1334 dicetur
908 1296 1014 1345 quod
1046 1298 1158 1333 homo
1186 1302 1241 1333 est
1266 1297 1346 1333 ani-

277 1351 358 1389 mal
383 1351 534 1394 album,-
564 1357 604 1387 et
630 1350 684 1387 sic
711 1351 832 1387 multo
861 1350 971 1398 plura
997 1350 1213 1398 praedicata
1241 1349 1346 1387 inve-

277 1404 447 1442 nitentur
474 1403 687 1440 secundum
717 1403 886 1441 diversas
915 1403 1217 1440 combinationes
1237 1415 1345 1452 prae-

278 1457 502 1495 dicatorum.
533 1458 691 1503 Rursus,
720 1456 1042 1506 praedicabuntur
1070 1456 1139 1493 tria
1169 1456 1216 1493 de
1243 1469 1344 1493 uno:

275 1517 384 1560 puta,
415 1510 560 1547 dicetur
587 1510 692 1559 quod
716 1511 828 1547 homo
857 1515 911 1546 est
941 1509 1086 1546 animal
1111 1509 1240 1546 album
1266 1522 1346 1546 ma-

275 1574 420 1613 gnum,·
457 1570 493 1599 et
530 1563 583 1599 sic
619 1575 773 1612 semper
810 1562 989 1600 addendo
1027 1562 1077 1599 ad
1117 1575 1343 1610 numerum,

276 1616 398 1664 magis
439 1615 790 1664 multiplicabuntur
820 1616 1054 1665 praedicata,
1089 1623 1126 1652 et
1158 1616 1227 1653 erit
1258 1629 1345 1665 pro-

277 1669 414 1706 cedere
442 1669 481 1706 in
499 1669 690 1706 infinitum
718 1669 757 1706 in
784 1669 1029 1718 praedicatis,
1060 1669 1155 1705 sicut
1173 1669 1287 1706 etiam
1307 1669 1345 1706 in

277 1722 470 1760 additione
489 1734 741 1759 numerorum
750 1728 776 1759 τ.
799 1722 876 1759 Sed
890 1723 966 1759 hoc
980 1722 1143 1759 excludit
1155 1734 1225 1771 per
1238 1735 1346 1771 prae-

244 1806 254 1813 .
278 1775 508 1814 dicationem
531 1775 645 1812 unius
670 1775 718 1812 de
736 1787 828 1812 uno.
854 1775 1011 1822 Quinto,
1032 1775 1189 1812 resumit
1206 1783 1249 1812 ut
1267 1788 1346 1812 non

278 1829 450 1867 dicamus
465 1828 590 1878 aliqua
605 1828 822 1877 simpliciter
839 1828 1050 1877 praedicari
1065 1827 1113 1865 de
1128 1828 1230 1877 ipsis,
1247 1841 1345 1877 quae

276 1895 356 1920 non
375 1881 517 1931 aliquid
545 1889 649 1928 sunt,
679 1881 776 1918 idest
799 1881 846 1918 de
875 1881 1149 1928 accidentibus,
1179 1893 1345 1930 quorum

276 1937 424 1974 nullum
443 1943 500 1972 est
518 1934 660 1983 aliquid
674 1934 695 1955 *
714 1933 933 1971 subsistens.
950 1935 1011 1971 De
1030 1933 1223 1985 accidente
1243 1935 1345 1972 enim

277 2000 404 2038 neque
432 1987 646 2025 subiectum
685 1990 812 2036 neque
845 1987 1021 2024 accidens
1049 1987 1202 2036 proprie
1237 2000 1345 2036 prae-

243 2057 250 2073 =
278 2041 424 2079 dicatur
433 2042 466 2088 ⁴,
486 2049 528 2078 ut
547 2053 663 2090 supra
677 2041 720 2061 ⁴⁹*
742 2040 885 2077 dictum
906 2048 972 2077 est.
995 2040 1139 2077 Omnia
1153 2041 1256 2077 enirn
1275 2041 1345 2078 hu-

276 2094 456 2142 iusmodi,
478 2106 577 2144 quae
598 2106 677 2131 non
702 2101 789 2131 sunt
807 2093 950 2142 aliquid
973 2093 1233 2140 substantiale,
1259 2102 1346 2132 sunt

276 2147 497 2195 accidentia,
528 2155 564 2184 et
588 2147 636 2184 de
659 2147 717 2184 his
746 2147 836 2184 nihil
864 2146 1104 2195 praedicatur
1127 2147 1346 2196 simpliciter

275 2201 471 2251 loquendo
489 2213 498 2238 τ
534 2199 603 2238 sed
639 2201 735 2237 haec
778 2199 934 2249 quidem
972 2200 1239 2249 praedicantur
1275 2213 1345 2249 per

275 2267 329 2302 se,
350 2254 490 2291 scilicet
519 2254 566 2291 de
595 2253 788 2301 subiectis,
819 2254 881 2290 vel
910 2253 1168 2291 substantialia
1195 2254 1344 2303 praedi-

275 2383 342 2409 quae
361 2373 436 2400 lectio
454 2375 495 2400 hic
513 2375 630 2408 explicite
649 2375 767 2399 enunciat
791 2374 922 2405 membra,
946 2383 1014 2407 quae
1033 2376 1153 2407 deinceps
1177 2376 1202 2400 in
1225 2375 1275 2401 hoc
1296 2384 1343 2401 nu-

274 2419 349 2437 mero
367 2411 528 2436 declarantur
534 2418 542 2442 3
562 2410 600 2440 Q:
622 2410 700 2436 Circa
714 2410 835 2442 primum
853 2410 892 2435 sic
901 2411 1197 2442 procedit.-Addimus
1207 2412 1299 2443 primo
1314 2419 1345 2436 ex

274 2447 350 2472 codd.
368 2446 499 2471 omnibus.

329 2482 353 2516 ρ)
369 2482 439 2507 Sunt
451 2481 550 2515 finini,-
563 2481 662 2506 scilicet
679 2480 758 2513 quale
777 2484 804 2505 et
822 2484 951 2513 quantum
970 2482 1091 2506 eta-A:
1110 2482 1343 2515 suntfinita:ib1',

273 2518 352 2551 quale
374 2517 438 2550 quid
456 2519 505 2541 etc.
531 2516 562 2541 Si
584 2516 664 2545 enim‚·
687 2515 843 2546 GKOQST:
862 2516 961 2541 scilicet
980 2517 1064 2548 quale,
1090 2520 1219 2549 quantum
1238 2521 1299 2548 etc.,
1319 2523 1346 2543 et

273 2553 340 2578 forte
354 2557 395 2577 est
408 2552 501 2576 melior
520 2552 603 2576 lectio.
612 2565 631 2571 -
640 2551 704 2576 Cod.
716 2551 742 2575 M
755 2559 770 2576 a
782 2551 877 2582 verbis,
891 2555 954 2576 sunt
958 2552 1048 2585 finita,
1064 2552 1174 2577 excurrit
1192 2553 1224 2577 ad
1243 2554 1343 2584 similia,

273 2596 342 2621 quae
360 2587 425 2612 infra
447 2591 508 2611 sunt
514 2595 521 2618 ;
540 2587 610 2612 unde
627 2587 732 2611 omissis
751 2586 851 2611 scilicet
863 2587 941 2619 quale
960 2592 1023 2618 etc.,
1038 2587 1185 2612 immediate
1208 2589 1344 2621 prosequi·

272 2628 330 2649 tur:
351 2623 456 2653 Quarto
475 2627 523 2647 etc.

327 2658 354 2691 σ)
375 2658 405 2683 In
424 2657 538 2689 simplici
552 2657 928 2689 praedicatione—Addimus
949 2657 975 2682 in
995 2665 1026 2681 ex
1042 2658 1118 2683 codd.
1138 2659 1202 2691 (exc.
1217 2659 1289 2691 GN);
1304 2659 1342 2684 G:

274 2694 308 2719 de
331 2693 487 2726 simplici.-
501 2693 651 2718 immediate
676 2698 734 2717 ante
760 2692 859 2724 (supra
881 2693 1033 2724 expositum
1059 2694 1122 2726 etc.)
1142 2694 1342 2724 ADEKNQST:

271 2736 356 2762 supra
370 2729 488 2761 positum
495 2736 505 2758 ;
519 2728 628 2752 CHLM:
643 2735 726 2760 supra
741 2728 782 2760 (M
796 2728 864 2760 om.)
879 2728 1045 2760 suppositum
1060 2732 1112 2758 est,·
1126 2729 1164 2761 G;
1183 2730 1252 2755 sicut
1261 2737 1343 2762 prae-

274 2765 374 2789 dictum
393 2763 602 2795 esa-Simplex
623 2764 664 2788 vel
690 2771 744 2788 una
766 2763 921 2796 praedicatio
946 2771 993 2788 seu
1018 2765 1160 2796 propositio
1180 2770 1219 2789 est
1238 2766 1343 2798 quando

274 2807 356 2824 unum
369 2799 402 2824 de
410 2807 463 2823 uno
474 2798 613 2831 significat;
632 2799 774 2831 propositio
779 2799 872 2830 plures
885 2799 927 2823 vel
938 2800 1082 2831 composita
1096 2805 1136 2824 est
1150 2801 1254 2832 quando
1269 2801 1344 2833 plura

274 2833 400 2867 siguificat
424 2839 450 2859 et
474 2842 527 2858 non
549 2842 640 2859 unum.
660 2835 711 2859 Sed
735 2835 767 2859 de
790 2834 830 2858 his
853 2835 912 2859 vide
936 2842 1003 2867 quae
1023 2835 1089 2861 dicta
1108 2837 1207 2860 suntin
1227 2836 1236 2860 1
1255 2836 1343 2861 Perih.

274 2870 333 2895 lect.
351 2870 586 2901 vm.-Propositio
605 2875 692 2894 autem
710 2870 758 2894 alia
777 2875 816 2894 est
830 2870 934 2903 propria
953 2874 979 2894 et
997 2870 1106 2901 directa,
1132 2871 1181 2896 alia
1204 2871 1343 2903 impropria

275 2910 301 2930 et
323 2905 452 2929 indirecta.
471 2904 574 2929 Dictum
593 2911 633 2930 est
650 2905 720 2930 enim
742 2903 767 2938 (1
786 2905 882 2935 Per-ih„
903 2905 961 2930 lect.
972 2905 1022 2936 cit„
1038 2913 1109 2939 nn.9
1129 2911 1154 2931 et
1176 2914 1221 2938 11;
1241 2907 1298 2931 lect.
1311 2915 1341 2938 x,

274 2948 300 2965 n.
318 2939 364 2972 ιο)
384 2940 455 2972 quod
474 2947 504 2964 ex
521 2940 547 2964 vi
569 2940 752 2973 propositionis
772 2941 947 2973 praedicatum
972 2945 1012 2965 est
1035 2940 1144 2966 formale
1162 2942 1188 2966 in
1207 2942 1265 2976 ipsa
1282 2950 1342 2975 pro-

274 2974 411 3007 positione,
430 2974 575 3000 subiectum
592 2983 655 3000 vero
672 2981 712 3000 est
726 2976 864 3001 materiale.
875 2976 945 3008 Ergo
964 2976 1067 3008 quoties
1086 2976 1111 3001 id
1126 2977 1197 3009 quod
1215 2977 1241 3002 in
1256 2986 1285 3002 se
1304 2983 1344 3002 est

273 3010 358 3035 forma
375 3010 418 3034 vel
433 3010 507 3042 quasi
526 3010 610 3034 forma
628 3010 736 3035 subiecti
755 3011 916 3043 praedicatur
935 3011 966 3035 de
983 3011 1100 3036 subiecto
1113 3012 1178 3045 ipso,
1193 3018 1219 3037 et
1231 3013 1257 3037 id
1271 3014 1342 3045 quod

274 3045 302 3070 in
320 3053 349 3070 se
362 3050 402 3070 est
414 3045 544 3070 materiale
557 3046 599 3070 vel
613 3046 687 3078 quasi
706 3046 838 3071 materiale
850 3046 955 3079 ponitur
968 3051 998 3070 ut
1012 3046 1157 3072 subiectum
1173 3047 1259 3080 (quod
1273 3056 1342 3073 sem-

274 3088 322 3114 per
337 3080 427 3105 accidit
442 3080 544 3112 quoties
557 3081 676 3112 superius
690 3081 852 3113 praedicatur
864 3082 895 3106 de
909 3081 1034 3112 inferiori,
1049 3090 1071 3107 e.
1086 3090 1123 3115 g.‚
1138 3083 1216 3108 homo
1231 3087 1271 3108 est
1283 3084 1341 3108 ani-

275 3116 338 3145 mal,
352 3116 394 3140 vel
413 3115 531 3140 accidens
545 3116 706 3148 praedicatur
720 3117 753 3141 de
765 3117 917 3146 substantia,
937 3124 959 3141 e.
976 3125 1009 3150 g.,
1024 3117 1102 3142 homo
1116 3121 1156 3143 est
1169 3118 1268 3151 albus),
1282 3127 1341 3152 pro-

273 3150 369 3184 positio
384 3150 475 3175 dicitur
488 3151 628 3180 naturalis,
643 3158 695 3183 per
712 3158 753 3180 se,
777 3157 802 3176 et
821 3152 932 3177 directa.
951 3152 977 3176 Si
996 3157 1083 3181 autem
1102 3161 1177 3178 secus
1198 3154 1231 3179 sit
1255 3152 1342 3188 (quod

275 3193 380 3218 semper
402 3186 492 3210 accidit
515 3186 616 3218 quoties
637 3186 751 3217 inferius,
771 3186 820 3212 hoc
839 3193 886 3217 est,
908 3187 994 3212 minus
1012 3188 1159 3214 universale
1182 3190 1342 3221 praedicatur

275 3222 308 3246 de
322 3221 457 3254 superiori,
476 3228 499 3246 e.
512 3229 546 3253 g„
563 3221 665 3246 animal
682 3225 723 3246 est
740 3222 825 3252 homo,
845 3223 887 3247 vel
907 3222 1049 3248 substantia
1071 3224 1231 3255 praedicatur
1250 3225 1281 3250 de
1300 3233 1341 3250 ac-

276 3257 384 3286 cidente,
404 3264 426 3281 e.
441 3264 475 3288 g.,
493 3256 582 3280 album
597 3259 636 3281 est
654 3256 761 3289 homo),
777 3258 919 3290 propositio
938 3258 1029 3283 dicitur
1042 3258 1216 3289 innaturalis,
1232 3268 1285 3292 per
1297 3268 1341 3286 ac-

273 3292 379 3321 cidens,
399 3296 424 3316 et
449 3291 580 3316 indirecta
598 3291 653 3323 (Cf.
672 3292 730 3316 lect.
742 3300 765 3323 x,
785 3298 838 3317 not.
853 3291 893 3325 β).

329 3327 354 3359 τ)
375 3327 451 3352 Sicut
463 3326 544 3351 etiam
555 3327 581 3351 in
592 3327 730 3352 additione
743 3335 942 3353 numerorum·
952 3329 1010 3353 GIN
1024 3337 1078 3354 om.
1092 3330 1188 3359 etiam5
1201 3331 1242 3355 alii
1257 3331 1340 3356 codd.:

275 3365 328 3388 et.·-
339 3362 434 3386 Iterum
454 3362 510 3386 cod.
529 3362 554 3392 1,
573 3362 724 3387 discordans
743 3370 759 3387 a
777 3363 796 3387 Ρ
820 3369 846 3387 et
864 3363 895 3388 ab
915 3363 970 3388 aliis
990 3365 1136 3395 codicibus,
1160 3367 1340 3399 prosequitur:

275 3407 290 3420 ‹
311 3398 362 3422 Sed
381 3397 491 3422 excludit
515 3404 561 3429 per
579 3396 744 3429 hypothesim
763 3399 881 3430 superius
900 3399 1001 3424 factam.
1026 3400 1084 3424 Hoc
1102 3401 1171 3425 euim
1186 3409 1340 3426 concessum

277 3443 290 3456 ι
312 3438 351 3458 est
370 3438 396 3457 et
414 3433 587 3464 suppositum,
601 3440 660 3458 curn
676 3433 825 3465 quaerimus
845 3439 941 3458 statum
959 3435 985 3458 in
995 3435 1154 3466 praedicatis,
1169 3437 1240 3468 quod
1258 3445 1341 3461 unum

276 3477 291 3492 »
311 3469 343 3493 de
366 3475 419 3492 uno
437 3468 605 3500 praedicetur.
631 3467 734 3492 Tertius
760 3469 855 3493 modus
879 3474 919 3494 est
941 3474 970 3494 ut
993 3470 1110 3494 accidens
1129 3471 1290 3502 praedicetur
1308 3473 1340 3496 de

276 3513 290 3526 «ι
311 3503 435 3533 subiecto,
451 3508 476 3527 et
490 3503 634 3527 subiectum
649 3503 681 3528 de
700 3504 838 3535 accidente,
857 3509 883 3528 et
900 3505 988 3529 omnia
1002 3513 1069 3537 quae
1088 3506 1205 3530 accidunt
1224 3507 1340 3532 subiecto

277 3548 290 3562 ι
310 3539 488 3571 praedicantur
507 3539 539 3563 de
558 3538 674 3563 subiecto
681 3547 688 3569 ;
714 3543 740 3563 et
758 3547 817 3563 cum
837 3539 871 3564 ita
889 3538 985 3564 infinita
1009 3541 1046 3564 eis
1066 3541 1197 3572 accidunt,
1223 3543 1340 3574 sequitur

276 3583 290 3597 ι
310 3574 382 3606 quod
400 3574 554 3606 praedicatio
573 3574 695 3606 procedat
714 3575 739 3598 in
759 3573 894 3599 infinitum.
913 3575 964 3599 Sed
983 3574 1032 3599 hoc
1051 3576 1163 3600 excludit
1182 3577 1275 3601 iterum
1293 3585 1339 3610 per

276 3619 292 3632 ›
312 3610 388 3634 aliam
407 3609 573 3642 hypothesim
592 3610 710 3642 superius
729 3609 830 3634 factam.
854 3610 1022 3642 Suppositum
1048 3616 1088 3635 est
1106 3612 1175 3636 enim
1194 3619 1286 3644 supra,
1311 3618 1339 3637 ut

2365 286 2367 288 '
2389 278 2465 316 279

1404 353 1486 382 cata
1509 346 1572 383 vel
1595 346 1839 383 accidentalia
1864 351 1888 383 ⁰.
1917 346 1982 382 Illa
2004 358 2099 383 vero
2120 346 2331 383 secundum
2347 347 2463 383 alium

1403 398 1577 445 modum,
1592 399 1689 436 idest
1715 412 1785 448 per
1812 399 2004 446 accidens,
2034 398 2173 436 scilicet
2201 412 2289 436 cum
2317 399 2464 447 praedi-

1403 458 1535 495 cantur
1549 451 1597 488 de
1613 452 1879 499 accidentibus,
1896 459 1961 488 aut
1975 451 2154 499 subiecta,
2166 459 2231 488 aut
2244 452 2461 489 accidentia.

1384 500 1510 543 <Haec
1539 504 1641 541 enim
1666 505 1812 552 omnia,
1837 505 1976 541 scilicet
2008 505 2226 551 accidentia,
2246 505 2388 542 habent
2416 505 2463 541 de

1402 556 1460 591 sui
1488 556 1632 593 ratione
1653 558 1758 606 quod
1778 558 1949 594 dicantur
1970 557 2016 594 de
2037 558 2225 595 subiecto:
2250 558 2342 594 illud
2357 559 2376 577 ⁴·
2397 570 2462 594 au-

1402 615 1479 645 tem
1499 609 1604 657 quod
1624 618 1679 646 est
1693 610 1879 658 accidens,
1896 623 1973 647 non
1994 618 2050 647 est
2068 611 2280 647 subiectum
2296 610 2461 659 aliquod3

1401 661 1504 697 unde
1532 662 1623 698 nihil
1650 663 1804 711 proprie
1831 663 2024 712 loquendo
2053 671 2178 712 potest
2206 664 2253 700 de
2283 676 2328 700 eo
2354 676 2463 712 prae-

1403 713 1529 762 dicari,
1555 715 1643 763 quia
1663 716 1752 752 nihil
1781 716 1924 763 talium,
1949 716 2088 753 scilicet
2107 716 2370 762 accidentium,
2391 728 2460 765 po-

1402 766 1528 804 nimus
1557 780 1640 804 esse
1668 769 1756 815 tale,
1787 769 1892 817 quod
1920 769 2063 813 dicatur
2089 769 2145 816 id,
2176 769 2282 818 quod
2309 769 2460 816 dicitur,

1401 818 1498 855 idest
1525 820 1630 868 quod
1659 821 1836 870 suscipiat
1866 822 2188 869 praedicationem
2222 822 2322 869 eius,
2357 822 2462 871 quod

1403 871 1450 907 de
1471 884 1517 908 eo
1536 873 1785 921 praedicatur,
1815 886 1893 910 non
1922 874 2028 923 quasi
2047 874 2188 923 aliquid
2207 876 2367 911 alterum
2387 875 2461 911 exi-

1402 932 1503 961 stens
1519 926 1559 972 ⁴⁵,
1590 926 1685 962 sicut
1717 926 1851 963 accidit
1874 927 1911 963 in
1931 927 2155 964 substantiis.
2178 928 2308 964 Homo
2329 927 2431 964 enim
2445 932 2461 957 ?

1402 977 1536 1014 dicitur
1550 979 1695 1015 animal
1711 980 1773 1015 vel
1787 979 1927 1025 album,
1944 992 2022 1016 non
2043 980 2131 1028 quia
2146 980 2286 1029 aliquid
2301 980 2402 1017 aliud
2416 980 2463 1017 sit

1401 1030 1540 1067 animal
1567 1032 1630 1067 vel
1658 1032 1806 1078 album,
1837 1032 1904 1068 sed
1933 1032 2021 1080 quia
2048 1032 2254 1080 ipsummet
2277 1034 2382 1082 quod
2406 1041 2462 1070 est

1401 1083 1534 1130 homo,
1564 1091 1620 1120 est
1647 1084 1786 1120 animal
1818 1085 1880 1120 vel
1909 1085 2054 1120 album:
2085 1086 2152 1122 sed
2181 1086 2310 1122 album
2335 1086 2422 1123 ideo
2441 1086 2462 1107 *

1402 1135 1536 1172 dicitur
1558 1137 1678 1172 homo
1706 1138 1768 1173 vel
1793 1136 1995 1185 musicum,
2016 1137 2104 1185 quia
2131 1138 2272 1186 aliquid
2290 1139 2460 1186 alterum,

1402 1188 1541 1224 scilicet
1568 1189 1782 1225 subiectum
1811 1189 1905 1236 albi,
1927 1198 1983 1226 est
2001 1190 2120 1226 homo
2139 1192 2202 1227 vel
2222 1191 2411 1228 musicum
2427 1193 2459 1229 *.

1403 1241 1479 1278 Sed
1498 1241 1624 1290 ipsum
1645 1242 1820 1279 accidens
1839 1242 1935 1278 inest
1954 1242 2050 1287 aliis3
2081 1250 2117 1278 et
2136 1243 2218 1290 alia,
2239 1255 2336 1291 quae
2355 1257 2462 1292 prae-

1402 1294 1574 1331 dicantur
1593 1295 1641 1332 de
1661 1295 1866 1342 accidente,
1881 1295 2146 1343 praedicantur
2161 1297 2208 1332 de
2223 1297 2351 1343 altero,
2367 1297 2463 1334 idest

1401 1348 1449 1384 de
1478 1348 1647 1384 subiecto
1674 1348 1895 1394 accidentis;
1926 1355 1961 1384 et
1979 1356 2135 1396 propter
2152 1349 2227 1384 hoc
2245 1349 2463 1397 praedican-

1400 1408 1460 1437 tur
1489 1402 1537 1438 de
1566 1401 1771 1449 accidente,
1799 1409 1842 1438 ut
1870 1401 2013 1438 dictum
2043 1400 2226 1457 estpHoc
2254 1409 2381 1438 autem
2409 1403 2463 1439 in-

1399 1454 1579 1501 troduxit,
1605 1454 1694 1503 quia
1713 1454 1743 1491 si
1763 1454 1937 1492 accidens
1956 1450 2195 1502 praedicatur
2214 1454 2262 1491 de
2281 1454 2461 1502 subiecto,

1401 1514 1438 1543 et
1465 1519 1485 1543 e
1502 1520 1703 1555 converso,
1734 1516 1770 1545 et
1798 1508 1928 1545 omnia
1956 1519 2054 1556 quae
2079 1507 2253 1544 accidunt
2281 1507 2461 1555 subiecto,

1399 1560 1665 1609 praedicentur
1678 1561 1698 1582 ³²
1713 1562 1760 1598 de
1781 1574 1822 1598 se
1837 1561 2013 1607 invicem,
2035 1567 2214 1609 sequetur
2234 1561 2339 1609 quod
2356 1573 2463 1610 prae-

1401 1614 1536 1651 dicatio
1569 1614 1753 1663 procedat
1784 1614 1822 1651 in
1856 1614 2068 1662 infinitum,
2102 1613 2191 1662 quia
2221 1614 2288 1651 uni
2320 1614 2464 1651 infinita

1400 1667 1586 1704 accidunt.

1459 1732 1516 1757 10.
1533 1719 1681 1757 Deinde
1698 1732 1786 1756 cum
1798 1719 1900 1756 dicit:
1915 1720 2051 1768 Neque
2061 1720 2098 1757 in
2108 1732 2258 1757 sursum
2271 1731 2364 1769 ergo
2381 1727 2462 1767 etc.,

1400 1773 1564 1810 ostendit
1577 1773 1817 1822 propositum
1829 1785 1874 1809 ex
1883 1773 2113 1822 praemissis,
2131 1773 2270 1810 scilicet
2281 1774 2300 1794 '¹‘
2311 1773 2416 1822 quod
2425 1773 2464 1809 in

1399 1826 1693 1875 praedicatione,
1710 1839 1787 1875 qua
1804 1826 2044 1875 praedicatur
2063 1839 2185 1864 unum
2206 1826 2252 1863 de
2271 1839 2362 1874 un0,
2386 1838 2465 1867 non

1400 1880 1619 1928 proceditur
1642 1880 1680 1916 in
1708 1879 1915 1926 infinitum,
1941 1892 2065 1928 neque
2093 1880 2132 1916 in
2162 1892 2312 1916 sursum
2340 1891 2463 1928 neque

1400 1933 1440 1970 in
1469 1933 1667 1979 deorsum;
1698 1933 1787 1982 quia
1815 1932 1945 1978 omnia
1973 1933 2181 1970 accidentia
2203 1932 2466 1982 praedicantur

1402 1987 1450 2023 de
1478 1986 1547 2035 his,
1578 1999 1676 2035 quae
1704 1985 1892 2034 pertinent
1916 1986 1965 2023 ad
1984 1986 2232 2023 substantiam
2261 1985 2331 2033 rei,
2361 1985 2466 2034 quod

1401 2048 1480 2076 erat
1494 2039 1625 2089 quinta
1644 2038 1855 2088 suppositio
1871 2044 1900 2076 χ.
1925 2039 2192 2076 Substantialia
2215 2047 2343 2076 autem
2358 2051 2464 2087 prae-

1401 2093 1523 2130 dicata
1551 2105 1630 2129 non
1658 2100 1745 2129 sunt
1772 2092 1918 2129 infinita
1946 2092 2070 2141 (quod
2094 2100 2173 2129 erat
2193 2092 2359 2129 secunda
2379 2104 2465 2140 sup-

1399 2146 1576 2196 positio);
1607 2154 1644 2183 et
1671 2146 1722 2182 ita
1750 2158 1796 2182 ex
1823 2153 1930 2194 parte
1959 2145 2217 2183 subiectorum
2236 2158 2315 2182 non
2332 2157 2464 2194 proce-

1401 2200 1500 2238 ditur
1527 2200 1566 2237 in
1593 2199 1783 2236 infinitum
1812 2199 1851 2236 in
1870 2199 2091 2236 huiusmodi
2109 2199 2463 2248 praedicationibus,

1400 2253 1508 2303 quasi
1537 2253 1576 2290 in
1605 2253 1799 2290 deorsum.
1830 2254 1872 2289 In
1901 2265 2051 2289 sursum
2076 2260 2204 2289 autem
2228 2260 2361 2289 neutra
2380 2258 2466 2288 sunt

1400 2384 1414 2399 »
1434 2384 1487 2400 non
1506 2376 1621 2400 dicamus
1635 2375 1721 2408 aliqua
1733 2375 1883 2407 simpliciter
1901 2374 2040 2407 praedicari
2059 2375 2091 2399 de
2104 2374 2175 2406 ipsis,
2190 2381 2256 2407 quae
2268 2384 2281 2397 ›
2301 2380 2357 2404 etc.,
2372 2379 2401 2398 ut
2415 2374 2463 2399 im-

1399 2412 1510 2436 mediate
1529 2412 1594 2436 infra
1613 2412 1638 2435 in
1656 2416 1726 2435 textu
1745 2419 1767 2435 s.
1782 2410 1908 2435 Thomae.

1453 2446 1478 2479 u)
1502 2446 1547 2472 Vel
1564 2446 1751 2471 substantialia
1764 2446 1926 2478 praedicata
1945 2446 1985 2471 vel
2002 2445 2186 2471 accidentalia.
2198 2459 2215 2463 -—
2231 2445 2294 2470 Cod.
2313 2446 2334 2469 B
2352 2446 2465 2470 secunda

1399 2490 1478 2507 manu
1492 2482 1580 2507 habet:
1596 2482 1636 2507 vel
1647 2485 1676 2506 ut
1685 2481 1871 2506 substantialia
1878 2481 2040 2514 praedicata
2050 2481 2090 2505 vel
2105 2484 2134 2505 ut
2147 2480 2302 2506 accidentia.
2320 2481 2403 2505 Etiam
2422 2481 2463 2505 PC

1399 2522 1425 2542 et
1434 2518 1499 2542 forte
1509 2518 1530 2542 L
1542 2517 1631 2550 legunt
1640 2517 1788 2542 accidentia
1793 2524 1802 2546 ;
1818 2517 1894 2542 ceteri
1905 2517 1988 2546 codd„
2003 2516 2186 2545 accidentalia,
2198 2521 2225 2540 ut
2237 2523 2328 2540 sensus
2343 2516 2463 2549 postulat.

1453 2553 1480 2586 φ)
1501 2553 1589 2577 Homo
1609 2552 1679 2577 enim
1700 2551 2040 2582 etc.-AHKLMNOQST:
2060 2552 2148 2576 Homo
2169 2551 2237 2576 enim
2257 2551 2298 2583 (T,
2315 2551 2377 2576 Ideo
2394 2552 2462 2576 enim

1398 2588 1487 2620 homo)
1503 2588 1602 2613 dicitur
1613 2586 1655 2621 (A,
1665 2587 1779 2622 dicetur)
1793 2588 1895 2612 animal
1907 2588 1948 2612 vel
1959 2588 2056 2617 album,
2069 2594 2120 2611 non
2134 2587 2197 2619 quia
2207 2592 2263 2616 etc.;
2274 2588 2307 2611 B:
2320 2587 2380 2611 Non
2394 2587 2463 2611 enim

1399 2624 1503 2648 dicetur
1520 2623 1612 2653 homo;
1631 2623 1699 2648 CEG
1714 2628 1740 2647 et
1753 2631 1778 2656 p.
1792 2631 1827 2648 m.
1842 2623 1877 2647 D:
1891 2624 1951 2648 Non
1971 2623 2040 2647 enim
2055 2622 2153 2647 dicitur
2171 2623 2248 2647 homo
2263 2622 2294 2655 (C
2308 2630 2360 2646 om.
2375 2622 2462 2654 homo)

1398 2660 1500 2684 animal
1518 2659 1559 2684 vel
1576 2659 1673 2686 album,
1694 2666 1745 2683 non
1765 2659 1843 2691 quia,·
1862 2659 1884 2683 D
1898 2666 1919 2684 s.
1935 2666 1985 2683 m.:
2004 2659 2064 2683 Non
2079 2658 2147 2682 enim
2163 2658 2261 2682 dicitur
2273 2658 2350 2682 homo
2362 2658 2463 2682 animal

1400 2695 1439 2719 vel
1457 2695 1544 2724 albus,
1565 2694 1636 2726 quia.
1648 2694 1682 2718 P:
1702 2695 1782 2719 Hom.
1796 2694 1865 2718 enim
1884 2702 1936 2719 non
1958 2694 2043 2719 dic...
2062 2694 2149 2717 album
2169 2693 2339 2725 quia.—Cod.
2359 2693 2368 2717 1
2388 2693 2462 2717 tertio

1399 2730 1529 2754 discordat
1547 2738 1562 2754 a
1582 2730 1601 2754 P
1621 2734 1646 2754 et
1665 2730 1740 2754 codd.
1759 2730 1799 2754 En
1819 2730 1874 2754 eius
1893 2729 1983 2754 lectio:
1999 2739 2012 2751 «
2035 2729 2092 2753 Non
2112 2729 2180 2753 enim
2200 2728 2291 2752 dicitur
2309 2728 2401 2752 animal
2420 2728 2462 2752 vel

1400 2775 1412 2787 x
1430 2766 1527 2795 album,
1543 2765 1589 2789 sed
1608 2765 1669 2797 quia
1687 2765 1773 2797 ipsum
1793 2763 1826 2798 (?)
1846 2765 1916 2797 quod
1935 2770 1975 2789 est
1993 2764 2080 2793 homo,
2095 2769 2135 2788 est
2147 2764 2240 2788 animal
2252 2763 2293 2787 vel
2312 2763 2399 2787 album
2418 2764 2459 2787 vel

1400 2809 1414 2823 »
1428 2801 1572 2832 musicum,
1587 2801 1648 2832 quia
1667 2801 1762 2832 aliquid
1781 2801 1899 2831 alterum,
1917 2800 2013 2825 scilicet
2032 2799 2175 2824 subiectum
2195 2799 2253 2829 albi,
2269 2803 2309 2822 est
2320 2798 2400 2822 homo
2418 2798 2460 2823 vel

1400 2846 1412 2858 ›
1429 2836 1559 2867 musicus;
1573 2836 1620 2860 sed
1631 2835 1776 2860 subiectum
1787 2835 1904 2860 accidens
1914 2836 1981 2860 inest
1995 2835 2058 2865 aliis,
2070 2839 2095 2858 et
2105 2834 2153 2858 alia
2167 2842 2233 2866 quae
2243 2834 2419 2865 praedicantur
2428 2834 2460 2857 de

1400 2881 1413 2895 :t
1429 2871 1567 2902 accidente,
1581 2871 1758 2903 praedicantur
1777 2871 1809 2895 de
1827 2871 1916 2901 altero,
1931 2871 1997 2895 idest
2016 2871 2048 2894 de
2063 2869 2178 2894 subiecto
2197 2869 2340 2899 accidentis,
2360 2874 2385 2893 et
2401 2876 2459 2900 pro-

1400 2917 1413 2930 »
1427 2911 1485 2939 pter
1502 2906 1552 2931 hoc
1570 2906 1750 2939 praedicantur
1769 2907 1800 2930 de
1819 2906 1932 2931 homine.
1952 2907 1992 2930 Sic
2010 2906 2093 2938 igitur,
2107 2912 2137 2928 ex
2155 2912 2208 2936 quo
2226 2912 2277 2928 non
2296 2909 2381 2936 potest
2399 2911 2459 2936 pro-

1400 2953 1412 2965 »
1429 2942 1484 2967 cedi
1498 2942 1524 2966 in
1540 2941 1667 2966 infinitum
1681 2941 1707 2966 in
1721 2949 1826 2966 sursum
1841 2941 1867 2965 in
1881 2940 2119 2974 praedicationibus,
2131 2947 2214 2971 neque
2229 2939 2370 2963 secundum
2385 2946 2458 2971 prae-

1399 2988 1412 3001 ›
1429 2978 1510 3002 dicata
1529 2977 1719 3007 substantialia,
1738 2982 1766 3001 ut
1783 2977 1870 3001 visum
1889 2982 1942 3006 est,
1958 2983 2041 3008 neque
2056 2975 2197 3000 secundum
2212 2975 2312 2998 diversa
2330 2974 2459 3006 praedica-

1399 3022 1413 3037 »
1427 3018 1575 3038 mentorum
1600 3020 1711 3045 genera,
1732 3020 1817 3044 neque
1841 3012 1982 3036 secundum
2010 3010 2224 3043 multiplicitatem
2243 3009 2459 3041 praedicatorum,

1399 3059 1412 3071 »
1427 3056 1512 3081 neque
1525 3048 1668 3073 secundum
1681 3047 1833 3072 infinitatem
1852 3047 2031 3077 accidentium3
2046 3045 2197 3078 relinquitur
2216 3052 2277 3077 ergo
2296 3045 2365 3076 quod
2385 3044 2457 3068 nullo

1400 3094 1412 3107 »
1427 3084 1506 3108 modo
1526 3084 1648 3115 contingit
1666 3083 1691 3107 in
1710 3091 1815 3107 sursum
1828 3082 2041 3114 praedicationem
2057 3089 2115 3105 esse
2129 3081 2154 3105 in
2168 3079 2301 3110 infinitum,
2313 3087 2372 3104 cum
2385 3087 2458 3111 prae-

1399 3130 1412 3142 »
1427 3119 1524 3144 dicatur
1538 3126 1618 3143 unum
1632 3119 1663 3143 de
1681 3118 1876 3142 uno.—Deinde
1895 3125 1954 3142 cum
1975 3117 2045 3146 dicit,
2065 3124 2112 3141 nec
2131 3116 2156 3140 in
2177 3116 2312 3144 deorsum,
2332 3115 2459 3139 concludit

1399 3165 1412 3177 ι
1427 3162 1457 3179 ex
1474 3155 1572 3178 eisdem
1587 3154 1657 3186 quod
1670 3161 1722 3177 non
1734 3153 1858 3185 contingit
1869 3153 2021 3185 praecedere
2034 3152 2058 3176 in
2072 3151 2197 3176 infinitum
2207 3151 2231 3174 in
2246 3151 2375 3174 deorsum.
2392 3150 2459 3174 Dicit

1399 3200 1411 3212 ›
1427 3197 1489 3222 ergo
1508 3190 1579 3222 quod
1598 3189 1619 3213 si
1629 3188 1673 3213 fiat
1691 3189 1863 3220 praedicatum
1878 3188 1954 3212 unius
1970 3188 2001 3211 de
2020 3195 2080 3217 uno,
2100 3194 2150 3210 non
2170 3186 2276 3210 ducetur
2294 3186 2319 3209 in
2332 3184 2457 3209 infinitum

1399 3236 1411 3248 »
1429 3225 1505 3249 etiam
1519 3225 1544 3248 in
1558 3225 1688 3254 deorsum,
1699 3224 1770 3256 quod
1789 3228 1924 3247 ostensum
1943 3228 1982 3247 est
2000 3230 2078 3254 supra
2091 3222 2122 3246 de
2141 3221 2290 3253 praedicatis
2303 3220 2456 3244 substantia-

1398 3271 1410 3283 »
1427 3260 1508 3284 libus:
1529 3260 1574 3284 sed
1594 3260 1615 3283 si
1635 3267 1664 3283 ea
1683 3266 1750 3291 quae
1769 3259 1946 3290 praedicantur
1959 3258 2023 3282 sicut
2042 3257 2190 3286 accidentia,
2206 3263 2312 3280 necesse
2327 3260 2366 3279 est
2384 3255 2455 3287 quod

1399 3306 1411 3318 >›
1425 3295 1604 3328 praedicentur
1623 3294 1654 3318 de
1669 3294 1790 3318 subiectis
1804 3299 1828 3318 et
1843 3294 1874 3318 de
1889 3293 1928 3317 his
1943 3301 2009 3325 quae
2024 3292 2222 3317 substantialiter
2235 3291 2412 3323 praedicantur
2425 3290 2457 3314 de

1399 3342 1410 3353 »
1426 3330 1555 3359 subiecto,
1570 3335 1595 3354 et
1608 3330 1641 3354 ita
1655 3337 1706 3353 non
1719 3334 1778 3353 sunt
1790 3328 1887 3353 infinita
1892 3336 1899 3358 ;
1914 3329 2029 3352 similiter
2043 3328 2118 3352 etiam
2133 3334 2179 3351 nec
2197 3326 2333 3351 accidentia
2346 3330 2406 3350 sunt
2418 3326 2455 3349 in-

1398 3377 1410 3389 »
1425 3365 1495 3390 finita
1509 3365 1534 3389 in
1549 3372 1665 3394 sursum,
1685 3365 1719 3388 ita
1737 3364 1833 3388 scilicet
1845 3364 1915 3396 quod
1928 3371 2032 3395 semper
2043 3362 2178 3387 accidentis
2193 3362 2225 3386 sit
2240 3361 2306 3385 aliud
2320 3361 2437 3385 accidens
2449 3380 2455 3392 ,

1397 3412 1409 3424 »
1425 3406 1450 3425 et
1465 3401 1541 3425 etiam
1556 3400 1729 3424 substantialia
1744 3399 1887 3431 praedicata
1901 3407 1952 3422 non
1967 3403 2026 3422 sunt
2036 3398 2061 3422 in
2073 3404 2176 3422 sursum
2189 3396 2291 3421 infinita.
2307 3396 2380 3421 Unde
2395 3403 2455 3420 con-

1398 3447 1410 3459 »
1426 3436 1493 3461 cludi
1508 3440 1594 3468 potest
1612 3435 1789 3459 universaliter
1804 3444 1816 3456 2»
1838 3439 1894 3464 etc.,
1914 3439 1942 3458 ut
1961 3434 2003 3457 lin.
2023 3440 2052 3466 ¹9
2071 3440 2126 3464 seq.
2142 3440 2212 3456 num.
2231 3439 2270 3456 10.

1448 3470 1478 3506 y)
1500 3471 1569 3495 Erat
1587 3470 1680 3502 quinta
1699 3469 1929 3501 suppositio-AQ
1947 3474 1972 3493 et
1991 3476 2012 3493 s.
2027 3476 2062 3492 m.
2077 3468 2138 3492 DK:
2157 3470 2217 3491 erat
2230 3467 2321 3498 prima
2335 3473 2441 3498 suppos.
2447 3475 2457 3497 ,-

1395 3508 1428 3531 B:
1448 3509 1507 3531 erat
1526 3513 1589 3530 vera
1607 3512 1726 3537 suppos.;
1746 3505 1802 3528 EN:
1821 3507 1880 3528 erat
1899 3511 1952 3528 una
1964 3510 2083 3535 suppos.,·
2102 3503 2124 3527 D
2137 3511 2163 3535 p.
2175 3510 2218 3527 m.:
2233 3505 2292 3527 erat
2306 3509 2322 3526 a
2335 3509 2456 3533 suppos.;

1394 3543 1417 3567 K
1437 3550 1462 3574 p.
1478 3549 1513 3566 rn.
1533 3543 1592 3565 erat
1610 3541 1628 3565 d
1646 3547 1765 3572 suppos.‚·
1790 3547 1856 3571 quae
1875 3539 1975 3569 literae,
1995 3546 2087 3570 nempe
2105 3545 2122 3562 a
2141 3542 2166 3561 et
2184 3538 2214 3567 d,
2233 3538 2351 3562 videntur
2370 3545 2456 3561 corru-

1394 3578 1497 3610 ptiones
1517 3576 1622 3600 alicuius
1642 3575 1749 3604 numeri,
1769 3579 1830 3607 puta
1844 3582 1868 3599 v.
1887 3574 1937 3598 MT
1952 3579 1977 3599 et
1994 3582 2019 3607 p.
2034 3581 2068 3597 m.
2088 3574 2117 3598 S:
2137 3575 2196 3597 erat
2211 3573 2244 3597 de
2262 3572 2456 3604 suppositione,-

1394 3614 1411 3637 S
1427 3621 1448 3637 s.
1461 3620 1509 3637 m.:
1529 3615 1588 3636 erat
1607 3611 1639 3635 de
1657 3610 1836 3642 suppositione
1849 3610 1949 3641 prima.

2491 567 2500 598 ζ
2514 573 2674 594 ευῑσιιικιαιτ
2683 576 2688 589 :

2489 936 2498 944 ‘
2514 935 2588 957 Codd.
2598 937 2653 962 (exe.
2665 938 2685 962 a)
2695 944 2700 956 z

2489 968 2538 984 ens.

2490 1094 2498 1103 ‘
2506 1093 2631 1116 Codd.om.
2637 1094 2700 1116 ideo.

2490 1201 2499 1208 ‘
2507 1205 2677 1230 scoacum-ost:

2489 1232 2599 1247 musicus.

2490 1572 2500 1582 ⁸
2519 1577 2583 1596 1³on
2592 1578 2597 1592 :
2614 1571 2702 1598 pdcan-

2491 1600 2543 1621 tur,-
2553 1604 2594 1622 NQ:
2605 1598 2638 1618 ad
2646 1598 2703 1623 inv„-

2490 1629 2620 1655 senextus:
2630 1624 2660 1645 de
2667 1625 2701 1645 in-

2491 1656 2570 1671 vicem.

2491 1781 2562 1803 ‘SciL
2571 1782 2700 1809 om.codd.‚

2492 1814 2542 1830 exc.
2557 1814 2593 1829 no.
