2788 4204
0 3796 7 3809 f‘
0 3766 5 3778 *
0 3752 1 3756 Α
0 3554 7 3705 “““”““”’”“”“““”““
0 3370 14 3542 7W'ffl
0 3176 13 3359 W?
0 2910 18 3160 ‘'fi‘'mm*
0 2894 1 2898 Α
0 2878 2 2884 ’
0 2776 17 2810 ὶῐῇἶ
0 2755 7 2768 ’”’
0 2698 7 2733 ‘'³'‘
1 2639 13 2647 N

41 3371 46 3375 r
35 3178 42 3179 1
39 2845 47 2852 ι-

85 1548 150 1573 *he
171 1551 298 1581 ,utquam

86 1603 163 1627 ebur
170 1603 279 1626 tundit.

90 2218 222 2250 tha-n.

1165 289 1275 326 CAP.
1307 290 1375 337 iv,

1407 290 1557 327 LECT.
1586 290 1655 327 V11

2452 292 2499 329 33

1061 494 1276 550 LECT
1278 497 1360 550 10
1399 495 1766 552 SEPTIMA

829 630 919 670 DE
958 630 1498 673 ENUNCIATIONIS
1541 634 1991 674 DEFINITIONE

318 777 567 832 Ἀποφαντικός
593 771 631 808 δέ
658 777 695 809 οὐ
721 779 804 819 πᾶς,
834 778 901 810 ἀλλ’
923 779 956 810 ἑν
975 793 998 821 ῳ
1016 780 1059 813 τὸ
1081 779 1254 817 ἀληθεύειν
1272 779 1293 816 ἦ
1313 779 1350 823 ψε
1355 780 1390 811 u'-

389 818 424 854 85
413 821 505 854 -σθαι
531 821 690 878 υποίξχει·

322 866 382 900 οὐκ
408 866 441 898 ἐν
469 865 577 898 ἅπασι
601 867 639 898 ὸέ
665 865 833 922 υποίρχει,
852 867 919 899 οἷον
941 881 962 904 η
981 868 1064 913 εὗχη
1089 866 1189 914 λόγος
1216 867 1288 912 μέν,
1317 868 1384 900 ἀλλ’

390 910 469 943 οὔτε
497 910 624 949 ἀληθής
650 911 729 943 οὔτε
755 904 887 955 ψευδης.

322 956 360 986 01
378 955 438 1010 μὲν
456 953 513 987 ουν
533 955 631 987 ἄλλοι
651 955 872 999 ἀφείσθωσαν·
891 957 1068 1011 ῥητορικῆς
1086 955 1150 1010 γοὶρ
1169 954 1189 992 ἢ
1208 957 1390 993 ποιητικῆς

393 999 583 1044 οἰκειοτέρα
608 1001 629 1036 ἣ
646 999 771 1043 σκέψις·
792 1002 808 1032 ὁ
826 995 864 1032 δὲ
883 1000 1115 1044 αποφαντικὸς
1141 1001 1204 1037 τῆς
1230 1001 1287 1031 νῦν
1312 999 1392 1030 θεω-

391 1045 474 1087 ew<

384 1150 590 1178 5101οΡ515-
617 1159 639 1177 1.
659 1150 767 1177 Textus
795 1155 1013 1186 argumentum,
1036 1148 1154 1185 eiusque
1182 1148 1338 1176 divisiones
1364 1155 1391 1176 et

324 1189 566 1218 subdivisiones.—
579 1196 606 1216 2.
623 1189 718 1216 Omne
746 1189 969 1216 instrumentum
997 1194 1111 1233 oportet
1139 1187 1251 1215 definiri
1279 1197 1312 1215 ex
1334 1187 1391 1215 fine

324 1229 361 1256 ad
382 1237 470 1265 quem
484 1229 658 1264 destinatur3
680 1238 748 1273 ergo
770 1228 864 1256 oratio
886 1227 1066 1256 enunciativa
1079 1228 1166 1255 debet
1179 1227 1291 1254 definiri
1305 1236 1339 1255 ex
1354 1237 1390 1255 eo

324 1269 405 1305 quod
419 1268 456 1296 sit
469 1268 655 1305 significativa
668 1268 794 1296 veritatis
808 1268 853 1296 vel
867 1267 994 1296 falsitatis
1009 1267 1106 1295 iudicii
1120 1267 1283 1294 mentalis.-
1294 1267 1319 1294 3.
1331 1267 1389 1294 Co-

324 1307 480 1336 rollarium.
503 1309 612 1336 Verum
633 1314 661 1336 et
681 1308 785 1336 falsum
807 1314 873 1335 sunt
887 1307 917 1335 in
932 1306 1134 1335 enunciatione
1156 1306 1228 1334 sicut
1243 1306 1272 1334 in
1287 1306 1389 1344 signo:

324 1347 355 1375 in
376 1353 479 1381 mente
498 1347 572 1375 sicut
599 1347 629 1375 in
656 1348 782 1376 subiecto
807 1352 1016 1385 cognoscente:
1037 1345 1067 1374 in
1092 1355 1123 1374 re
1145 1346 1217 1374 sicut
1244 1346 1273 1373 in
1301 1354 1389 1374 causa

292 1404 298 1406 s
325 1387 395 1422 (6st
398 1382 462 1415 rect}
477 1395 523 1422 111,
546 1396 574 1414 11.
591 1388 618 1415 6.
634 1393 662 1415 et
682 1389 784 1424 seqq.).
798 1402 821 1409 -
839 1395 867 1421 4.
890 1387 959 1414 Sola
979 1385 1160 1414 enunciativa
1180 1385 1290 1420 oratio,
1313 1395 1388 1422 quae

325 1426 412 1454 etiam
433 1427 588 1455 indicativa
609 1433 638 1455 et
658 1427 836 1464 suppositiva
856 1426 968 1461 dicitur,
990 1425 1130 1463 significat
1149 1435 1250 1453 verum
1271 1426 1316 1453 vel
1336 1425 1387 1453 fal-

465 1556 485 1580 ,¹
596 1539 774 1590 ostquam
797 1531 818 1552 '²
845 1530 1100 1590 Philosophus
1130 1530 1395 1567 determinavit

419 1580 423 1593 ¹
464 1593 510 1629 Ψ]
537 1585 580 1646 ’ἐϋ
596 1584 644 1621 (15
658 1584 849 1632 principiis
866 1583 1151 1630 enunciafionis,
1164 1583 1225 1619 hic
1239 1583 1395 1632 incipit*

417 1663 423 1670 =
451 1608 580 1682 ΪΞέ-Ἡῖ
597 1637 848 1674 determinare
868 1636 943 1674 de
926 1649 1017 1686 ipsa
1045 1636 1320 1673 enunciatione.
1346 1637 1395 1672 Et

397 1703 424 1719 ψ’
451 1678 577 1730 *iffi-'¹
598 1690 777 1727 dividitur
803 1702 891 1738 pars
924 1691 1020 1726 haec
1048 1689 1086 1726 in
1116 1689 1227 1726 duas:
1252 1689 1291 1725 in
1318 1689 1392 1737 pri-

327 1755 403 1790 ma,
434 1743 659 1780 determinat
687 1743 734 1780 de
768 1743 1031 1780 enunciatione
1060 1743 1250 1787 absolute;
1271 1742 1309 1778 in
1337 1754 1393 1778 se-

329 1795 474 1843 cunda,
505 1796 552 1832 de
577 1796 792 1833 diversitate
821 1796 1151 1842 enunciationum,
1179 1807 1277 1854 quae
1304 1807 1391 1853 pro-

327 1849 433 1886 venit
468 1849 681 1886 secundum
719 1861 764 1885 53
802 1861 900 1898 quae
937 1848 1097 1897 simplici
1139 1847 1393 1885 enunciationi

329 1901 540 1947 adduntur;
577 1909 614 1938 et
640 1903 716 1939 hoc
748 1901 787 1939 in
824 1902 992 1939 secundo
1030 1901 1147 1948 libr03
1185 1900 1257 1938 ibi:
1297 1901 1394 1942 Quo-

329 1955 431 1991 niam
459 1960 584 1991 autem
612 1960 667 1992 est
691 1955 737 1991 de
762 1955 888 2003 aliquo
916 1955 1122 2004 affirmatio
1146 1962 1214 1991 etc.
1232 1975 1246 1981 -
1266 1954 1395 1990 Prima

328 2008 456 2044 autem
483 2020 572 2056 pars
592 2007 801 2045 dividitur*
793 2020 832 2045 111
859 2015 984 2056 partes
1002 2015 1088 2044 tres.
1111 2009 1152 2044 In
1172 2007 1307 2056 prima,
1329 2006 1392 2043 de-

328 2060 411 2098 finit
438 2061 765 2106 enunciationem3
786 2061 824 2098 in
844 2060 1023 2107 secunda,
1046 2060 1178 2098 dividit
1197 2072 1301 2105 eam;
1321 2059 1392 2096 ibi:

327 2114 397 2151 Est
408 2119 532 2151 autem
553 2126 629 2151 una
637 2114 767 2162 prima
786 2114 944 2151 oratio*
963 2121 1050 2159 etc.;
1070 2113 1108 2150 in
1122 2113 1240 2159 tertia,
1257 2113 1331 2160 agit
1346 2113 1394 2150 de

329 2166 571 2226 oppositione
603 2167 768 2215 partium
798 2167 878 2204 eius
906 2167 955 2204 ad
983 2166 1166 2213 invicem;
1194 2166 1262 2203 ibi:
1293 2167 1392 2208 Quo-

330 2220 432 2256 niam
466 2225 590 2257 autem
625 2226 680 2257 est
710 2221 914 2257 enunciare
937 2221 957 2241 *
982 2227 1050 2256 etc.
1082 2220 1193 2257 Circa
1223 2219 1393 2279 primum

329 2272 398 2309 tria
417 2273 521 2310 facit:
540 2272 679 2326 primo,
698 2273 806 2321 ponit
825 2273 1087 2311 definitionem
1108 2272 1392 2318 enunciationis;

329 2325 520 2374 secundo,
550 2323 713 2363 ostendit
749 2326 854 2375 quod
890 2339 959 2375 per
992 2327 1091 2364 hanc
1132 2326 1394 2363 definitionem

330 2378 456 2416 differt
483 2379 695 2416 5111111513ϊί0
715 2380 763 2416 ab
783 2379 863 2416 aliis
882 2379 1082 2428 speciebus
1106 2379 1302 2424 orationis;
1324 2379 1393 2415 ibi.

329 2431 422 2469 Non
441 2438 565 2469 autem
585 2433 622 2469 in
649 2433 820 2469 omnibus
845 2440 934 2478 etc.;
960 2433 1080 2479 tertio,
1108 2432 1271 2469 ostendit
1290 2431 1395 2480 quod

283 2499 302 2514 -τ
331 2484 379 2521 de
394 2485 475 2522 sola
490 2485 784 2522 enunciatione*
799 2493 855 2522 est
872 2486 1129 2531 tractandum;
1149 2485 1218 2522 ibi:
1238 2486 1290 2521 Et
1311 2496 1394 2521 cae-

331 2542 433 2575 terae
460 2538 608 2586 quidem
637 2538 907 2586 relinquantur.

384 2657 412 2692 α)
431 2658 515 2683 Omne
529 2662 617 2683 autem
633 2659 836 2683 instrumentum
851 2662 956 2691 oportet
975 2659 1080 2692 definiri
1093 2666 1131 2684 ex
1144 2667 1192 2684 suo
1199 2659 1264 2692 fine.
1280 2659 1344 2683 Cod.
1358 2659 1395 2682 A:

331 2694 437 2727 definiri
451 2694 527 2719 debet
539 2701 577 2718 ex
589 2701 637 2719 suo
644 2695 736 2727 fine.-
746 2694 823 2724 Quod
838 2703 859 2719 s.
866 2694 983 2719 Thomas
998 2694 1106 2719 affirmat
1116 2695 1147 2719 de
1161 2694 1342 2724 instrumento,
1357 2698 1397 2718 est

329 2729 469 2754 dicendum
485 2730 516 2754 de
536 2729 608 2754 omni
629 2737 660 2754 eo
682 2730 754 2770 quod
773 2735 813 2754 est
830 2735 937 2762 propter
955 2729 1034 2754 finem
1054 2730 1182 2770 aliquem,
1201 2734 1230 2754 ut
1249 2729 1346 2754 scilicet
1366 2737 1396 2754 ex

331 2764 456 2797 exigentia
465 2763 524 2789 finis
534 2769 634 2796 petatur
643 2765 707 2789 ratio
717 2765 773 2789 eius
785 2764 969 2790 definitionis«
978 2766 1007 2790 In
1021 2766 1152 2795 omnibus,
1163 2765 1277 2797 inquits.
1286 2765 1395 2795 Doctor,

331 2808 347 2823 θ
362 2807 430 2832 quae
439 2805 501 2824 sunt
514 2805 619 2833 propter
628 2799 707 2824 finem
717 2799 839 2831 definitio,
850 2808 918 2833 quae
927 2805 968 2825 est
981 2809 1027 2833 per
1037 2808 1142 2825 causam
1156 2800 1269 2830 finalem,
1280 2805 1320 2825 est
1329 2800 1394 2824 ratio

331 2843 347 2858 ι
362 2833 526 2866 definitionis,
541 2843 608 2867 quae
623 2840 664 2860 est
682 2843 728 2868 per
742 2843 847 2860 causam
866 2837 1024 2861 materialem
1039 2837 1094 2867 (ex
1107 2843 1160 2868 qua
1174 2843 1216 2861 res
1229 2837 1285 2868 est)
1300 2841 1325 2860 et
1344 2842 1396 2860 me-

333 2878 348 2893 »
364 2869 437 2894 dium
447 2870 582 2903 probans*
576 2878 659 2902 ipsam
675 2870 756 2903 (quia
769 2871 868 2896 scilicet
887 2872 949 2896 talis
963 2879 1005 2896 res
1018 2878 1073 2896 esse
1087 2872 1176 2900 debet,
1190 2872 1294 2904 qualem
1308 2871 1397 2904 exigit

334 2913 348 2927 ›
356 2905 423 2937 finis
436 2905 474 2929 ad
487 2913 562 2938 quem
577 2906 753 2938 ordinatur)
766 2911 872 2940 propter
885 2907 935 2931 hoc
953 2907 1022 2931 enim
1037 2911 1140 2939 oportet
1157 2912 1186 2931 ut
1200 2908 1295 2931 domus
1310 2905 1353 2931 fiat
1367 2914 1397 2931 ex

334 2948 349 2963 2
364 2939 492 2971 lapidibus
507 2945 533 2965 et
547 2941 637 2971 ligru's,
653 2941 714 2973 quia
733 2947 774 2966 est
791 2942 983 2974 operimentum
1002 2947 1141 2974 protegens
1162 2950 1211 2966 nos
1231 2950 1245 2966 a
1263 2942 1358 2973 frigore
1372 2946 1397 2966 et

335 2983 349 2999 5
365 2978 438 2999 aestu
449 2983 463 2998 ι
479 2974 544 3008 (lnl
559 2976 661 3000 Poster.
672 2977 809 3010 analytic„
824 2978 880 3002 lect.
894 2977 976 3011 1v).-
956 2978 1018 3002 -Et
1031 2978 1094 3002 haec
1109 2978 1223 3002 doctrina
1238 2977 1396 3010 philosopho

334 3010 479 3034 necessaria
492 3015 540 3041 est,
555 3015 580 3035 et
594 3011 676 3043 magis
692 3012 742 3036 late
757 3017 827 3044 patet
840 3020 919 3044 quam
933 3013 1016 3045 prima
1030 3013 1114 3037 fronte
1128 3013 1252 3037 videatur.
1264 3013 1396 3042 Nonnulli,

335 3045 400 3069 duce
413 3044 516 3069 Bacone
534 3053 548 3069 a
566 3045 731 3077 Verulamio,
751 3052 872 3072 notarunt
890 3047 1057 3072 Aristotelem
1082 3053 1108 3072 et
1126 3048 1301 3072 Scholasticos
1325 3048 1396 3079 quod

334 3080 360 3104 in
385 3079 469 3104 causis
493 3079 613 3105 finalibus
634 3081 774 3106 anchoram
797 3082 910 3113 fixerint;
935 3083 982 3107 sed
1006 3083 1065 3107 huic
1084 3083 1238 3107 accusationi
1258 3083 1338 3107 facilis
1357 3087 1398 3107 est

333 3115 480 3147 responsio.
505 3115 538 3140 Et
561 3115 688 3148 imprimis
713 3124 839 3149 negamus
860 3118 931 3158 quod
951 3117 1101 3143 Scholastici
1121 3118 1209 3142 omnia
1231 3126 1278 3150 per
1305 3119 1397 3142 causas

334 3149 425 3174 finales
441 3149 614 3175 definiverint:
628 3151 654 3175 in
673 3151 854 3184 metaphysicis
869 3153 938 3177 enim
954 3153 1091 3185 principia,
1110 3161 1140 3178 ex
1159 3153 1254 3185 quibus
1274 3161 1315 3177 res
1336 3161 1398 3177 con-

335 3185 477 3209 stituuntur
495 3190 520 3209 et
538 3186 570 3210 ad
588 3186 698 3210 invicem
722 3187 872 3212 ordinantur
895 3195 999 3212 summa
1022 3189 1152 3220 diligentia
1175 3188 1346 3220 quaerebant;
1371 3188 1396 3212 in

334 3220 413 3244 rebus
433 3225 518 3244 autem
538 3220 652 3253 physicis
667 3228 695 3245 ac
710 3222 900 3255 psychologicis
914 3223 1121 3248 observationem
1137 3223 1262 3248 factorum
1283 3223 1397 3255 diligenti

335 3255 421 3279 studio
445 3256 676 3296 prosequebantur.
701 3257 865 3290 Ubicumque
887 3265 950 3282 vero
973 3258 1032 3290 quis
1052 3266 1099 3291 per
1121 3258 1247 3290 analysim
1273 3258 1398 3282 contraire

335 3290 489 3315 moliebatur
503 3291 633 3323 principiis
647 3292 836 3317 universalibus
850 3293 963 3323 rationis,
979 3298 1022 3317 aut
1039 3293 1101 3318 haec
1121 3293 1203 3318 metiri
1218 3293 1318 3317 criterio
1338 3301 1397 3317 sen-

336 3333 428 3356 suum,
452 3325 602 3350 Scholastici
625 3327 804 3359 repugnabant
826 3332 851 3352 et
875 3328 980 3352 merito:
1005 3336 1065 3353 nam
1090 3336 1176 3361 neque
1202 3328 1314 3360 analysis
1338 3335 1398 3352 vera

335 3365 375 3385 est
394 3361 415 3385 si
435 3361 590 3385 contradicat
603 3361 733 3394 prIncipiis
749 3362 881 3387 abstractis
896 3370 942 3395 per
960 3370 990 3387 se
1008 3364 1090 3393 notis,
1110 3371 1169 3388 cum
1188 3363 1281 3387 veritas
1300 3363 1398 3388 veritati

335 3404 388 3420 non
406 3401 560 3436 opponatur,
580 3404 666 3428 neque
684 3397 806 3421 iudicium
825 3398 938 3422 veritatis
961 3403 1001 3422 est
1025 3399 1239 3422 committendum
1264 3398 1398 3428 sensibus,

335 3439 395 3456 cum
414 3431 519 3456 rationis
534 3431 567 3455 sit
581 3432 752 3464 propriumn-
734 3432 859 3457 —Deinde
878 3433 1044 3458 concedimus
1064 3433 1237 3457 Scholasticos
1256 3433 1398 3465 plurimum

334 3467 450 3491 valuisse
470 3467 495 3490 in
514 3467 687 3498 expendendis
707 3467 791 3492 causis
810 3466 930 3492 finalibus
950 3472 1027 3499 atque
1045 3468 1071 3492 in
1090 3468 1244 3500 explicandis
1264 3476 1311 3500 per
1329 3468 1399 3500 ipsas

335 3507 441 3526 naturae
459 3502 595 3534 operibus;
611 3502 656 3526 sed
675 3502 723 3527 hac
742 3503 774 3527 de
793 3510 870 3527 causa
885 3510 937 3527 non
950 3503 1111 3537 vituperandi
1130 3510 1159 3527 se
1196 3502 1315 3527 laudandi
1331 3508 1399 3528 sunt.

336 3537 438 3561 Etenim
454 3545 522 3570 opus
538 3542 642 3561 naturae
656 3542 696 3562 est
710 3546 777 3570 opus
793 3537 974 3570 intelligentiae
989 3531 1102 3568 divinae;
1117 3542 1142 3562 et
1156 3538 1163 3561 i
1183 3545 1214 3562 eo
1229 3537 1262 3561 ita
1276 3538 1307 3562 ad
1322 3537 1401 3562 finem

335 3572 482 3596 ordinatum
501 3577 530 3596 ut
548 3572 688 3605 unicuique
710 3573 746 3597 rei
770 3573 827 3597 talis
847 3573 925 3598 indita
944 3573 977 3598 sit
996 3577 1100 3603 natura,
1113 3573 1229 3604 qualem
1254 3573 1319 3597 ratio
1340 3571 1400 3598 finis

335 3606 538 3640 uniuscuiusque
552 3608 674 3640 postulat.
695 3608 821 3638 Quocirca
840 3608 907 3633 sicut
924 3608 1016 3633 merito
1031 3591 1140 3633 dicimus
1154 3615 1171 3632 a
1181 3608 1272 3640 priori
1289 3609 1360 3640 quod
1380 3609 1401 3633 si

479 3661 549 3694 Opp.
568 3661 600 3685 D.
619 3661 732 3686 Tuom
751 3661 783 3685 Τ.
798 3661 816 3685 I.

1443 780 1461 799 ⁴⁹
1477 782 1684 814 Enunciativa
1706 793 1781 814 vero
1805 794 1871 814 non
1888 785 2010 823 omnis,
2034 786 2088 815 sed
2111 784 2163 814 illa
2186 785 2218 815 in
2235 794 2298 825 qua
2320 794 2432 815 verum
2458 784 2509 815 vel

1511 826 1626 857 falsum
1650 834 1712 865 est;

1446 880 1511 900 non
1535 877 1642 901 autem
1661 871 1810 901 omnibus
1829 871 1923 909 inest,
1940 878 1975 902 ut
1994 872 2170 912 deprecatio
2190 872 2291 903 oratio
2306 872 2437 913 quidem
2451 879 2508 911 est,

1512 915 1567 944 sed
1591 924 1692 955 neque
1715 924 1787 944 vera
1810 925 1913 955 neque
1937 915 2023 945 falsa.

1446 958 1594 988 Caeterae
1617 958 1712 1008 igitur
1734 958 1969 999 relinquantur.
1993 960 2163 990 rhetoricae
2187 959 2272 989 enirn
2294 960 2344 990 vel
2368 960 2509 1000 poeticae

1515 1002 1751 1032 convenientior
1775 1009 1820 1032 est
1844 1003 2061 1034 consideratio.
2095 1004 2301 1034 Enunciativa
2323 1014 2398 1034 vero
2422 1014 2509 1044 prae-

1513 1046 1608 1076 sentis
1632 1046 1856 1085 speculationis
1880 1053 1935 1076 est.

1445 1158 1523 1184 sum,
1539 1149 1608 1185 quia
1629 1149 1691 1185 ipsa
1712 1150 1775 1178 sola
1795 1150 1923 1178 absolute
1945 1151 2084 1187 significat
2106 1158 2277 1188 conceptum
2299 1152 2465 1188 intellectus,
2480 1153 2510 1182 in

1445 1197 1504 1224 quo
1527 1195 1570 1216 est
1590 1198 1690 1216 verum
1710 1189 1754 1217 vel
1768 1189 1886 1224 falsum,
1908 1199 2012 1226 nempe
2034 1190 2208 1219 iudicium.—
2225 1193 2249 1219 5.
2266 1194 2380 1220 Praeter
2401 1193 2509 1221 oratio-

1444 1237 1511 1255 nem
1526 1228 1737 1256 enunciativam
1751 1235 1818 1256 sunt
1836 1230 2013 1257 necessariae
2035 1230 2118 1258 etiam
2141 1231 2254 1267 aliquae
2275 1231 2346 1261 aliae
2368 1232 2508 1261 orationis

1443 1267 1560 1303 speeies,
1576 1277 1650 1304 quae
1671 1274 1768 1296 tamen
1783 1268 1851 1305 quia
1871 1278 1932 1296 non
1953 1269 2112 1306 significant
2127 1269 2273 1306 iudicium,
2288 1281 2349 1299 non
2364 1272 2511 1300 continent

1442 1306 1534 1343 logice
1548 1316 1643 1343 neque
1658 1316 1757 1335 verum
1768 1317 1863 1344 neque
1877 1309 2020 1336 falsum.—
2030 1310 2056 1337 6.
2073 1311 2115 1337 De
2132 1310 2194 1337 sola
2211 1311 2390 1339 enunciativa
2404 1311 2511 1340 oratio-

1442 1355 1479 1374 ne
1490 1346 1604 1382 proprie
1619 1347 1676 1383 agit
1691 1348 1912 1383 demonstrator,
1928 1348 1996 1385 quia
2009 1349 2046 1376 ad
2067 1358 2151 1377 suum
2173 1349 2261 1378 finem
2275 1360 2335 1378 non
2355 1351 2444 1379 utitur
2457 1351 2511 1379 nisi

1442 1385 1622 1414 orationibus
1643 1386 1867 1423 significantibus
1882 1397 1926 1416 res
1948 1389 2106 1416 secundum
2126 1390 2206 1425 quod
2227 1399 2326 1418 earum
2347 1391 2449 1418 veritas
2470 1397 2512 1418 est

1441 1425 1471 1453 in
1492 1425 1598 1453 anima.

1505 1541 1539 1566 2.
1562 1530 1672 1567 Circa
1689 1530 1858 1589 primum
1878 1531 2198 1569 considerandum
2225 1541 2280 1570 est
2305 1534 2409 1582 quod
2429 1546 2511 1570 ora—

1449 1582 1517 1630 tio,
1542 1584 1718 1632 quamvis
1753 1596 1831 1621 non
1859 1584 1904 1621 sit
1931 1584 2225 1622 instrumentum
2255 1586 2410 1623 alicuius
2437 1587 2511 1623 vir-

1449 1612 1535 1672 tutis
1563 1636 1779 1673 naturaliter
1807 1637 2013 1686 operantis,
2041 1646 2096 1675 est
2122 1646 2251 1675 tamen
2285 1639 2510 1676 instrumen-

1448 1695 1530 1724 tum
1558 1689 1723 1736 rationis,
1742 1698 1785 1726 ut
1812 1702 1926 1739 supra
1946 1691 2088 1728 dictum
2114 1693 2213 1728 est*.
2235 1693 2364 1729 Omne
2383 1699 2510 1729 autem
2539 1705 2549 1714 ¹

1448 1740 1741 1779 instrumentum
1765 1751 1914 1791 oportet
1942 1744 2090 1781 definiri
2119 1757 2164 1781 ex
2193 1758 2262 1782 suo
2291 1746 2369 1782 fine
2387 1751 2417 1792 α,
2447 1746 2510 1794 qui

1450 1801 1506 1830 est
1532 1807 1623 1831 usus
1651 1795 1905 1833 instrumenti.
1925 1810 2016 1834 usus
2045 1805 2173 1834 autem
2202 1798 2396 1845 orationis,
2417 1798 2512 1835 sieut

1449 1854 1486 1883 et
1514 1847 1639 1884 omnis
1666 1849 1773 1885 vocis
1801 1849 2070 1897 significativae
2100 1859 2155 1887 est
2183 1851 2393 1899 significare
2422 1864 2510 1888 con-

1450 1900 1665 1948 ceptionem
1680 1901 1899 1949 intellectus,
1916 1911 1956 1940 ut
1971 1905 2114 1952 supra*
2134 1904 2276 1941 dictum
2293 1903 2392 1941 estss:
2413 1904 2511 1941 duae

1449 1961 1577 1990 autem
1597 1961 1684 1990 sunt
1702 1955 1942 2015 operationes
1961 1957 2205 2004 intellectus,
2197 1970 2235 1994 1n
2255 1970 2417 2006 quarum
2436 1970 2512 1994 una

1449 2019 1527 2043 non
1561 2006 1752 2044 invenitur
1783 2008 1921 2046 veritas
1956 2017 1993 2046 51
2025 2010 2182 2057 falsitas,
2210 2011 2248 2047 in
2285 2010 2357 2047 alia
2385 2018 2511 2047 autem

1448 2059 1639 2097 invenitur
1665 2073 1802 2098 verum
1834 2063 1895 2098 vel
1929 2063 2077 2100 falsum.
2104 2064 2153 2100 Et
2179 2063 2266 2100 ideo
2300 2063 2512 2100 orationem

1448 2113 1728 2150 enunciativam
1740 2114 1872 2151 definit
1887 2128 1931 2152 ex
1950 2116 2222 2164 significatione
2238 2116 2318 2153 veri
2339 2117 2401 2153 51*
2419 2116 2511 2163 falsi,

1450 2166 1578 2203 dicens
1605 2166 1710 2215 quod
1730 2179 1805 2204 non
1826 2169 1946 2205 omnis
1965 2169 2085 2206 oratio
2107 2175 2160 2205 est
2178 2170 2430 2214 enunciativa,
2446 2169 2516 2205 sed

1449 2220 1486 2256 in
1501 2231 1576 2267 qua
1585 2231 1718 2256 verum
1729 2221 1789 2257 vel
1789 2221 1938 2269 salsum
1955 2228 2017 2258 est.
2036 2221 2110 2259 Ubi
2121 2222 2440 2259 considerandum
2458 2229 2514 2258 est

1449 2272 1554 2321 quod
1564 2272 1782 2310 Aristoteles
1798 2273 1958 2310 mirabili
1974 2275 2156 2311 brevitate
2170 2276 2289 2311 usus*
2293 2282 2350 2321 ,et
2361 2274 2512 2312 divisio-

1450 2338 1539 2362 nem
1560 2326 1738 2362 oratz'onis
1757 2326 1878 2363 innuit
1895 2327 1933 2363 in
1952 2328 2027 2364 hoc
2047 2327 2151 2376 quod
2167 2328 2264 2364 dicit:
2285 2328 2375 2364 Non
2392 2328 2512 2364 omnis

1449 2379 1570 2415 oratio
1594 2384 1649 2414 est
1673 2380 1921 2426 enunciativa,
1943 2388 1979 2416 et
2003 2380 2263 2417 definitionem
2284 2381 2512 2417 enunciatio—

1449 2431 1507 2468 nis
1522 2431 1668 2467 1111105γ
1684 2432 1789 2480 quod
1805 2432 1906 2469 dicit:
1920 2434 2025 2470 Sed·
2011 2446 2047 2470 m
2064 2446 2138 2482 qua
2153 2445 2285 2471 verum
2295 2433 2511 2482 velfalsum

1450 2490 1518 2520 est:
1528 2492 1570 2520 ut
1584 2484 1808 2532 intelligatur
1818 2486 1923 2534 quod
1937 2487 2032 2523 haec
2047 2487 2092 2523 511
2103 2486 2271 2524 definitio
2284 2487 2512 2523 enunciatio-

1451 2537 1519 2583 nis,
1526 2538 1751 2574 Enunciatio
1759 2540 1950 2585 estoratio,
1960 2540 1997 2576 in
2009 2551 2083 2588 qua
2090 2551 2222 2577 verum
2232 2540 2293 2576 vel
2290 2540 2438 2588 falsum
2449 2545 2511 2576 est.

1451 2666 1473 2683 e.
1484 2667 1522 2691 g„
1537 2665 1614 2692 caput
1627 2665 1668 2685 est
1681 2669 1695 2685 a
1710 2666 1799 2686 natura
1809 2661 1908 2694 capillis
1925 2667 2085 2694 coopertum,
2096 2662 2186 2694 procul
2198 2661 2276 2685 dubio
2291 2661 2376 2693 capilli
2391 2668 2443 2684 non
2454 2660 2515 2684 sunt

1451 2678 1563 2725 inutiles,
1575 2696 1620 2720 sed
1631 2696 1662 2720 ad
1677 2697 1789 2728 aliquem
1804 2695 1882 2721 finem
1893 2704 1907 2721 a
1917 2697 2037 2721 Creatore
2048 2702 2152 2721 naturae
2170 2696 2291 2725 ordinati;
2307 2696 2340 2720 ita
2354 2696 2456 2727 cognito
2466 2695 2515 2719 hoc

1450 2728 1502 2754 fine
1516 2730 1673 2762 immediato,
1688 2736 1756 2756 recte
1775 2740 1822 2764 per
1844 2732 1931 2764 ipsum
1950 2733 2108 2765 explicamus
2132 2732 2290 2757 existentiam
2315 2731 2467 2764 capillorum
2489 2731 2514 2754 in

1452 2765 1542 2797 capite,
1557 2766 1602 2798 qui
1616 2766 1675 2791 ideo
1689 2772 1751 2791 sunt
1765 2772 1790 2792 et
1803 2768 1868 2792 tales
1883 2772 1952 2798 sunt,
1967 2768 2028 2800 quia
2041 2767 2099 2792 finis
2119 2768 2162 2792 ille
2180 2767 2286 2799 requirit
2305 2774 2351 2791 eos
2366 2774 2426 2790 esse
2440 2770 2465 2790 et
2480 2766 2514 2790 ita

1452 2808 1520 2825 esse.
1531 2801 1597 2825 Hinc
1607 2809 1698 2826 causas
1707 2801 1799 2827 finales
1809 2803 1913 2835 sapiens
1924 2811 1976 2827 non
1990 2808 2076 2835 potest
2086 2803 2234 2835 praeterire:
2250 2806 2320 2826 esset
2329 2802 2397 2826 enim
2408 2802 2476 2825 idem
2486 2808 2515 2824 ac

1453 2836 1548 2861 sentire
1563 2842 1679 2861 naturam
1695 2845 1748 2862 non
1763 2845 1823 2862 5555
1837 2839 1980 2863 ordinatam
1993 2839 2025 2862 ad
2039 2837 2126 2868 finem,
2137 2843 2162 2862 et
2176 2841 2366 2869 consequenter
2384 2844 2437 2860 non
2456 2843 2515 2860 esse

1452 2878 1519 2903 opus
1538 2872 1736 2904 intelligentiae,
1762 2874 1808 2897 sed
1827 2881 1903 2898 casus
1923 2878 1948 2898 et
1966 2873 2124 2898 temeritatis.
2138 2887 2157 2891 -
2172 2873 2230 2897 Non
2249 2871 2359 2896 diffiteor
2376 2871 2423 2895 hac
2442 2871 2468 2894 in
2487 2878 2515 2895 re

1453 2906 1551 2931 abusus
1570 2907 1682 2940 irrepere
1701 2916 1781 2940 posse
1800 2913 1825 2933 et
1844 2909 1875 2933 de
1890 2908 1956 2933 facto
1975 2909 2119 2941 irrepsisse,
2134 2908 2200 2932 sicut
2215 2907 2318 2939 quando
2333 2907 2364 2930 ad
2383 2906 2514 2930 arbitrium

1452 2940 1556 2982 fingitur
1574 2942 1632 2967 finis
1651 2943 1828 2973 immediatus;
1848 2948 1873 2968 at
1892 2944 1967 2968 etiam
1987 2944 2012 2967 in
2026 2943 2158 2968 ratiocinio
2177 2947 2238 2967 sunt
2257 2942 2363 2971 abusus,
2383 2946 2408 2966 et
2426 2946 2514 2965 tamen

1452 2977 1670 3002 ratiocinationem
1699 2979 1870 3003 necessariam
1891 2979 1916 3003 in
1942 2979 2054 3003 scientiis
2074 2986 2166 3003 omnes
2190 2978 2396 3010 proclamamus.
2416 2976 2514 3000 abusus

1452 3012 1522 3037 enim
1542 3018 1603 3037 sunt
1621 3014 1740 3044 tollendi,
1760 3019 1846 3038 rectus
1866 3019 1951 3039 autem
1970 3022 2057 3038 rerum
2075 3022 2141 3038 usus
2160 3013 2317 3037 retinendus.

1507 3046 1532 3081 β)
1554 3049 1602 3072 Est
1620 3048 1771 3081 significare
1789 3050 1982 3081 conceptionem
2002 3049 2154 3077 intellectus,
2175 3051 2204 3072 ut
2221 3055 2304 3079 supra
2323 3047 2421 3072 dictum
2441 3049 2487 3070 est.
2496 3059 2516 3064 -

1452 3083 1523 3106 Haec
1541 3083 1632 3113 verba,
1653 3087 1682 3108 ut
1699 3090 1781 3116 supra
1801 3085 1899 3109 dictum
1918 3088 1965 3112 est,
1981 3084 2177 3109 desiderantur
2171 3092 2196 3107 in
2211 3083 2321 3107 editione
2340 3082 2426 3112 Piana,
2447 3085 2472 3105 et
2486 3089 2516 3105 ea

1453 3118 1586 3142 adiicimus
1605 3126 1635 3142 ex
1654 3119 1775 3143 omnibus
1796 3120 1883 3144 codd.:
1903 3120 1947 3151 qui
1966 3124 2097 3151 praeterea
2110 3119 2205 3143 habent
2219 3117 2413 3149 conceptionem
2426 3121 2452 3141 et
2463 3124 2515 3140 non

1452 3156 1605 3184 conceptum
1624 3159 1652 3177 ut
1673 3154 1733 3185 legit
1751 3155 1834 3178 Piana.
1849 3168 1867 3173 —
1882 3155 1955 3184 Quae
1972 3162 2035 3178 vero
2055 3154 2201 3178 immediate
2219 3158 2364 3185 sequuntur
2384 3152 2458 3176 codd.
2473 3151 2515 3175 BC

1453 3188 1486 3212 ita
1511 3188 1614 3219 legunt:
1639 3189 1805 3228 operationes
1827 3193 1914 3214 autem
1936 3189 2082 3214 intellectus
2107 3189 2175 3213 duae
2199 3192 2261 3213 sunt
2279 3188 2305 3212 in
2325 3194 2437 3220 quarum
2463 3193 2515 3210 una

1452 3223 1499 3254 (Β,
1519 3230 1631 3254 quarum
1651 3223 1677 3247 in
1698 3225 1775 3256 una).

1505 3256 1532 3291 γ)
1553 3258 1589 3282 Et
1608 3258 1784 3290 definitionem
1804 3259 1995 3284 enunciationis
2009 3259 2035 3284 in
2054 3260 2102 3284 hoc
2121 3264 2168 3283 etc.
2188 3259 2289 3283 Codd.-
2299 3257 2389 3282 Piana-
2408 3259 2434 3281 et
2452 3255 2515 3288 defi-

1454 3292 1579 3317 nitionem
1599 3293 1625 3316 in
1645 3293 1694 3317 hoc
1712 3299 1758 3318 etc.
1785 3294 1857 3324 Quae
1876 3295 1950 3319 lectio
1969 3294 2032 3319 falsa
2050 3302 2101 3318 non
2121 3299 2171 3324 est,
2191 3294 2237 3317 sed
2257 3298 2342 3317 tamen
2360 3291 2515 3315 vocabulum

1453 3327 1658 3356 enunciationis,
1680 3329 1751 3360 quod
1776 3329 1892 3361 explicite
1917 3329 2011 3353 habent
2036 3330 2117 3359 codd,
2141 3328 2306 3360 subintelligit
2325 3328 2356 3351 ad
2375 3325 2515 3350 sententiae

1454 3362 1699 3395 perspicuitatemoe
1714 3363 1779 3387 Infra
1799 3364 1872 3388 codd.
1887 3365 1931 3388 AB
1947 3365 2048 3396 legunt:
2070 3367 2099 3388 ut
2117 3364 2283 3396 intelligatur
2301 3363 2365 3387 haec
2383 3368 2437 3386 esse
2452 3361 2515 3393 defi-

1456 3398 1522 3422 nitio
1540 3397 1739 3426 enunciationis,
1756 3399 1916 3423 Enunciatio
1935 3404 1983 3423 etc.
2004 3397 2050 3432 (A,
2069 3399 2174 3426 scilicet,
2194 3397 2343 3423 enunciatio
2362 3401 2410 3420 etc.
2418 3395 2436 3429 ).
2446 3409 2465 3413 —
2479 3395 2513 3419 C:

1456 3436 1485 3458 ut
1504 3433 1671 3464 intelligatur
1689 3433 1757 3457 hanc
1774 3440 1829 3458 esse
1848 3433 2024 3465 definitionem
2043 3433 2241 3461 enuncz‘affonis,
2258 3431 2416 3457 Enunciatio
2435 3435 2483 3455 etc.

1510 3467 1684 3496 Enunciatio,
1704 3468 1865 3499 propositio,
1885 3468 2011 3492 vocabula
2025 3473 2086 3492 sunt
2104 3476 2171 3500 quae
2193 3468 2340 3499 frequenter
2358 3467 2384 3491 in
2403 3465 2514 3490 scientiis

1456 3507 1606 3532 occurrunt,
1635 3510 1681 3526 nec
1707 3503 1823 3527 subIecto
1848 3510 1894 3527 seu
1919 3503 2021 3527 realiter
2045 3504 2109 3527 inter
2131 3510 2160 3527 55
2179 3501 2362 3542 significati-one
2386 3501 2514 3531 differunt,

1458 3547 1471 3561 α
1489 3538 1534 3562 sed
1551 3537 1662 3569 quadam
1683 3538 1769 3562 solum
1788 3538 1979 3570 comparatione
1993 3542 2018 3562 et
2036 3538 2167 3563 relatione.
2186 3538 2255 3562 Haec
2274 3537 2343 3562 enim
2358 3536 2514 3569 propositio,

1459 3582 1472 3596 1>
1487 3573 1558 3597 verbi
1573 3580 1664 3603 causa,
1675 3573 1804 3597 -animus
1819 3571 1886 3608 (est)
1903 3573 2096 3602 immortalis‚-
2111 3573 2260 3598 enunciatio
2277 3577 2330 3603 est,
2347 3571 2450 3604 quando
2469 3570 2514 3594 ali-

1459 3617 1473 3632 »
1489 3608 1550 3640 quid
1566 3606 1725 3640 significandi
1747 3608 1877 3632 dumtaxat
1897 3615 1974 3632 causa
1995 3609 2119 3638 sumitur,
2140 3608 2244 3640 quando
2262 3615 2324 3632 vero
2343 3605 2514 3632 conclusionis

2331 3660 2371 3685 5*

2535 791 2609 819 ‘Seq.
2621 797 2672 819 cap.
2681 797 2712 813 tv.

2558 1705 2620 1726 Lect.
2627 1704 2751 1732 praec.u.8.

2638 1762 2654 1778 α

2540 1916 2549 1925 '
2560 1915 2621 1936 Lect.
2631 1921 2656 1941 n,
2668 1920 2690 1936 n.
2701 1920 2721 1942 5.

2639 1942 2654 1975 β

2540 2131 2549 2139 “
2560 2137 2580 2151 ,ιι
2590 2130 2632 2151 vel.

2541 2292 2550 2301 '¹
2560 2297 2573 2315 a
2586 2291 2671 2312 omittit
2686 2296 2751 2312 usus.
