2788 4204
91 3293 96 3308 ε
125 3287 218 3308 uoniam
230 3292 270 3307 au>

54 3314 99 3334 tem
120 3313 267 3340 filosophus.

53 3391 66 3403 ¹*
75 3398 115 3414 nc:
131 3392 234 3414 eiusdem
245 3394 269 3413 et

53 3450 65 3462 ⁴⁶
73 3456 110 3471 AB:
125 3450 162 3471 hic
169 3451 269 3472 intendit

55 3479 223 3504 consequenter
233 3477 270 3498 di-

55 3503 187 3531 stinguere.

54 3546 66 3557 *
74 3553 100 3568 Λε
116 3553 178 3569 νει-ε.

1161 305 1272 342 CAP.
1302 306 1383 354 vn,
1414 307 1566 344 LECT.
1597 308 1631 344 x

1072 486 1372 543 LECTIO
1411 490 1727 546 DECIMA
1778 451 1782 456 ”
1828 566 1831 575 s

466 613 550 653 DE
583 613 894 655 DIVISIONE
926 615 1424 658 PROPOSITIONUM
1452 619 1533 659 EX
1561 620 1764 661 PARTE
1792 621 2088 663 SUBIECTI:
2119 623 2332 676 DEQUE

356 692 758 734 OPPOSITIONE
791 694 1268 737 AFFIRMATIONIS
1298 697 1377 737 ET
1406 698 1778 741 NEGATIONIS
1807 701 1868 741 IN
1896 702 2438 744 PROPOSITIONIBUS

856 773 1346 816 UNIVERSALIBUS
1377 776 1455 816 ET
1484 777 1545 816 IN
1573 778 1937 820 INDEFINITIS

292 895 389 931 Ἐπεὶ
415 894 440 931 δ’
471 900 543 932 ἐστὶ
569 900 617 933 τά
640 901 699 943 μὲν
724 900 872 933 καθόλου
903 904 969 936 τῶν
997 903 1232 949 πραγμάτων,
1260 903 1308 936 τά
1331 899 1369 935 ’δὲ
1424 905 1442 923 '³‘
1458 907 1622 944 Quoniam
1639 915 1746 939 autem
1765 916 1839 940 sunt
1857 910 1934 940 haec
1953 911 2084 951 quidem
2102 922 2208 942 rerum
2224 913 2422 953 universalia,
2441 914 2495 944 illa

1041 948 1047 958 2
1095 949 1107 958 ι,

364 943 435 975 καθ’
466 943 610 977 ἕκαστον
640 945 746 992 (λέγω
771 941 808 979 δὲ
836 946 984 979 καθόλου
1007 961 1066 992 μεν
1093 960 1108 979 ο
1133 948 1188 980 ἐπὶ
1207 948 1368 980 πλειόνων

366 988 491 1032 πέφυκε
516 990 801 1036 κατηγορεῖσθαι,
827 991 897 1024 καθ
928 991 1072 1025 ἕκαστον
1098 989 1135 1024 δὲ
1169 993 1184 1024 ὃ
1211 992 1272 1036 μή,
1300 993 1368 1024 οἷον

366 1033 538 1079 α”νθρωπος
571 1036 631 1078 μέν
665 1036 731 1067 τῶν
762 1036 924 1069 καθόλου’
955 1039 1106 1074 Καλλίας
1138 1032 1175 1068 δὲ
1205 1038 1271 1069 τῶν
1295 1036 1365 1068 καθ’

366 1078 545 1123 ἕκαστον)-

300 1123 430 1169 ἀνάγκη
456 1124 494 1156 δὲ
521 1123 769 1167 ἀποφαίνεσθαι
794 1126 836 1163 ὠς
860 1125 1007 1171 ὑπάρχει
1030 1137 1082 1167 τι,
1102 1124 1123 1162 ἦ
1142 1124 1203 1168 μή,
1232 1125 1368 1169 ὁτὲμὲν

364 1170 431 1201 τῶν
456 1167 603 1200 καθόλου
630 1171 708 1210 τινί,
737 1169 797 1202 ὁτὲ
821 1169 860 1201 δὲ
885 1171 951 1203 τῶν
976 1169 1047 1202 καθ’
1077 1169 1235 1202 ἕκαστον.

290 1256 374 1288 Ἐάν
399 1257 458 1301 μὲν
478 1256 534 1290 οὖν
552 1256 699 1289 καθόλου
727 1259 962 1302 ἀποφαίνηται
988 1258 1043 1290 ἐπὶ
1062 1258 1124 1291 τοῦ
1141 1256 1288 1290 καθόλου
1315 1257 1369 1290 ὅτι

366 1301 510 1348 ὑπάρχει
537 1314 591 1342 τι,
612 1301 632 1339 ἦ
652 1301 719 1345 μή,
742 1303 880 1335 ἔσονται
907 1304 1062 1335 ἐναντίαι
1089 1305 1123 1334 αἱ
1147 1302 1366 1346 ἀποφάνσεις·

363 1346 453 1393 λέγω
485 1343 527 1379 δὲ
545 1348 605 1379 ἐπὶ
638 1349 699 1379 τοῦ
734 1347 882 1379 καθόλου
921 1347 1170 1391 ἀποφαίνεσθαι
1205 1347 1367 1389 καθόλου,

283 1402 321 1408 f
348 1392 434 1424 >‘oiov
460 1394 526 1429 πᾶς
555 1392 726 1436 ἄνθρωπος
749 1391 881 1433 λευκός,
909 1388 1016 1430 οὐδεὶς
1042 1391 1213 1436 ἄνθρωπος
1237 1391 1366 1430 λευκός.

289 1434 397 1468 “’οταν
422 1432 460 1469 δὲ
485 1438 542 1469 ἐπὶ
567 1437 634 1468 τῶν
659 1436 805 1469 καθόλου
832 1437 908 1481 μέν,
936 1437 982 1480 μή
1008 1436 1155 1469 καθόλου
1181 1432 1232 1478 δέ,
1261 1437 1368 1470 αὗται

364 1481 424 1524 μὲν
450 1482 509 1514 οὐκ.
535 1482 615 1512 εἰσὶν
642 1482 808 1514 ἐναντίαι·
837 1482 885 1515 τά
909 1481 1027 1526 μέντοι
1051 1477 1245 1526 δηλούμενα
1276 1482 1368 1515 ἔστιν

364 1523 450 1558 εἶναι
476 1527 616 1559 ἐναντία
643 1526 742 1558 ποτέ”
994 1530 998 1534 Χ

294 1568 386 1616 λέγω
404 1566 441 1602 δὲ
461 1571 501 1604 τὸ
519 1571 567 1615 μή
590 1570 737 1602 καθόλου
759 1571 1007 1614 ἀποφαίνεσθαι
1034 1571 1089 1603 ἐπὶ
1115 1572 1180 1604 τῶν
1205 1570 1366 1613 καθόλου,

364 1616 432 1647 οἷον
459 1617 534 1648 ἔστι
557 1616 673 1653 λευκός
701 1615 890 1660 ἄνθρωπος,
918 1617 978 1648 οὐκ
1004 1615 1077 1648 ἔστι
1101 1615 1218 1653 λευκὸς
1247 1615 1368 1661 ἄνθρω-

364 1671 438 1697 πος’
464 1660 612 1692 καθόλου
637 1660 702 1706 γάρ
729 1660 825 1698 ὄντος
851 1661 914 1692 τοῦ
941 1660 1126 1705 ἄνθρωπος,
1154 1661 1218 1706 οὐχ
1241 1662 1282 1699 ὡς
1307 1673 1368 1693 κα-

364 1704 462 1737 θόλου
487 1704 655 1750 κέχρηται
686 1706 730 1748 τῇ
760 1705 961 1748 ἀποφάνσει·
997 1706 1038 1738 τὸ
1063 1707 1128 1752 γάρ
1162 1707 1228 1743 πᾶς
1264 1706 1301 1738 οὐ
1327 1706 1367 1739 τό

363 1749 509 1782 ’καθόλου
535 1753 712 1794 σημαίνει,
742 1751 810 1783 ἀλλ’
842 1749 896 1782 ὅτι
920 1749 1081 1782 καθόλου.

290 1793 370 1826 Ἐπὶ
395 1789 432 1826 δὲ
459 1795 520 1828 τοῦ
538 1794 835 1841 κατηγορουμένου
860 1794 1008 1827 καθόλου
1026 1798 1229 1840 κατηγορεῖν
1249 1794 1290 1827 τὸ
1306 1806 1369 1826 κα-

363 1838 463 1871 θόλου
503 1840 562 1871 οὐκ
597 1839 688 1872 ἔστιν
728 1839 863 1877 ἀληθές·
898 1834 1040 1884 οὐδεμία
1073 1839 1138 1885 γάρ
1169 1839 1365 1884 κατάφασις

366 1883 492 1921 ἀληθής
519 1885 630 1925 ἔσται,
659 1885 691 1916 ἐν
712 1884 733 1926 ᾖ
752 1885 813 1917 τοῦ
838 1883 1136 1930 κατηγορουμένου
1156 1883 1305 1916 καθόλου
1324 1885 1365 1916 τὸ

361 1927 509 1960 καθόλου
534 1933 798 1975 κατηγορεῖται,
828 1929 895 1960 οἷον
921 1930 995 1962 ἔστι
1014 1930 1079 1967 πᾶς
1101 1928 1270 1974 ἄνθρωπος
1297 1930 1364 1961 πᾶν

361 1974 459 2016 ζῷον.

356 2063 506 2090 8ῩΝοΡςΙς.
524 2079 559 2083 -
580 2066 609 2090 1.'
618 2063 832 2100 Argumentum
847 2069 948 2091 textus.
958 2079 981 2085 —
994 2071 1020 2092 2.
1036 2063 1256 2092 Enunciationis
1271 2063 1367 2092 subie-

293 2109 373 2131 ctum
393 2102 577 2139 distinguitur
598 2103 759 2130 secundum
774 2103 946 2131 divisionem
961 2113 1067 2138 rerum,
1084 2113 1207 2140 quarum
1223 2104 1367 2140 quaedam

294 2149 363 2171 sunt
382 2143 574 2178 universales⁷
597 2143 741 2179 quaedam
762 2152 831 2171 vero
854 2143 1052 2180 singulares.-
1068 2144 1093 2171 3.
1110 2143 1244 2172 Obiectio
1267 2150 1368 2172 contra

294 2183 452 2220 praefatam
474 2192 571 2211 rerum
591 2182 772 2213 divisionem.
782 2193 841 2218 —4.
858 2183 992 2212 Solvitur.
1008 2183 1133 2221 Logicus
1149 2183 1249 2211 dividit
1264 2193 1308 2212 res
1324 2193 1368 2212 se-

295 2223 423 2251 cundum
439 2223 520 2260 quod
541 2223 702 2250 referuntur
717 2223 754 2251 ad
768 2223 954 2259 intellectum,
966 2223 1015 2261 qui
1035 2224 1184 2261 distinguit
1205 2224 1235 2252 in
1257 2233 1287 2252 re
1309 2224 1367 2252 sin-

294 2262 386 2301 gulari
400 2263 430 2291 id
454 2263 535 2300 quod
554 2262 594 2290 illi
619 2269 661 2290 est
671 2263 827 2301 proprium
850 2264 886 2292 ab
904 2273 940 2292 eo
955 2265 1035 2301 quod
1051 2270 1093 2292 est
1116 2264 1156 2292 illi
1171 2270 1199 2292 et
1213 2264 1274 2292 aliis
1290 2273 1367 2292 com-

294 2312 396 2336 mune;
414 2309 442 2331 et
462 2304 519 2331 hoc
536 2302 604 2331 dicit
626 2303 801 2338 universale,
823 2303 894 2332 illud
918 2304 1110 2342 singulare.—
1122 2304 1147 2332 5.
1164 2305 1210 2332 Ad
1224 2304 1367 2332 rationem

294 2342 463 2371 universalis
476 2342 632 2380 requiritur
645 2349 678 2371 ut
692 2344 817 2371 essentia
840 2353 892 2372 seu
905 2345 1021 2382 forma,
1037 2354 1112 2381 quae
1127 2344 1231 2372 dicitur
1252 2344 1366 2372 univer-

294 2382 370 2417 salis,
389 2383 484 2421 possit
504 2392 566 2411 esse
589 2383 617 2411 in
636 2383 789 2421 pluribuS,
811 2393 872 2412 non
893 2391 990 2412 autem
1014 2385 1094 2421 quod
1115 2384 1151 2412 sit
1169 2384 1317 2412 actualiter
1338 2384 1368 2412 in

294 2423 466 2460 pluribus.-
479 2424 506 2451 6.
522 2424 612 2457 Quod
626 2423 803 2460 significatur
823 2433 875 2460 per
895 2433 1005 2452 nomen
1026 2424 1050 2452 si
1065 2430 1107 2452 est
1127 2424 1222 2452 forma
1243 2434 1294 2452 seu
1315 2434 1367 2452 na-

293 2469 360 2491 tura
374 2463 552 2491 individuata
565 2463 609 2491 vel
624 2472 685 2491 non
700 2463 913 2492 individuabilis
927 2464 957 2491 in
973 2464 1100 2499 materia,
1117 2473 1178 2492 non
1197 2471 1239 2492 est
1253 2464 1367 2492 un1ver-

294 2503 392 2531 sale.-
407 2512 432 2540 7.
449 2503 533 2531 Ratio
547 2502 716 2531 universalis
738 2513 798 2532 non
813 2513 830 2532 a
845 2503 1138 2532 communicabilitate
1152 2504 1281 2532 nominis
1296 2513 1366 2541 pen-

294 2549 382 2578 satur,
402 2543 452 2571 sed
467 2552 484 2571 a
499 2542 792 2572 communicabilitate
807 2543 857 2572 rei.
871 2544 929 2572 -8.
946 2544 1136 2572 Concluditur
1153 2544 1254 2572 divisio
1276 2554 1367 2572 enun-

293 2583 427 2612 ciationis
447 2583 476 2611 in
497 2582 688 2611 universalem
704 2590 732 2612 et
746 2584 958 2620 singularem.—
972 2594 998 2620 9.
1015 2585 1046 2612 ln
1064 2584 1316 2612 enunciationibus
1331 2585 1367 2613 de

293 2622 448 2651 universali
459 2623 667 2651 attendendum
678 2629 721 2651 est
730 2624 767 2652 ad
778 2625 884 2652 modos
899 2624 1028 2652 diversos
1043 2624 1149 2661 quibus
1163 2624 1273 2661 aliquid
1283 2634 1365 2661 prae-

295 2663 406 2692 dicatur
420 2664 456 2691 de
470 2663 634 2698 universali,
649 2663 707 2691 sive
722 2670 809 2700 prout
823 2663 961 2700 accipitur
971 2673 988 2692 a
998 2671 1094 2692 mente
1105 2664 1187 2701 quasi
1202 2671 1367 2701 separatum

293 2712 312 2731 a
323 2703 524 2740 singularibus,
541 2703 599 2731 sive
610 2709 697 2740 prout
711 2710 754 2732 est
768 2703 798 2731 in
813 2704 1043 2741 singularibus.—
1057 2705 1136 2733 Idem
1151 2706 1366 2733 observandum

293 2744 394 2780 quoad
413 2743 632 2772 enunciationes
656 2744 692 2771 de
716 2743 893 2781 singulari.—
911 2753 954 2772 10.
975 2744 1085 2772 Divisio
1101 2745 1312 2772 enunciationis
1333 2754 1367 2773 ex

294 2789 375 2820 parte
390 2783 510 2811 subiecti
525 2785 612 2820 (quae
626 2783 710 2812 tertia
725 2785 860 2812 addenda
874 2791 917 2812 est
931 2785 1044 2812 duabus
1059 2785 1210 2822 assignatis
1231 2785 1294 2813 lect.
1305 2793 1368 2820 vm,

294 2832 344 2851 nn.
361 2830 388 2858 2,
403 2824 430 2859 3)
452 2823 576 2860 pertinet
601 2824 638 2852 ad
664 2824 855 2860 quantitatem
883 2833 935 2852 seu
963 2824 1161 2853 extensionem
1190 2825 1367 2861 propositio-

295 2872 408 2890 num.—-
425 2873 469 2891 11.
486 2864 595 2892 Textus
617 2863 813 2892 subdivisio.-
834 2871 877 2892 12.
903 2864 1065 2900 Dictiones‚
1088 2874 1163 2902 quae
1187 2865 1368 2902 appellantur

295 2903 627 2941 syncategorematicae,
650 2910 717 2931 sunt
738 2904 775 2932 ad
796 2903 1008 2941 designandum
1030 2914 1091 2933 non
1113 2905 1231 2942 quidem
1252 2905 1366 2933 univer-

294 2941 354 2970 sale
369 2942 461 2977 (infra
474 2952 503 2971 n.
523 2945 598 2979 19.),
616 2944 667 2971 sed
689 2944 806 2972 modum
824 2953 883 2980 quo
898 2944 1096 2981 praedicatum
1117 2945 1251 2973 tribuitur
1271 2945 1366 2973 subie-

296 2988 343 3010 cto
366 2981 558 3010 universali.-
574 2983 618 3011 13.
633 2983 799 3018 Dictiones‚
829 2984 938 3018 omnis,
960 2985 1073 3019 nullus,
1102 2985 1273 3013 adinventae
1301 2992 1367 3013 sunt

295 3030 349 3058 pro
363 3021 504 3050 totalitate
519 3022 698 3059 designanda
717 3023 938 3051 universalitatis
952 3024 1081 3059 subiecti;
1103 3025 1224 3061 aliquis,
1240 3025 1365 3062 quidam,

295 3070 350 3097 pro
371 3061 592 3097 particularitate
614 3062 734 3091 subiecti
760 3063 948 3100 significanda
967 3063 997 3091 in
1018 3064 1266 3100 propositionibus
1287 3063 1366 3093 affir-

296 3101 427 3136 mativis;
449 3101 479 3129 in
505 3102 754 3139 propositionibus
775 3103 913 3139 negativis
939 3105 1179 3132 accommodatur
1200 3105 1287 3133 dictio
1310 3115 1365 3133 non

297 3141 398 3169 omnis.
414 3156 436 3163 -
454 3150 497 3177 14.
520 3142 722 3170 Corollarium.
747 3143 824 3179 Ergo
846 3143 1043 3179 praedicatum
1065 3144 1212 3180 tripliciter
1231 3144 1367 3173 tribuitur

295 3181 340 3209 vel
356 3187 478 3218 negatur
491 3181 620 3210 subiecto
637 3181 807 3217 universali3
823 3192 928 3220 nempe
939 3184 1147 3212 universaliter
1161 3191 1287 3221 sumpto,
1292 3194 1365 3222 par-

325 3302 332 3310 .
363 3282 372 3287 ²
388 3291 399 3297 -
403 3279 533 3335 &ff‘ffff
540 3273 608 3309 uia
619 3273 875 3323 Philosophus
886 3276 905 3295 ‘³‘
922 3275 1065 3312 dixerat
1081 3277 1363 3325 oppositionem

354 3352 360 3361 .
394 3323 512 3399 ἶνξσϋέἓ
535 3325 826 3364 affirmationis'
844 3335 880 3364 et
913 3329 1122 3376 negationis
1158 3342 1240 3365 esse
1276 3342 1365 3366 con-

359 3400 378 3417 w
394 3376 535 3430 ffers&
545 3379 820 3427 tradietionem‚
843 3393 941 3429 quae
961 3389 1017 3418 est
1030 3382 1193 3418 eiusdem
1210 3382 1255 3418 de
1270 3383 1289 3402 ⁴*
1305 3395 1364 3418 eo-

360 3430 379 3469 ’,
423 3423 459 3440 *⁴*
482 3424 534 3465 ’ἓ
546 3433 642 3478 dem,
655 3441 932 3481 consequenter
942 3433 1364 3482 intenditdistinguere*

298 3486 467 3523 diversas
483 3485 743 3534 oppositiones
759 3487 1020 3523 affirmationis
1036 3495 1072 3523 et
1087 3487 1306 3535 negationis,
1323 3496 1365 3524 ut

298 3546 548 3587 cognoscatur
572 3552 670 3588 quae
694 3539 739 3576 sit
760 3552 853 3576 vera
871 3541 890 3559 θ’
914 3539 1170 3576 contradictio.
1193 3541 1242 3577 Et
1267 3540 1365 3577 circa

297 3593 371 3629 hoc
387 3592 464 3630 duo
482 3592 585 3629 facit:
606 3592 744 3641 prim0‚
760 3593 965 3641 praemittit
985 3593 1194 3642 quamdam
1211 3593 1363 3630 divisio-

297 3657 388 3682 nem
418 3645 729 3683 enunciationum
758 3646 1012 3683 necessariam
1046 3647 1095 3683 ad
1129 3647 1361 3695 praedictam

1492 962 1566 982 vero
1591 952 1760 992 singularia
1785 952 1874 995 (dico
1899 962 2005 985 autem
2036 956 2225 995 universale,
2250 959 2339 998 quod
2363 959 2400 988 de
2424 959 2494 999 plu-

1492 995 1577 1026 ribus
1601 1004 1713 1027 natum
1737 1004 1783 1028 est
1806 999 1992 1037 praedicari,
2017 1000 2173 1039 singulare
2197 1012 2271 1031 vero
2296 1003 2385 1043 quod
2411 1013 2493 1041 non,

1493 1046 1528 1070 ut
1542 1040 1642 1070 homo
1659 1041 1789 1081 quidem
1804 1042 1978 1073 universale
1994 1050 2054 1082 est,
2070 1045 2159 1075 Plato
2176 1044 2334 1088 (Callias)
2350 1057 2425 1078 vero
2442 1058 2495 1078 eo-

1492 1094 1580 1122 rum,
1597 1095 1679 1125 quae
1703 1085 1872 1125 singularia
1896 1086 2004 1130 sunt);

1425 1137 1552 1158 necesse
1576 1135 1622 1159 est
1641 1136 1748 1159 autem
1768 1131 1935 1161 enunciare
1950 1132 2104 1172 quoniam
2118 1132 2199 1164 inest
2213 1134 2333 1175 aliquid
2348 1143 2403 1166 aut
2416 1146 2494 1175 non,

1493 1173 1660 1213 aliquoties
1684 1174 1815 1214 quidem
1839 1185 1951 1205 eorum
1975 1176 2078 1215 alicui,
2094 1187 2175 1217 quae
2196 1179 2382 1210 universalia
2405 1187 2495 1220 sunt,

1493 1217 1659 1257 aliquoties
1684 1225 1791 1249 autem
1815 1219 1908 1249 alicui
1932 1230 2055 1259 eorum,
2081 1231 2162 1261 quae
2186 1229 2260 1253 sunt
2283 1224 2462 1264 singularia.

1426 1260 1458 1291 Si
1482 1271 1556 1301 ergo
1582 1262 1796 1294 universaliter
1825 1264 1972 1295 enunciet
2001 1265 2038 1295 de
2065 1266 2232 1296 universali
2256 1269 2410 1308 quoniam
2430 1277 2493 1308 est,

1493 1312 1548 1336 aut
1570 1317 1648 1345 non,
1664 1314 1756 1338 erunt
1770 1308 1828 1338 hae
1844 1309 2014 1339 contrariae
2031 1310 2282 1350 enunciationes;
2303 1313 2373 1343 dico
2389 1320 2496 1344 autem

1493 1350 1531 1380 de
1547 1351 1715 1382 universali
1730 1352 1796 1383 fieri
1812 1353 2069 1384 enunciationem
2085 1355 2309 1395 universalem3
2325 1363 2371 1395 ut,
2388 1358 2492 1388 omnis

1492 1395 1592 1426 homo
1618 1396 1707 1426 albus
1731 1404 1794 1435 est,
1819 1398 1927 1428 nullus
1951 1399 2052 1429 homo
2076 1399 2167 1429 albus
2191 1407 2247 1430 est.

1426 1440 1565 1477 Quando
1585 1448 1692 1471 autern
1707 1442 1746 1472 de
1761 1442 1989 1473 universalibus
2012 1454 2078 1473 non
2097 1444 2322 1483 universaliter,
2338 1455 2404 1476 non
2422 1453 2496 1477 sunt

1493 1485 1665 1516 contrariae
1672 1493 1680 1524 ;
1697 1496 1778 1527 quae
1798 1494 1905 1517 autem
1925 1487 2154 1528 significantur,
2171 1495 2217 1520 est
2237 1499 2303 1520 esse
2324 1490 2494 1531 aliquando

1492 1536 1660 1560 contraria:

1425 1573 1496 1604 dico
1522 1581 1629 1604 autem
1657 1585 1723 1605 non
1753 1576 1968 1607 universaliter
1991 1577 2158 1608 enunciare
2183 1578 2221 1608 de
2244 1578 2292 1608 his
2317 1589 2398 1620 quae
2422 1586 2496 1610 sunt

1492 1619 1695 1658 universalia;
1713 1626 1758 1657 ut,
1776 1627 1822 1651 est
1845 1621 1935 1651 albus
1958 1621 2078 1660 homo;
2103 1633 2169 1652 non
2194 1630 2240 1653 est
2263 1623 2352 1653 albus
2376 1624 2493 1654 homo:

1492 1673 1566 1693 cum
1591 1664 1676 1694 enirn
1696 1665 1871 1696 universale
1888 1666 1926 1696 sit
1948 1666 2065 1704 homo,
2082 1677 2149 1697 non
2166 1668 2381 1698 universaliter
2397 1669 2496 1699 utitur

1491 1708 1731 1747 enunciatione;
1756 1710 1861 1740 omnis
1885 1721 2024 1751 namque
2055 1721 2121 1741 non
2150 1712 2325 1743 universale
2348 1720 2408 1751 est,
2439 1714 2494 1744 sed

1490 1753 1646 1793 quoniam
1666 1754 1882 1785 universaliter
1906 1755 2068 1795 significat.

1423 1797 1459 1827 In
1483 1807 1521 1827 eo
1546 1807 1621 1828 vero
1646 1799 1735 1838 quod
1763 1799 1938 1830 universale
1964 1800 2161 1840 praedicant,
2186 1800 2219 1830 id
2242 1801 2330 1842 quod
2355 1808 2401 1832 est
2424 1802 2493 1832 uni-

1489 1843 1625 1880 versale,
1648 1843 1863 1874 universaliter
1885 1845 2072 1884 praedicari,
2095 1855 2160 1875 non
2183 1852 2229 1876 est
2252 1855 2381 1885 verum3
2406 1847 2495 1877 nulla

1489 1886 1575 1917 enim
1599 1887 1765 1918 affirmatio
1789 1898 1861 1918 vera
1881 1889 1951 1927 erit,
1973 1889 2005 1919 in
2030 1900 2093 1930 qua
2117 1890 2155 1920 de
2178 1890 2346 1921 universali
2373 1891 2494 1931 praedi-

1489 1938 1559 1962 cato
1576 1932 1791 1963 universaliter
1806 1933 2018 1973 praedicetur;
2035 1941 2081 1973 ut,
2095 1934 2200 1965 omnis
2216 1935 2317 1965 homo
2334 1942 2380 1966 est
2396 1945 2494 1966 omne

1489 1976 1616 2007 animal.

1422 2063 1587 2092 ticulariter
1601 2071 1729 2101 accepto,
1747 2065 1895 2103 indefinite
1918 2067 2038 2103 (nempe
2061 2066 2122 2094 sine
2142 2066 2284 2103 dictione)
2299 2068 2493 2096 enunciato.-

1427 2104 1469 2131 15.
1495 2105 1538 2132 De
1560 2104 1689 2133 subiecto
1709 2105 1859 2134 individuo
1886 2115 1936 2134 seu
1963 2106 2098 2143 singulari
2122 2113 2217 2143 potest
2242 2107 2360 2144 quidem
2384 2108 2493 2145 aliquid

1422 2144 1535 2172 diversa
1552 2144 1663 2172 ratione
1678 2145 1846 2181 praedicari,
1862 2147 1913 2174 sed
1927 2153 2021 2174 totum
2044 2147 2074 2174 id
2089 2148 2169 2183 quod
2183 2148 2219 2175 de
2234 2147 2298 2183 ipso
2313 2148 2494 2184 praedicatur

1421 2184 1543 2212 refertur
1566 2185 1603 2212 ad
1625 2184 1850 2222 singularitatem
1880 2185 2008 2222 ipsius.—
2026 2188 2068 2214 16.
2095 2187 2297 2215 Corollarium.
2327 2189 2404 2225 Ergo
2420 2198 2491 2225 qua-

1421 2230 1489 2252 tuor
1517 2231 1583 2252 sunt
1598 2225 1679 2252 modi
1701 2225 1912 2253 enunciationis
1934 2227 1971 2254 ad
1986 2226 2176 2263 quantitatem
2194 2227 2283 2263 ipsius
2304 2228 2490 2264 pertinentes,

1422 2264 1606 2298 universalis,
1631 2265 1803 2303 singularis,
1819 2266 1995 2304 indefinitus,
2010 2267 2211 2304 particularis,
2227 2267 2277 2303 qui
2293 2274 2320 2295 et
2339 2268 2488 2296 disiuncti-

1422 2313 1475 2332 vus
1491 2305 1659 2341 appellatur.
1670 2320 1691 2327 -
1708 2315 1750 2341 17.
1765 2306 1864 2333 Altera
1884 2312 1977 2333 textus
1999 2306 2193 2334 subdivisio.-
2214 2308 2257 2335 18.
2273 2307 2426 2336 Contraria
2447 2308 2491 2336 di-

1406 2361 1408 2363 >
1421 2350 1526 2372 cuntur
1541 2354 1615 2381 quae
1629 2344 1754 2373 maxime
1776 2355 1793 2373 a
1807 2355 1837 2373 se
1852 2345 1967 2374 distant.
1988 2347 2065 2383 Ergo
2080 2347 2246 2375 contrariae
2261 2354 2328 2375 sunt
2342 2347 2405 2375 illae
2423 2358 2491 2384 pro-

1421 2384 1580 2420 positiones
1602 2394 1677 2421 quae
1692 2385 1817 2413 maxime
1832 2395 1850 2413 a
1864 2395 1894 2413 se
1916 2385 2022 2414 distant
2036 2386 2067 2414 in
2081 2384 2275 2415 affirmatione
2295 2394 2323 2415 et
2337 2388 2491 2424 negatione

1421 2425 1500 2452 modi
1514 2434 1573 2461 quo
1591 2425 1789 2461 praedicatum
1804 2425 1938 2453 tribuitur
1959 2433 1986 2454 et
2000 2433 2121 2463 negatur
2135 2427 2274 2455 subiecto.
2295 2427 2407 2455 Scilicet
2422 2437 2491 2464 pro-

1421 2464 1527 2501 positio
1546 2464 1678 2501 negativa
1692 2471 1778 2502 negat
1791 2465 1989 2501 praedicatum
2004 2467 2040 2494 de
2054 2466 2184 2494 subiecto
2198 2467 2396 2495 universaliter
2412 2477 2491 2495 sum-

1420 2511 1471 2541 pto
1494 2505 1635 2541 (nullum)
1658 2506 1737 2542 quod
1752 2506 1788 2533 de
1807 2505 1871 2542 ipso
1893 2506 1999 2542 pariter
2013 2506 2210 2535 universaliter
2224 2513 2341 2543 sumpto
2365 2505 2491 2536 affirmat

1421 2544 1583 2581 propositio
1598 2543 1772 2573 affirmativa
1790 2545 1912 2582 (omne).
1923 2561 1945 2568 -
1959 2555 2002 2582 19·
2018 2546 2235 2583 Propositiones
2250 2546 2415 2575 indefinitae
2430 2557 2491 2576 non

1421 2591 1487 2612 sunt
1509 2585 1685 2620 contrariae,
1716 2585 1784 2622 quia
1805 2585 1835 2613 in
1856 2585 1926 2622 ipsis
1947 2595 2008 2614 non
2029 2586 2196 2623 exprimitur
2220 2588 2323 2615 modus
2344 2587 2491 2616 universa-

1420 2624 1515 2660 litatis,
1538 2635 1598 2662 quo
1616 2624 1781 2662 designetur
1802 2632 1928 2654 extrema
1949 2626 2184 2662 propositionum
2206 2627 2372 2655 distantia.—
2386 2635 2432 2656 20.
2455 2629 2491 2656 Et

1420 2671 1519 2692 tamen
1539 2665 1570 2692 in
1584 2665 1834 2701 propositionibus
1848 2665 2004 2694 indefinitis
2019 2667 2161 2705 contingit
2180 2676 2214 2695 ea
2229 2677 2303 2704 quae
2317 2677 2369 2703 per
2382 2677 2490 2704 propo-

1420 2704 1539 2732 sitiones
1561 2705 1758 2742 significantur
1785 2715 1847 2734 esse
1875 2706 2036 2735 contraria:
2066 2708 2147 2743 quod
2169 2707 2287 2743 quidem
2315 2717 2376 2735 non
2405 2709 2491 2735 debet

1420 2745 1689 2781 impraesentiarum
1711 2745 1829 2782 intelligi
1849 2747 1884 2774 de
1908 2746 2109 2775 contrarietate
2123 2747 2247 2775 veritatis
2270 2753 2298 2775 et
2318 2747 2491 2782 falsitatis3—

1422 2792 1468 2812 21.
1485 2794 1579 2821 neque
1603 2786 1639 2813 de
1668 2785 1869 2814 contrarietate
1894 2786 2096 2822 praedicati3-
2117 2794 2162 2814 22.
2188 2788 2238 2814 sed
2266 2786 2378 2815 ratione
2402 2787 2489 2824 signi-

1420 2825 1496 2853 ficati
1518 2834 1569 2853 seu
1590 2825 1742 2860 materiae,
1764 2827 1924 2854 secundum
1944 2836 2032 2863 quam
2053 2826 2214 2863 propositio
2238 2826 2386 2854 indefinita
2410 2836 2488 2855 eam-

1421 2866 1488 2892 dem
1503 2866 1589 2893 habet
1602 2865 1661 2893 vim
1676 2875 1709 2894 ac
1724 2866 1747 2893 si
1766 2866 1927 2894 subiectum
1942 2873 2015 2894 esset
2030 2867 2164 2894 affectum
2184 2867 2310 2894 dictione
2326 2867 2488 2903 universali,

1421 2914 1514 2939 omne,
1538 2906 1742 2933 nullum-23.
1765 2906 1860 2934 Dictio
1883 2906 2100 2934 determinativa
2115 2907 2244 2943 (omnis,
2266 2907 2390 2943 aliquis)
2418 2916 2488 2935 con-

1420 2945 1580 2973 venientius
1602 2945 1758 2982 apponitur
1777 2946 1915 2981 subiecto,
1932 2956 1965 2974 ex
1980 2956 2039 2983 quo
2061 2946 2184 2974 sumitur
2198 2946 2341 2983 quantitas
2355 2946 2488 2983 proposi-

1420 2985 1516 3020 tionis,
1533 2995 1621 3022 quam
1636 2986 1818 3021 praedicato;
1833 2986 1879 3014 cui
1894 2985 1917 3013 si
1931 2993 2102 3022 apponatur,
2117 2993 2167 3014 aut
2182 2986 2212 3013 fit
2226 2987 2263 3014 ad
2278 2986 2488 3023 designandum

1421 3026 1502 3061 quod
1525 3025 1722 3061 praedicatum
1746 3032 1788 3054 est
1810 3026 1839 3053 in
1858 3027 1942 3063 plus,
1967 3035 2018 3053 seu
2042 3033 2084 3054 est
2107 3026 2198 3063 magis
2219 3026 2377 3054 universale
2399 3036 2488 3063 quam

1420 3065 1596 3100 subiectum3
1611 3071 1661 3093 aut
1675 3075 1736 3093 non
1751 3072 1793 3093 est
1814 3065 1946 3102 expedita
1961 3065 2083 3100 locuti03
2099 3072 2148 3093 aut
2165 3072 2208 3093 est
2222 3067 2399 3102 quandoque
2417 3066 2488 3094 falsa

1420 3104 1593 3141 propositio.
1606 3120 1623 3126 -
1639 3113 1685 3139 24.
1709 3106 1846 3133 Attamen
1868 3106 1980 3142 signum
2002 3105 2162 3133 universale
2181 3106 2345 3143 negativum
2359 3106 2403 3133 vel
2422 3116 2488 3142 par-

1420 3144 1538 3172 ticulare
1552 3142 1757 3172 affirmativum
1779 3155 1840 3173 non
1862 3151 2009 3184 repugnat
2030 3145 2142 3173 veritati
2162 3145 2379 3182 propositionis,
2395 3145 2418 3174 si
2433 3155 2487 3182 po-

1420 3190 1504 3212 natur
1523 3193 1556 3211 ex
1570 3190 1650 3220 parte
1671 3185 1836 3221 praedicati.

1421 3276 1672 3313 differentiam
1688 3277 1973 3326 oppositionum
1996 3278 2282 3326 assignandam;
2304 3279 2484 3326 secundo,

1420 3329 1634 3366 manifestat
1668 3331 1926 3378 propositum;
1956 3331 2025 3367 ibi:
2060 3332 2102 3367 Si
2133 3344 2226 3381 ergo
2269 3333 2486 3369 universali-

1420 3388 1475 3418 ter
1497 3383 1516 3403 *
1535 3390 1603 3418 etc.
1626 3383 1834 3419 Praemittit
1853 3391 1981 3420 autem
2002 3384 2229 3421 divisionem
2254 3385 2485 3422 enunciatio-

1419 3447 1513 3471 num
1539 3447 1637 3483 quae
1662 3436 1823 3472 sumitur
1844 3437 2056 3473 secundum
2082 3437 2332 3474 differentiam
2362 3439 2485 3475 subie-

1420 3488 1466 3524 cti
1481 3488 1511 3524 *.
1534 3488 1645 3524 Unde
1667 3488 1764 3524 circa
1778 3488 1946 3537 primum
1968 3489 2044 3526 duo
2068 3490 2170 3527 facit:
2192 3490 2329 3539 primo,
2353 3491 2486 3529 dividit

1420 3540 1632 3577 subiectum
1655 3541 1981 3587 enunciationum;
2005 3543 2186 3590 secundo,
2212 3544 2403 3581 concludit
2431 3545 2484 3582 di-

1418 3593 1608 3630 visionem
1643 3594 1972 3642 enunciationum;
2002 3595 2069 3632 ibi:
2098 3597 2262 3634 Necesse
2289 3603 2343 3634 est
2368 3610 2483 3635 enun-

1419 3647 1521 3683 ciare
1543 3647 1562 3668 ’¹‘
1591 3655 1658 3684 etc.

2522 919 2533 929 *
2549 919 2606 946 Cap.
2622 926 2659 942 vu.

2513 3396 2521 3404 ·
2533 3395 2601 3422 Infra,
2614 3402 2671 3417 n.11.

2513 3503 2521 3511 ·
2534 3501 2608 3523 Codd.
2620 3513 2630 3517 -
2646 3508 2665 3522 Ρ.
2674 3509 2683 3532 τ,
2697 3508 2728 3533 ex]

2508 3530 2586 3580 pgr-tle!
2589 3554 2621 3576 fra
2624 3528 2671 3581 ,8111ιρ
2672 3530 2717 3579 igi-l
2718 3535 2726 3549 1

2512 3657 2520 3665 ⁸
2531 3655 2598 3682 Infra,
2610 3661 2633 3676 n.
2644 3655 2666 3677 ὃ.
