2548 4192
909 269 963 305 IN
994 269 1032 305 S.
1054 269 1296 306 THOMAM
1322 270 1646 317 AQUINATEM

180 362 195 377 ι
213 349 316 389 prima
339 347 401 378 diei
423 347 620 378 institutione
644 345 819 390 (Geneseos
845 347 945 387 capite
960 358 982 385 1,
997 353 1026 378 v.
1048 345 1079 389 5)
1104 348 1143 377 ad
1167 348 1247 378 desi-

179 405 195 421 »
214 393 389 433 gnandum,
415 391 505 433 quod
524 393 778 432 vigintiquatuor
793 392 948 422 horarum
963 393 1067 431 spatia
1092 391 1248 431 pertinent

179 449 195 465 ι»
213 438 254 467 ad
276 446 380 467 unum
408 435 503 466 diem.
535 438 579 466 At
602 445 687 466 unus
717 435 829 466 dicitur
858 445 917 475 pro
941 436 1079 475 primus.
1110 435 1247 466 Sixtinus

178 493 193 508 »
212 483 349 512 Amama
359 479 522 510 Antibarb.
534 480 633 510 Bibl.»
652 480 772 510 Textus
793 480 947 510 hebraeus
961 479 1069 510 habet:
1088 479 1152 510 dies
1167 484 1246 514 ἸΠΝ

175 525 276 556 echad
290 532 390 554 unus:
404 534 470 554 non
486 527 616 568 ῙἹΨΝἺ,
628 525 766 564 primus.
785 524 866 554 Sunt
882 534 957 554 vero
983 526 1137 554 Amamae
1154 525 1248 555 verba

176 569 257 599 libro
277 569 316 606 ΙΙ,
332 568 432 608 capite
448 579 459 598 1
475 569 617 607 Genesis,
632 573 660 598 it.
681 569 696 598 5
709 575 716 598 ζ
733 569 899 598 Notarunt
913 568 1031 598 eruditi
1047 569 1246 607 interpretes,

177 612 374 643 cardinalem
404 622 574 643 numerum
596 613 676 652 poni
694 621 758 652 pro
782 612 965 643 ordinali....
990 612 1031 642 Id
1052 613 1081 642 si
1104 613 1135 642 in
1161 623 1247 643 men-

176 662 239 687 tem
264 658 399 687 venisset
427 657 600 687 Thomae...
630 666 692 686 non
717 656 797 686 adeo
815 656 961 686 sudasset
987 657 1018 686 in
1043 658 1248 696 responsione

176 701 220 731 ad
241 701 457 741 quaestionem
482 701 584 737 illam,
609 710 670 731 cur
692 700 820 731 dicatur
843 710 927 731 unus
950 700 1027 731 dies.

243 745 383 775 Textum
402 745 500 776 sancti
515 745 662 776 Thomae
685 744 844 784 integrum
860 744 966 774 afferre
981 751 1125 784 praestat.
1146 745 1249 776 Verba

175 795 251 820 sunt
272 789 345 819 loco
370 788 463 820 citato
487 790 528 820 ad
547 797 586 831 7:
615 789 822 819 «Dicendum
845 789 934 829 quod
957 789 1069 819 dicitur
1084 799 1167 820 unus
1182 789 1250 820 dies

178 845 193 860 ι
210 832 244 863 in
267 833 371 873 prima
392 833 454 863 diei
477 834 675 864 institutione
698 833 739 863 ad
757 833 1008 873 designandum,
1033 834 1122 873 quod
1146 835 1247 874 vigin-

177 889 192 904 ι
212 878 378 918 tiquatuor
399 879 556 909 horarum
579 879 684 918 spatia
700 877 858 917 pertinent
876 877 916 907 ad
931 887 1030 908 unum
1048 878 1148 908 diem:
1163 879 1248 908 unde

178 933 192 949 ›
211 931 268 961 per
289 922 363 960 hoc,
389 923 479 962 quod
503 922 616 953 dicitur
639 931 734 959 unus,
750 921 932 961 praefigitur
948 932 1096 952 mensura
1114 922 1177 952 diei
1191 932 1247 952 na-

178 977 192 993 ,
212 967 340 997 taralis,
373 966 432 997 Vel
455 973 585 1007 propter
613 966 689 1004 hoc,
714 973 750 996 ut
773 965 961 1005 significaret
985 966 1069 996 diem
1099 976 1247 996 consum-

178 1022 192 1037 »
211 1010 290 1040 mari
307 1020 372 1050 per
395 1011 533 1042 reditum
550 1011 626 1041 solis
649 1010 692 1041 ad
715 1020 815 1040 unum
841 1015 870 1040 et
894 1010 976 1040 idem
996 1016 1163 1049 punctum.
1189 1011 1248 1040 Vel

178 1066 193 1082 »
214 1054 299 1094 quia,
324 1055 485 1094 completo
513 1054 690 1094 septenario
723 1054 865 1091 dierum,
897 1053 1017 1084 reditur
1044 1054 1083 1084 ad
1107 1054 1248 1094 primum

178 1111 194 1126 »
213 1098 309 1136 diem,
335 1099 392 1139 qui
414 1104 462 1130 est
485 1109 570 1130 unus
585 1108 657 1129 cum
682 1103 803 1129 octavo.
828 1098 870 1128 Et
884 1097 940 1128 has
957 1104 1018 1128 tres
1033 1098 1168 1128 rationes
1182 1098 1247 1128 Ba—

179 1155 194 1170 »
212 1143 306 1173 silius
328 1143 474 1182 assignat.
487 1155 501 1170 ι

242 1186 322 1216 Tres
354 1187 465 1227 utique
494 1186 685 1226 compendio
714 1186 860 1216 collectas
884 1185 1020 1216 rationes
1051 1186 1162 1216 latiore
1185 1195 1247 1216 ser-

175 1240 273 1261 mone
297 1230 433 1261 declarat
455 1238 581 1261 sanctus
597 1231 741 1261 Basilius
763 1230 795 1260 in
815 1230 1036 1260 Hexaemeron
1059 1230 1191 1261 homilia
1214 1239 1246 1260 11.

176 1274 245 1306 Cur
272 1284 348 1314 ergo
378 1275 538 1306 Basilium
569 1281 770 1315 praetereunt
796 1276 934 1304 Amama
957 1280 988 1304 et
1011 1274 1183 1312 Fabricius,
1212 1284 1248 1304 ac

175 1329 281 1350 unum
302 1317 676 1361 vellicantAquinatem?
700 1318 819 1349 Iniusta
842 1328 974 1348 censura
997 1325 1053 1348 est.
1079 1319 1248 1349 Rationem

153 1363 271 1394 aliam
283 1359 389 1401 addo,
413 1374 512 1404 quam
535 1363 623 1394 affert
645 1362 881 1393 Nehemanides
904 1362 984 1392 inter
1007 1363 1170 1393 Hebraeos
1191 1364 1247 1393 do-

176 1414 261 1445 ctus,
285 1407 342 1448 qui
364 1408 451 1448 apud
474 1408 609 1448 Fagium
637 1407 717 1437 inter
741 1407 863 1437 criticos
887 1417 992 1437 sacros
1021 1407 1110 1437 dicit:
1139 1408 1246 1438 Unum

177 1449 290 1494 (diem)
314 1457 346 1483 et
367 1461 430 1483 non
449 1453 593 1492 primum
618 1453 732 1482 merito
755 1451 819 1482 dici
840 1451 995 1487 debuisse,
1013 1461 1085 1481 cum
1106 1452 1246 1483 nondum

175 1496 337 1527 secundus
363 1496 430 1527 dies
455 1498 630 1534 exstiterit,
663 1496 754 1526 cuius
785 1500 928 1535 respectu
958 1495 1087 1526 dicatur
1108 1498 1246 1536 primus.

176 1540 269 1572 Hanc
283 1540 352 1581 ipse
367 1541 392 1571 F
395 1540 483 1581 agius
498 1541 655 1571 rationem
670 1546 763 1570 vocat
778 1541 1057 1579 simplicissimam.
1075 1540 1156 1571 Sunt
1171 1550 1246 1571 vero

175 1584 314 1615 rationes
342 1585 539 1625 probabiles,
569 1584 771 1622 verisimiles,
803 1583 1040 1614 convenientes:
1073 1595 1152 1625 quas
1180 1595 1246 1616 non

176 1629 328 1669 adoptare
351 1629 440 1660 licuit
464 1629 574 1660 Ioanni
598 1628 752 1666 Fabricio,
768 1628 857 1659 licuit
880 1628 1000 1659 Sixtino
1020 1631 1192 1668 Amamae;
1216 1636 1248 1660 at

177 1683 310 1704 censura
326 1673 416 1704 ferire
439 1684 506 1704 non
521 1673 619 1704 licuit.

245 1718 282 1748 11.
307 1717 480 1759 Dionysius
504 1717 650 1748 Petavius
677 1717 785 1748 librol
809 1717 857 1747 De
881 1716 1010 1756 opificio
1034 1727 1087 1747 sex
1110 1717 1245 1756 dierum,

176 1761 278 1802 capite
291 1772 333 1800 xx,
348 1772 438 1793 num.
457 1773 476 1802 9
495 1762 538 1793 ita
561 1762 682 1792 scribit:
710 1775 725 1790 α
738 1761 838 1799 Quod
860 1760 982 1801 primus
997 1761 1049 1791 ille
1064 1761 1164 1792 dies...
1180 1772 1247 1792 non

178 1807 336 1846 »primus
359 1816 377 1837 a
399 1807 523 1847 Moyse,
548 1806 603 1836 sed
627 1816 711 1837 unus
735 1805 928 1842 nominatur,
946 1807 1117 1846 mysticum
1142 1808 1246 1837 nescio

178 1861 194 1878 ι
212 1850 290 1891 quid
312 1856 343 1881 et
365 1860 522 1881 arcanum
546 1850 686 1880 redolere
699 1850 805 1880 visum
819 1849 936 1889 graecis
956 1850 1092 1880 maxime
1116 1851 1246 1891 scripto-

178 1906 194 1922 »
212 1895 310 1932 ribus,
326 1901 364 1925 ut
378 1894 516 1932 Philoni,
533 1894 661 1932 Basilio,
677 1894 807 1934 Origeni
822 1894 856 1923 in
870 1893 1003 1924 homilia
1020 1894 1122 1934 prima
1135 1894 1168 1925 in
1184 1895 1246 1927 Ge-

178 1950 194 1967 »
211 1938 323 1977 nesim‚
332 1938 502 1979 Procopio,
513 1938 660 1970 Caesario
674 1939 817 1979 aliisque,
833 1938 888 1968 sed
902 1945 933 1969 et
949 1938 1100 1969 Hebraeis
1116 1940 1246 1980 quibus-

177 1995 194 2012 »
213 1983 303 2013 dam:
319 1983 397 2013 nihil
412 1983 473 2014 hoc
490 1990 553 2021 est,
578 1993 653 2014 cum
677 1983 716 2014 sit
738 1982 963 2023 perspicuum,
988 1983 1114 2023 linguae
1138 1984 1246 2024 potius

178 2038 194 2056 2
213 2027 375 2058 hebraicae
403 2027 588 2068 proprietati
609 2027 814 2058 tribuendum
838 2026 918 2057 illud
942 2037 1019 2066 esse,
1035 2037 1117 2068 quae
1142 2028 1246 2060 cardi-

179 2084 195 2100 »
214 2072 306 2102 nales
329 2081 481 2102 numeros
505 2082 564 2112 pro
588 2071 787 2102 ordinalibus
811 2071 990 2111 frequenter
1014 2080 1182 2112 usurpat.»

242 2117 411 2156 Reponam
426 2126 486 2156 ego
503 2126 577 2147 cum
591 2116 774 2156 Theophilo
792 2115 953 2154 Alethino,
969 2126 1024 2147 seu
1046 2117 1163 2148 Ioanne
1187 2118 1246 2148 cle-

173 2160 252 2199 rico,
267 2160 302 2190 in
317 2167 394 2191 nota
416 2160 456 2190 ad
475 2160 561 2191 hunc
583 2160 708 2190 locum:
737 2160 892 2197 Quamvis
917 2170 979 2191 non
1001 2170 1128 2201 negem,
1143 2162 1247 2193 cardi-

174 2206 266 2235 nales
289 2214 441 2235 numeros
458 2214 523 2245 pro
555 2204 754 2236 ordinalibus
782 2214 844 2235 non
877 2214 956 2235 raro
984 2208 1138 2246 usurpari
1160 2206 1248 2247 apud

173 2249 358 2286 Hebraeos,
383 2258 451 2279 esse
473 2254 580 2279 tamen
604 2249 702 2279 aliam
733 2250 907 2285 rationem,
931 2249 969 2279 ob
993 2259 1089 2289 quam
1114 2252 1248 2291 Moyses

175 2303 254 2324 usus
275 2294 316 2324 sit
340 2303 415 2324 voce
437 2297 516 2327 'tm-2
542 2303 637 2330 unus,
658 2303 721 2324 non
739 2304 814 2324 voce
837 2298 957 2342 ptum
976 2294 1115 2334 primus.
1140 2295 1248 2326 Restat

174 2342 297 2375 unum,
321 2347 401 2368 num
429 2347 509 2378 quas
539 2337 710 2368 adhibuere
741 2338 839 2368 sancti
863 2338 968 2368 Patres
992 2338 1144 2376 rationes,
1170 2339 1248 2369 nihil

176 2381 342 2412 exhibeant
365 2382 455 2422 quod
473 2382 541 2412 leve
565 2381 614 2419 sit,
631 2381 772 2413 alienum
786 2389 816 2413 et
830 2382 987 2422 ineptum,
1004 2384 1247 2424 probabilesque

175 2433 207 2457 et
229 2426 452 2457 convenientes
475 2424 667 2466 appareant?

242 2471 420 2510 Mysticum
445 2471 550 2501 nescio
573 2470 650 2510 quid
673 2475 703 2501 et
726 2480 882 2502 arcanum
907 2480 925 2500 a
951 2470 1094 2501 Patribus
1116 2471 1248 2512 proferri

175 2514 322 2545 Petavius
346 2514 398 2551 ait,
423 2514 507 2555 quod
530 2515 610 2545 nihil
633 2520 688 2545 est.
714 2514 846 2546 Fallitur
865 2514 931 2544 sine
947 2514 1045 2545 dubio
1064 2515 1111 2545 vir
1135 2516 1248 2546 doctis-

175 2558 286 2589 simus.
311 2559 471 2599 Equidem
491 2559 583 2589 Philo
602 2558 634 2589 in
649 2559 730 2590 libro
747 2559 795 2589 De
810 2558 924 2591 mundi
943 2558 1070 2598 opificio
1086 2570 1248 2591 commen-

176 2609 248 2633 tum
271 2603 442 2644 mysticum
465 2603 572 2633 habet:
598 2603 671 2634 Non
691 2605 847 2643 primum,
869 2603 926 2636 sed
949 2613 1048 2635 unum
1074 2606 1250 2635 nominavit

178 2646 318 2688 Opifex:
344 2647 409 2684 Qui
424 2648 471 2678 sic
486 2647 604 2678 dicitur
616 2653 752 2687 propter
766 2649 1025 2689 singularitatem
1042 2649 1249 2690 intelligibilis

177 2692 301 2729 mundi,
324 2692 642 2722 habentis-naturam
668 2693 808 2723 unitatis.
833 2693 975 2724 Tertiam
991 2703 1133 2735 quoque,
1150 2703 1249 2734 quam

176 2735 312 2766 Basilius
335 2735 492 2766 rationem
515 2735 613 2774 affert,
637 2738 669 2767 in
694 2738 824 2767 arcanis
848 2738 1000 2768 traditam
1021 2744 1127 2768 vocat:
1153 2744 1183 2768 et
1205 2748 1247 2768 an

176 2789 215 2810 ea
233 2781 340 2820 potior
362 2780 470 2810 haberi
494 2780 605 2811 debeat
628 2791 663 2811 ac
687 2782 824 2812 validior
847 2781 1004 2822 expendit.
1030 2782 1092 2813 Sed
1113 2782 1248 2812 rationes

177 2824 253 2854 alias
276 2824 355 2854 duas
378 2834 397 2855 a
420 2826 565 2865 mysticis
579 2827 766 2856 commentis
781 2826 852 2867 quis
877 2830 944 2857 no‘n
967 2826 1071 2857 videat
1094 2827 1188 2866 plane
1203 2826 1247 2856 di-

176 2866 299 2898 versas?
317 2868 470 2899 Basilium
489 2869 632 2909 sequitur
653 2870 829 2901 Caesarius
844 2871 878 2901 in
894 2870 1021 2910 dialogo
1038 2882 1082 2909 111,
1104 2871 1159 2911 qui
1175 2881 1248 2910 pro-

177 2918 239 2942 stat
260 2912 293 2942 in
316 2918 408 2942 tomo
423 2913 451 2943 V
475 2913 697 2952 Lugdunensis
719 2914 932 2946 Bibliothecae
946 2915 1092 2946 Patrum:
1118 2925 1154 2945 ac
1178 2926 1248 2956 my-

177 2957 292 2986 sticum
317 2956 459 2997 denique*
476 2958 580 2988 nescio
605 2958 681 2998 quid
703 2959 835 2989 minime
857 2960 978 2991 redolet
993 2960 1072 2990 ratio
1096 2959 1249 3000 Origenis

178 2999 312 3030 homilia
335 3000 346 3030 1
371 3000 404 3030 in
427 3000 594 3032 Genesim:
623 3003 696 3032 Non
720 3003 812 3040 dixit,
836 3003 904 3034 dies
921 3005 1047 3044 prima,
1071 3004 1128 3035 sed
1155 3004 1247 3041 dixit,

179 3044 248 3075 dies
271 3053 337 3074 una
362 3042 573 3087 (inquientis),
589 3047 664 3086 quia
684 3052 808 3087 tempus
829 3048 969 3078 nondum
987 3054 1058 3079 erat
1075 3054 1247 3088 antequam

180 3093 263 3118 esset
286 3088 442 3119 mundus:
456 3093 581 3128 tempus
595 3095 703 3120 autem
721 3100 789 3122 esse
803 3093 917 3132 incepit
933 3102 975 3123 ex
989 3093 1249 3133 consequentibus

133 3156 137 3160 .
178 3132 303 3169 diebus,
318 3132 459 3162 secunda
475 3142 614 3173 namque
628 3134 706 3172 dies,
724 3140 754 3165 et
770 3137 864 3166 tertia
880 3136 960 3174 dies,
977 3142 1007 3167 et
1022 3142 1139 3177 quarta
1156 3142 1186 3167 et
1200 3147 1249 3167 re-

181 3177 288 3217 liquae
306 3186 415 3207 omnes
438 3181 562 3217 tempus
580 3179 735 3218 incipiunt
752 3180 935 3221 designare.
961 3181 1054 3211 Ratio
1078 3181 1190 3211 eadem
1204 3181 1248 3211 vi-

180 3221 283 3257 detur,
308 3230 407 3260 quam
429 3221 574 3260 superius
598 3231 635 3252 ex
658 3222 876 3255 Nehemanide
899 3225 1132 3264 descripsimus.

250 3265 303 3295 ΙΙΙ.
323 3264 416 3295 Ratio
432 3265 591 3304 praeteriri
607 3275 673 3296 non
689 3267 791 3305 debet,
809 3278 907 3308 quam
922 3269 1038 3299 indicat
1061 3269 1250 3308 Theophilus

180 3309 348 3339 Alethinus
379 3309 453 3339 loco
484 3309 597 3340 citato:
635 3310 741 3347 Quam
772 3311 888 3343 scilicet
921 3311 1059 3355 (inquit)
1088 3313 1248 3343 diversam

174 3354 277 3394 plane
298 3363 319 3383 a
344 3354 529 3384 commentis
553 3355 697 3394 mysticis
715 3361 857 3386 veterum
882 3357 1023 3387 invenies
1044 3357 1132 3396 apud
1155 3357 1249 3386 Ioan-

182 3407 254 3428 nem
279 3397 431 3428 clericum
457 3395 526 3439 (qui
549 3397 582 3428 in
606 3398 690 3428 notis
708 3399 749 3428 ad
771 3399 948 3440 theologica
968 3401 1118 3440 dogmata
1132 3400 1250 3430 Petavii

182 3441 340 3481 appellare
355 3451 387 3471 se
403 3441 505 3472 voluit
520 3442 739 3482 Theophilum
754 3440 953 3486 Alethinu'm)
971 3446 1002 3474 in
1023 3445 1250 3475 commentario

183 3486 215 3516 in
242 3485 400 3516 Genesim.
431 3486 506 3523 Quo
530 3486 563 3516 in
591 3486 664 3516 loco
689 3494 720 3517 et
742 3487 809 3526 ipse
838 3487 970 3526 fallitur,
994 3488 1050 3528 qui
1073 3488 1209 3518 rationes
1232 3497 1251 3517 a

180 3529 339 3560 veteribus
362 3530 469 3560 allatas
493 3530 532 3560 ad
556 3536 735 3561 commenta
759 3533 895 3572 mystica
914 3532 1069 3571 pertinere
1085 3531 1249 3562 consentit.

182 3573 237 3604 Ait
258 3574 310 3605 ille
332 3584 408 3604 vero
431 3574 464 3604 in
488 3574 582 3605 citato
607 3574 846 3606 Commentario
870 3576 903 3606 in
927 3576 1095 3607 Genesim:
1125 3589 1139 3604 κ
1161 3576 1252 3606 Unus

183 3629 201 3646 ι
219 3617 320 3649 dictus
343 3625 390 3649 est
412 3618 465 3649 ille
488 3618 564 3658 dies,
589 3629 655 3650 non
673 3621 814 3660 primus,
829 3620 872 3651 ob
888 3620 1044 3651 rationem
1064 3630 1163 3661 quam
1178 3620 1251 3650 sub-

2194 283 2372 310 cccxxxm

1305 361 1319 375 »
1339 349 1518 379 innuimus:
1543 358 1659 388 nempe
1673 355 1802 389 propter
1825 350 1937 386 noctis,
1953 359 2035 389 quae
2051 349 2163 380 mundi
2178 352 2370 382 creationem

1306 406 1320 420 »
1338 394 1505 423 antecessit
1529 393 1749 432 prolixitatem,
1765 393 1798 423 in
1822 403 1885 433 qua
1909 403 1975 423 non
1998 393 2141 433 plurium
2164 394 2296 433 dierum,
2317 396 2372 426 sed

1305 449 1319 463 >v
1339 436 1533 467 infinitarum
1557 437 1738 478 myriadum
1761 447 1920 467 annorum
1942 437 2103 468 intervalla
2127 448 2276 478 quaerere
2300 439 2371 479 quis

1305 492 1320 506 »
1339 481 1503 520 potuisset.
1528 481 1589 511 Sed
1604 488 1639 512 ut
1654 481 1800 518 diximus,
1816 481 2020 521 quantumvis
2036 482 2142 521 longa,
2157 483 2261 512 instar
2277 484 2373 513 unius

1305 536 1319 550 »
1338 525 1448 561 noctis,
1466 525 1499 554 in
1522 532 1661 565 quatuor
1683 525 1803 565 vigilias
1821 525 1918 556 trium
1937 526 2089 556 horarum
2105 526 2301 564 dividendae,
2317 527 2372 557 ha-

1306 580 1319 594 >›
1340 568 1403 598 bita
1429 575 1491 598 est:
1516 570 1605 609 quod
1629 569 1715 599 nulla
1743 576 1824 600 esset
1846 579 2009 608 mensura,
2034 580 2098 610 qua
2121 570 2154 600 in
2177 571 2283 610 plures
2307 570 2373 600 dies

1306 624 1319 638 »
1339 612 1538 650 divideretur,
1563 613 1682 643 nedum
1705 613 1737 643 in
1757 623 1793 643 ea
1809 614 1959 653 distingui
1974 621 2104 654 possent
2118 614 2202 645 anni.
2217 627 2231 641 »
2259 614 2373 645 Clerici

1304 663 1444 686 mentem
1458 657 1558 696 magis
1573 657 1774 696 patefaciunt,
1790 668 1872 698 quae
1888 658 2032 698 superius
2046 658 2262 697 praemiserat:
2283 672 2298 687 α
2311 659 2372 689 Ve-

1306 713 1320 726 »
1339 710 1463 740 speram
1479 701 1636 731 matutino
1651 701 1788 741 tempori
1805 702 1988 741 praeposuit
1997 703 2142 743 Moyses:
2158 712 2258 743 eaque
2274 712 2371 743 porro

1306 756 1320 770 »
1340 745 1378 774 ab
1401 745 1553 775 Hebraeis
1576 746 1755 785 praeposita
1778 753 1824 776 est
1844 746 1876 775 in
1896 746 2019 776 dierum
2036 747 2265 777 numeratione.
2291 747 2371 777 Cae-

1306 800 1320 814 »
1340 795 1444 818 terum
1466 788 1528 819 hoc
1544 788 1576 818 in
1592 789 1664 819 loco
1680 789 1748 819 dies
1771 799 1855 820 unus
1878 790 2034 820 immensa
2052 796 2153 828 nocte,
2169 801 2251 831 quae
2266 791 2372 821 lucem

1306 844 1319 858 »
1338 839 1554 870 antecesserat,
1579 839 1609 863 et
1632 834 1703 863 luce
1726 833 1896 863 duodecim
1918 834 2070 864 horarum
2098 834 2251 866 conflatus
2275 834 2371 865 fuisse

1306 887 1320 902 »
1339 883 1501 906 censetur:
1526 877 1615 916 quod
1638 876 1671 906 in
1695 884 1787 907 nocte
1803 877 1866 915 illa,
1883 879 2086 918 quantumvis
2105 879 2200 918 longa
2216 879 2303 909 nulla
2318 889 2372 909 cu-

1305 931 1320 945 »
1338 920 1488 960 iusquam
1512 920 1556 950 rei
1571 920 1753 951 vicissitudo
1783 921 1886 959 fuerit,
1902 923 2013 961 quales
2041 928 2116 953 sunt
2134 923 2259 954 dierum
2277 924 2370 960 vices,

1305 975 1319 990 »
1340 974 1403 1004 qua
1426 964 1460 994 in
1484 971 1581 995 certas
1605 964 1701 994 dividi
1724 965 1863 1004 potuerit
1886 972 1998 1005 partes.
2013 978 2027 992 »

1369 1009 1504 1048 Mystici
1527 1009 1696 1038 commenti
1719 1008 1796 1038 nihil
1813 1016 1859 1039 est
1875 1009 1906 1038 in
1923 1009 1981 1039 hac
2002 1010 2122 1040 ratione
2138 1010 2265 1041 Clerici:
2290 1020 2372 1051 quae

1303 1058 1409 1081 tamen
1433 1052 1601 1082 obtrudere
1625 1052 1703 1081 mihi
1726 1052 1849 1083 videtur
1872 1053 2104 1093 ineptissimum
2128 1055 2302 1086 immensae
2322 1065 2372 1085 ve-

1303 1095 1363 1125 luti
1384 1095 1551 1126 cuiusdam
1581 1097 1697 1133 noctis,
1722 1096 1802 1126 lucis
1831 1103 1861 1127 et
1891 1098 2003 1127 mundi
2033 1098 2223 1128 creationem
2250 1105 2372 1129 antece-

1303 1139 1415 1177 dentis,
1426 1146 1662 1177 commentum;
1680 1150 1716 1170 ex
1732 1150 1795 1180 qua
1811 1148 1903 1171 nocte
1922 1141 2018 1171 veluti
2038 1141 2070 1171 in
2087 1142 2256 1172 duodecim
2279 1143 2373 1173 horas

1303 1183 1403 1212 divisa
1426 1190 1457 1213 et
1479 1193 1516 1213 ex
1540 1193 1603 1224 qua
1625 1183 1695 1213 luce
1726 1184 1896 1215 duodecim
1919 1185 2071 1215 horarum
2100 1186 2167 1216 dies
2190 1196 2274 1217 unus
2297 1197 2371 1217 con-

1303 1226 1395 1257 flatus
1415 1226 1519 1265 fuerit,
1538 1227 1594 1268 qui
1614 1227 1673 1258 fuit
1689 1228 1820 1268 primus.
1841 1229 1953 1259 Narrat
1971 1239 2056 1259 sacer
2075 1230 2234 1260 Geneseos
2249 1237 2370 1261 auctor:

1303 1270 1342 1300 In
1361 1272 1524 1311 principio
1552 1273 1710 1302 creavisse
1737 1273 1842 1302 Deum
1871 1274 1994 1303 caelum
2024 1279 2054 1303 et
2084 1279 2223 1305 terram:
2251 1280 2372 1305 terram

1292 1314 1404 1355 fuisse
1423 1317 1550 1346 inanem
1571 1322 1601 1346 et
1620 1326 1754 1346 vacuam
1780 1322 1809 1347 et
1828 1317 1975 1347 tenebras
1993 1327 2091 1357 super
2105 1318 2229 1358 faciem
2251 1319 2373 1359 abyssi:

1295 1359 1423 1400 factam
1443 1370 1464 1390 a
1483 1360 1553 1390 Deo
1573 1361 1674 1391 lucem
1695 1366 1726 1391 et
1743 1361 1827 1391 lianc
1841 1361 1976 1392 divisam
1996 1372 2016 1392 a
2036 1362 2192 1392 tenebris:
2211 1373 2250 1393 ac
2267 1364 2372 1393 Deum

1303 1403 1404 1434 lucem
1434 1405 1645 1444 appellavisse
1672 1405 1755 1435 diem
1784 1411 1815 1435 et
1845 1406 1991 1436 tenebras
2020 1412 2140 1436 noctem
2148 1414 2160 1443 ;
2190 1413 2220 1436 et
2248 1417 2284 1437 ex
2314 1407 2373 1437 hac

1303 1455 1406 1485 nocte,
1432 1448 1521 1478 cuius
1545 1449 1673 1479 initium
1696 1456 1742 1479 est
1766 1459 1910 1489 vespera,
1935 1457 1966 1480 et
1990 1460 2026 1480 ex
2050 1450 2107 1480 hac
2131 1450 2180 1480 die
2200 1451 2290 1481 cuius
2313 1451 2371 1481 ini-

1302 1491 1384 1522 tium
1403 1499 1449 1523 est
1468 1503 1572 1530 mane,
1586 1493 1715 1534 factum
1736 1503 1804 1524 esse
1818 1494 1901 1524 diem
1922 1504 2033 1531 unum,
2052 1494 2168 1525 scilicet
2187 1495 2372 1525 naturalem.

1302 1536 1383 1573 Quis
1407 1536 1440 1567 in
1468 1537 1530 1567 hoc
1557 1538 1630 1568 loco
1659 1548 1725 1568 non
1754 1538 1876 1576 videat,
1906 1545 2034 1568 noctem
2059 1539 2122 1569 sive
2146 1539 2306 1576 tenebras,
2338 1549 2375 1569 ex

1302 1580 1418 1621 quibus
1443 1588 1473 1612 et
1496 1591 1532 1612 ex
1551 1582 1621 1612 luce
1641 1582 1762 1622 primus
1787 1582 1852 1612 dies
1876 1583 2026 1613 naturalis
2046 1583 2200 1613 conflatus
2225 1590 2281 1621 est,
2305 1583 2374 1613 illas

1302 1634 1368 1655 esse
1387 1635 1469 1665 quae
1489 1626 1600 1656 mundi
1618 1628 1810 1656 creationem
1831 1634 2046 1668 consequutae
2066 1634 2149 1664 sunt,
2170 1637 2205 1657 ac
2225 1627 2291 1657 sine
2311 1627 2376 1657 ulla

1302 1669 1422 1699 ratione
1442 1677 1569 1700 noctem
1586 1670 1713 1701 obtrudi
1733 1670 1932 1708 immensam,
1950 1681 2031 1711 quae
2051 1672 2163 1702 mundi
2180 1673 2373 1702 creationem

1301 1714 1533 1744 antecesserit?
1556 1715 1651 1744 Hunc
1674 1724 1748 1744 vero
1773 1715 1857 1745 diem
1887 1725 1943 1746 cur
1966 1725 2052 1746 sacer
2074 1716 2242 1746 historicus
2265 1715 2374 1756 potius

1302 1767 1401 1788 unum
1422 1768 1488 1788 non
1508 1758 1627 1796 dixerit,
1647 1769 1745 1799 quam
1763 1760 1918 1798 primum,
1944 1767 1979 1790 ut
1998 1760 2105 1800 ipsum
2124 1760 2267 1790 eiusdem
2286 1769 2373 1790 men-

1301 1811 1392 1832 surae
1415 1802 1511 1832 fuisse
1531 1813 1606 1833 cum
1629 1803 1833 1843 sequentibus
1853 1803 1963 1834 diebus
1982 1802 2149 1834 indicaret?
2169 1804 2253 1835 Hinc
2277 1804 2374 1834 etiam

1301 1846 1339 1876 ab
1364 1847 1477 1876 eodem
1503 1847 1656 1887 scriptum
1674 1847 1809 1887 legimus
1829 1848 1931 1878 Exodi
1951 1848 2051 1888 capite
2074 1859 2123 1883 xx,
2145 1854 2174 1879 it.
2201 1859 2250 1887 11,
2270 1855 2301 1878 et
2324 1858 2373 1878 ca-

1302 1890 1366 1930 pite
1381 1900 1462 1927 xxxt,
1482 1896 1511 1921 v.
1538 1899 1589 1932 17:
1615 1891 1681 1922 Sex
1698 1892 1808 1922 diebus
1823 1892 1907 1933 fecit
1925 1893 2084 1923 Dominus
2103 1893 2239 1930 caelum,
2261 1898 2291 1922 et
2311 1898 2373 1923 ter-

1301 1945 1384 1973 ram,
1402 1937 1432 1965 et
1455 1945 1546 1966 mare
1569 1941 1599 1966 et
1621 1937 1729 1966 omnia
1753 1946 1836 1977 quae
1859 1937 1892 1966 in
1917 1938 1963 1967 eis
1985 1942 2078 1968 sunt:
2102 1942 2132 1967 et
2160 1938 2316 1978 requievit
2340 1937 2372 1967 in

1301 1978 1353 2009 die
1379 1981 1522 2020 septimo.

1372 2023 1491 2054 Clerici
1513 2031 1697 2055 commento
1715 2034 1751 2054 ea
1770 2025 1907 2055 maxime
1923 2025 2104 2056 adservatur
2123 2026 2276 2063 doctrina,
2293 2036 2375 2067 quae

1302 2067 1379 2098 caeli
1403 2078 1438 2098 ac
1454 2075 1552 2099 terrae
1568 2069 1759 2099 creationem
1783 2069 1875 2100 refert
1891 2069 1929 2099 ad
1954 2070 2091 2109 primam
2107 2070 2203 2108 diem,
2224 2070 2374 2110 primam-

1302 2122 1364 2152 que
1381 2112 1442 2142 diei
1459 2113 1607 2143 naturalis
1624 2120 1746 2153 partem
1762 2113 1794 2143 in
1811 2124 1940 2154 vespere
1957 2114 2021 2144 sive
2041 2121 2133 2145 nocte
2157 2115 2220 2144 sive
2240 2114 2375 2145 tenebris

1302 2157 1436 2196 reponit.
1462 2158 1553 2188 Hanc
1573 2157 1694 2198 optime
1714 2158 1848 2188 declarat
1872 2158 2056 2188 Franciscus
2076 2159 2200 2199 Sylvius
2224 2159 2256 2188 in
2277 2159 2375 2189 Com-

1303 2201 1458 2232 mentario
1471 2202 1591 2232 articuli
1604 2212 1638 2232 111
1654 2202 1748 2239 citati,
1758 2213 1811 2242 qu.
1821 2212 1911 2232 Lxxiv
1927 2202 2001 2243 (pro
2013 2203 2107 2233 solut.
2119 2201 2177 2244 6.)‚
2188 2203 2374 2233 auctoritate

1302 2245 1428 2288 innixus
1447 2246 1594 2276 Thornae
1617 2246 1799 2286 Aquinatis:
1827 2259 1842 2274 α
1860 2246 2003 2277 Dicimus
2034 2256 2108 2286 ergo
2133 2245 2267 2287 (inquit)
2291 2248 2374 2277 diem

1306 2303 1319 2317 1>
1343 2291 1538 2326 naturalem,
1556 2290 1611 2330 qui
1627 2290 1744 2321 scilicet
1759 2290 2008 2331 vigintiquatuor
2023 2291 2116 2321 horas
2140 2291 2374 2331 complectitur,

1306 2347 1320 2362 »
1343 2345 1361 2364 a
1375 2339 1466 2364 nocte
1481 2334 1607 2365 initium
1623 2334 1780 2372 habuisse,
1796 2345 1814 2364 a
1830 2335 1968 2365 tenebris
1987 2335 2139 2365 nimirum
2158 2335 2230 2373 illis,
2242 2345 2324 2376 quae
2342 2335 2376 2366 in

1306 2392 1320 2406 »
1343 2379 1466 2409 mundo
1483 2385 1580 2415 erant,
1598 2379 1784 2419 priusquam
1803 2379 1889 2409 Deus
1909 2380 2011 2410 lucem
2032 2379 2198 2410 formaret:
2219 2386 2250 2410 et
2268 2387 2375 2410 tamen

1306 2436 1320 2450 >o
1344 2422 1439 2460 diem,
1465 2423 1526 2453 hoc
1550 2430 1596 2453 est
1620 2423 1855 2453 distinctionem
1878 2423 1942 2453 diei
1965 2424 2068 2454 civilis
2083 2434 2138 2454 seu
2158 2424 2339 2464 artificialis
2355 2434 2375 2454 a

1307 2480 1321 2495 »
1345 2472 1436 2497 nocte
1463 2467 1629 2507 artificiali
1653 2467 1807 2507 incepisse
1833 2478 1851 2497 a
1875 2468 1955 2498 luce.
1984 2468 2018 2497 ln
2047 2468 2117 2507 ipso
2147 2468 2233 2498 enim
2263 2468 2376 2499 mundi

1306 2524 1320 2538 >›
1344 2511 1473 2541 exordio
1493 2511 1635 2551 primum
1654 2511 1782 2542 fuerunt
1805 2512 1961 2548 tenebrae,
1987 2522 2022 2541 ac
2041 2519 2151 2551 postea
2175 2513 2306 2542 demum
2325 2513 2380 2543 lux

1307 2569 1321 2583 »
1345 2562 1391 2585 est
1410 2562 1525 2585 creata:
1547 2556 1601 2585 sed
1620 2555 1690 2586 illae
1713 2556 1869 2594 tenebrae,
1890 2563 2061 2596 antequam
2079 2556 2134 2587 lux
2153 2557 2380 2596 produceretur

1306 2612 1320 2626 2·
1343 2609 1409 2629 non
1429 2599 1586 2630 habebant
1605 2599 1760 2630 rationem
1779 2600 1852 2638 diei,
1868 2610 1972 2640 neque
1992 2600 2103 2631 noctis.
2122 2601 2196 2631 Non
2211 2601 2285 2638 diei,
2303 2601 2378 2641 quia

1307 2657 1321 2672 »
1345 2643 1430 2674 diem
1453 2643 1526 2674 facit
1549 2644 1613 2679 lux,
1638 2654 1720 2684 quae
1744 2651 1820 2674 tunc
1844 2645 1931 2674 nulla
1955 2651 2036 2675 erat:
2058 2654 2123 2675 non
2148 2645 2242 2675 etiarn
2264 2646 2375 2682 noctis,

1306 2701 1320 2715 π»
1343 2688 1419 2729 quia
1442 2698 1506 2718 nox
1528 2688 1642 2718 dicitur
1666 2698 1702 2718 ea
1725 2688 1786 2718 diei
1811 2689 1960 2719 naturalis
1983 2689 2100 2728 portio,
2125 2699 2207 2730 quae
2231 2689 2374 2719 distincte

1307 2746 1321 2760 »
1344 2739 1374 2763 et
1390 2732 1537 2772 opposite
1549 2742 1581 2762 se
1600 2732 1694 2763 habet
1710 2733 1748 2763 ad
1760 2733 1844 2763 diem
1861 2733 2018 2763 civilem...
2037 2733 2130 2763 Tunc
2150 2740 2258 2763 autem
2273 2743 2377 2774 neque

1306 2790 1321 2805 »
1344 2777 1428 2807 ullus
1451 2777 1520 2807 dies
1543 2777 1645 2807 civilis
1664 2776 1775 2815 fuerat,
1800 2777 1851 2807 cui
1871 2787 1934 2807 nox
1954 2784 2185 2817 opponeretur:
2207 2787 2310 2817 neque
2330 2778 2376 2807 ul—

1306 2834 1320 2848 »
1343 2821 1413 2851 lum
1440 2821 1473 2851 in
1503 2828 1572 2851 toto
1601 2822 1724 2852 mundo
1754 2828 1819 2852 erat
1845 2822 2015 2859 luminare,
2045 2822 2134 2862 quod
2157 2828 2237 2851 esset
2264 2828 2375 2861 aptum

1306 2878 1320 2893 »
1344 2865 1444 2896 facere
1468 2865 1562 2896 diem.
1588 2868 1630 2896 At
1654 2865 1708 2895 ubi
1731 2866 1818 2896 Deus
1843 2866 1944 2896 lucem
1969 2865 2052 2902 fecit,
2076 2866 2142 2905 ipse
2167 2876 2237 2895 eam
2267 2866 2375 2905 appel-

1305 2922 1320 2937 »
1343 2905 1428 2947 lavit,
1445 2920 1500 2940 seu
1517 2909 1589 2940 fecit
1604 2910 1692 2950 quod
1712 2910 1861 2950 appellari
1877 2917 1983 2950 posset
1996 2910 2080 2940 dies:
2100 2910 2248 2940 tenebras
2264 2917 2371 2940 autem

1306 2967 1321 2982 »
1344 2954 1523 2994 appellavit,
1534 2954 1596 2984 hoc
1613 2961 1659 2984 est
1674 2953 1746 2984 fecit
1761 2955 1849 2994 quod
1865 2954 2014 2994 appellari
2030 2960 2160 2993 possent
2174 2961 2261 2991 nox,·
2277 2960 2372 2994 atque

1306 3012 1320 3026 »
1342 2999 1386 3029 ita
1409 3008 1446 3028 ex
1474 3008 1512 3028 eo
1541 2998 1693 3038 temporis
1717 3005 1837 3038 puncto
1866 2999 2010 3028 tenebrae
2040 2998 2111 3028 illae
2141 2998 2267 3028 sortitae
2298 3004 2373 3028 sunt

1306 3055 1319 3069 »
1343 3042 1499 3073 rationem
1518 3042 1628 3073 noctis.
1649 3043 1749 3072 Istum
1769 3042 1942 3082 explicandi
1962 3042 2097 3072 modum
2116 3041 2287 3072 insinuavit
2302 3043 2373 3072 bea-

1305 3100 1320 3114 »
1343 3094 1394 3117 tus
1417 3087 1561 3117 Thomas
1585 3097 1639 3127 qu.
1663 3097 1696 3116 ιη
1715 3087 1763 3116 De
1787 3086 1938 3126 potentia,
1963 3093 2018 3116 art.
2043 3096 2116 3116 xvm
2140 3086 2180 3116 ad
2204 3087 2222 3116 6
2248 3086 2372 3116 dicens:

1306 3144 1320 3159 »
1344 3131 1442 3167 Qu‘od
1458 3131 1578 3161 creatio
1602 3131 1684 3161 caeli
1706 3136 1736 3160 et
1759 3136 1866 3161 terrae
1889 3130 1932 3160 ad
1949 3131 2092 3170 primum
2108 3130 2191 3160 diem
2211 3131 2374 3170 pertinet:

1306 3188 1320 3202 2
1343 3176 1418 3215 quia
1429 3185 1500 3205 cum
1513 3175 1601 3205 caelo
1612 3180 1641 3205 et
1655 3180 1743 3204 terra
1759 3180 1902 3205 creatum
1914 3180 1960 3204 est
1977 3179 2110 3214 tempus,
2123 3175 2196 3204 licet
2211 3174 2372 3205 distinctio

1306 3232 1320 3246 »
1344 3224 1520 3258 temporum
1529 3224 1684 3258 quantum
1693 3219 1737 3248 ad
1743 3219 1825 3248 diem
1836 3224 1866 3249 et
1875 3223 1995 3249 noctem
2006 3219 2159 3258 inceperit
2162 3228 2224 3258 per
2232 3219 2345 3248 lucem.
2355 3230 2369 3244 »

1303 3263 1388 3293 Hinc
1416 3262 1511 3292 etiam
1540 3262 1759 3293 animadvertit
1786 3269 1911 3293 sanctus
1940 3263 2060 3292 Doctor
2084 3263 2095 3292 1
2126 3273 2177 3301 p.,
2209 3272 2264 3302 qu.
2289 3271 2371 3299 vat‚

1304 3313 1359 3337 art.
1384 3317 1415 3336 1v
1439 3306 1479 3336 ad
1497 3313 1530 3336 2:
1556 3307 1692 3346 Tempus
1714 3305 1802 3348 (post
1825 3307 1936 3337 mundi
1956 3306 2157 3343 creationem,
2184 3306 2262 3336 dum
2285 3311 2373 3336 erant

1303 3348 1462 3392 tenebrae)
1482 3350 1714 3390 quodammodo
1723 3350 1835 3390 fuisse
1853 3350 2010 3391 informe,·
2033 3355 2063 3380 et
2079 3350 2283 3389 postmodum
2295 3349 2372 3390 for-

1304 3399 1425 3425 matum
1450 3399 1480 3424 et
1502 3394 1685 3424 distinctum
1704 3404 1767 3434 per
1788 3394 1870 3424 diem
1895 3400 1926 3424 et
1949 3399 2081 3424 noctem.

1371 3438 1452 3468 Sunt
1474 3437 1527 3467 alii
1550 3447 1636 3475 vero,
1665 3444 1735 3467 tum
1758 3438 1879 3478 antiqui
1907 3438 2027 3474 Patres,
2051 3444 2121 3467 tum
2148 3443 2286 3467 recentes
2315 3436 2371 3467 do-

1304 3489 1421 3522 ctores,
1451 3481 1506 3521 qui
1537 3481 1622 3511 diem
1651 3482 1826 3512 naturalem
1856 3481 2033 3511 existimant
2062 3481 2215 3521 incepisse
2244 3491 2262 3511 a
2285 3481 2371 3511 luce:

1304 3526 1448 3565 adeoque
1479 3525 1602 3555 caelum
1632 3532 1663 3556 et
1689 3532 1803 3555 terram
1833 3525 1912 3555 facta
1942 3535 2009 3555 esse
2039 3535 2075 3555 ac
2105 3526 2246 3555 tenebras
2277 3525 2373 3555 etiam

1305 3569 1400 3600 fuisse
1424 3576 1495 3599 ante
1519 3579 1650 3599 omnem
1674 3569 1767 3599 diem.
1797 3571 1840 3599 At
1859 3569 1982 3600 Clerico
2006 3569 2218 3606 adversantur,
2238 3569 2293 3610 qui
2313 3579 2371 3599 no-

1307 3620 1389 3645 ctem
1410 3613 1499 3644 illam
1528 3613 1713 3654 excogitavit
1735 3613 1942 3653 immensam,
1972 3613 2085 3644 mundi
2109 3613 2265 3644 creatione
2288 3613 2374 3653 prio-
