2548 4192
2353 247 2386 271 XI

168 317 547 371 »acutissimae
589 314 993 385 disputationes,
1036 313 1228 382 quibus
1268 313 1354 365 lux
1393 334 1422 365 a
1462 312 1715 380 tenebris,
1751 332 1933 364 verum
1974 333 2003 364 a
2041 312 2169 364 falso
2211 313 2386 365 distin-

168 411 192 442 »
217 390 408 460 guitur,
449 387 831 441 haereticorum
854 385 1130 438 mendacia
1159 385 1330 437 multis
1357 384 1650 454 praestigiis
1682 396 1733 436 et
1757 383 1966 436 fallaciis
1993 384 2238 452 involuta,
2262 396 2387 436 tam-

169 484 209 514 »
219 482 378 541 quam
418 471 564 512 veste
596 460 843 526 detracta,
871 457 1127 538 patefiunt
1148 468 1198 509 et
1229 457 1601 509 denudantur»
1629 456 1813 527 (Bulla
1849 456 2041 526 citata),
2073 456 2387 525 praeclarae,

165 534 444 602 inqulmus,
487 543 538 584 et
576 501 843 584 mirabiles²
879 530 1005 582 istae
1047 529 1200 581 dotes
1227 529 1378 581 unice
1409 550 1439 581 a
1465 540 1607 581 recto
1639 549 1734 580 usu
1772 527 2091 608 repetendae
2128 539 2246 579 sunt
2281 549 2389 580 eius

164 604 550 684 philosophiae,
578 623 736 683 quam
777 601 1007 671 magistri
1049 601 1359 669 scholastici,
1388 601 1508 653 data
1548 622 1710 670 opera
1746 612 1795 652 et
1829 600 2047 669 sapienti
2081 600 2315 668 consilio,
2338 600 2387 651 in

167 675 609 753 disputationibus
650 675 803 727 etiam
844 673 1179 743 theologicis,
1211 673 1405 743 passim
1446 694 1698 742 usurpare
1741 684 2139 725 consueverunt.
2154 672 2384 732 ——Prae-

166 760 310 801 terea
349 748 466 800 cum
508 747 633 800 illud
674 747 737 799 sit
777 746 1207 799 scholasticorum
1247 746 1653 825 Theologorum
1693 745 1965 814 proprium
2006 765 2066 796 ac
2107 744 2389 814 singulare,

165 831 222 873 ut
259 820 527 873 scientiam
568 820 849 872 humanam
889 839 950 870 ac
991 818 1221 870 divinam
1261 817 1549 869 arctissimo
1590 817 1721 868 inter
1760 837 1815 868 se
1855 817 2064 868 vinculo
2107 836 2388 868 conlunxe-

166 893 279 961 rint,
321 892 559 961 profecto
600 890 917 959 Theologia,
945 890 995 942 in
1036 911 1140 958 qua
1174 889 1241 941 illi
1283 889 1651 956 excelluerunt,
1679 909 1783 940 non
1817 900 1924 940 erat
1949 899 2143 940 tantum
2176 888 2390 968 honoris

167 975 218 1017 et
257 963 729 1016 commendationis
769 963 836 1014 ab
878 962 1127 1030 opinione
1164 961 1435 1013 hominum
1466 960 1737 1029 adeptura,
1769 960 1809 1011 si
1836 981 2073 1012 mancam
2105 971 2259 1028 atque
2299 960 2389 1012 im-

166 1036 450 1106 perfectam
491 1046 578 1087 aut
616 1035 787 1086 levem
827 1033 1217 1102 philosophiam
1257 1032 1631 1084 adhibuissent.

275 1107 514 1159 Iamvero
556 1106 688 1158 inter
726 1105 1084 1157 Scholasticos
1123 1104 1416 1171 DoctoreS,
1469 1103 1701 1155 omnium
1742 1103 1988 1172 princeps
2030 1116 2079 1155 et
2118 1104 2388 1173 magister,

165 1179 324 1248 longe
366 1177 559 1230 eminet
608 1177 832 1229 Thomas
870 1176 1153 1244 Aqm‘nas,·
1191 1175 1296 1244 qui,
1338 1175 1408 1227 uti
1451 1175 1736 1228 Caietanus
1776 1175 2154 1244 animadvertit,
2187 1147 2390 1228 νό6ῖ6ῑ65

165 1250 394 1304 doctores
430 1269 610 1302 sacros
649 1249 775 1317 quia
813 1268 1012 1300 summe
1040 1256 1321 1300 veneratus
1350 1256 1439 1315 est,
1472 1247 1583 1299 ideo
1619 1247 1933 1299 zntellectztm
1967 1268 2197 1299 ommam
2232 1248 2389 1315 quod-

166 1322 416 1376 ammodo
439 1322 658 1374 sortitus
695 1330 775 1373 est
799 1320 887 1390 (In
914 1330 972 1372 2¹¹¹
976 1330 1072 1372 ‚³¹⁸2
1088 1340 1171 1388 ,.q
1203 1326 1315 1388 148,
1338 1340 1380 1371 a.
1403 1319 1506 1386 4in
1535 1319 1658 1391 fin..)
1700 1319 1909 1371 Illorum
1949 1319 2227 1388 doctrinas,
2251 1320 2392 1371 velut

167 1394 407 1474 dispersa
446 1393 718 1446 cuiusdam
761 1392 999 1462 corporis
1039 1363 1294 1460 membra,
1335 1391 1385 1444 in
1426 1412 1587 1444 unum
1628 1392 1868 1444 Thomas
1904 1392 2115 1461 collegit
2154 1403 2204 1443 et
2235 1412 2390 1460 coag-

167 1465 431 1535 mentavit,
473 1465 604 1518 miro
646 1464 830 1517 ordine
873 1464 1105 1534 digessit,
1148 1475 1199 1516 et
1237 1463 1440 1533 magnis
1481 1463 1812 1544 incrementis
1853 1463 1920 1516 ita
1959 1464 2183 1532 adauxit,
2215 1476 2269 1515 ut
2309 1484 2390 1516 ca-

167 1538 390 1592 tholicae
430 1537 702 1617 Ecclesiae
730 1537 992 1607 singulare
1023 1535 1343 1605 praesidium
1367 1547 1417 1588 et
1447 1536 1661 1616 decus
1651 1557 1759 1588 iure
1800 1536 2093 1604 meritoque
2126 1536 2390 1616 habeatur.

167 1609 343 1663 -Ille
383 1609 599 1679 quidem
625 1609 852 1690 ingemo
895 1608 1079 1661 docilis
1121 1619 1171 1660 et
1209 1629 1345 1676 acer,
1387 1608 1641 1660 memoria
1679 1608 1839 1660 facilis
1866 1620 1916 1660 et
1946 1619 2114 1676 tenax,
2142 1608 2276 1660 vitae
2318 1608 2390 1660 in-

168 1681 495 1752 teg-errimus,
527 1681 755 1734 veritatis
796 1680 947 1733 unice
987 1692 1212 1748 amator,
1245 1680 1421 1732 divina
1462 1680 1794 1748 humanaque
1836 1680 2049 1732 scientia
2094 1680 2389 1750 praedives,

167 1754 281 1808 Soli
322 1765 671 1823 comparatus,
701 1753 887 1805 orbem
913 1764 1164 1805 terrarum
1193 1752 1364 1804 calore
1397 1752 1642 1805 virtutum
1673 1752 1815 1821 fovit,
1853 1764 1903 1804 et
1929 1752 2196 1804 doctrinae
2220 1752 2391 1821 splen-

169 1825 300 1879 dore
341 1825 637 1895 complevit.
687 1825 846 1877 Nulla
886 1836 964 1877 est
1002 1824 1370 1894 philosophiae
1419 1845 1565 1894 pars,
1616 1845 1773 1893 quam
1814 1845 1919 1876 non
1960 1836 2110 1877 acute
2151 1824 2299 1876 simul
2342 1836 2392 1876 et

168 1897 336 1951 solide
376 1897 720 1967 pertractarit:
762 1897 829 1949 de
870 1896 1077 1966 legibus
1123 1896 1489 1965 ratiocinandi,
1532 1896 1598 1949 de
1639 1896 1763 1949 Deo
1806 1908 1855 1949 et
1904 1897 2228 1966 incorporeis
2269 1897 2391 1948 sub-

167 1970 381 2051 stantiiS,
399 1969 468 2022 de
494 1969 706 2022 homine
731 1969 949 2038 aliisque
971 1968 1307 2021 sensibilibus
1330 1968 1503 2038 rebus,
1527 1969 1594 2021 de
1618 1969 1856 2021 humanis
1877 1969 2079 2021 actibus
2103 1989 2392 2038 eorumque

167 2041 438 2122 principiis
457 2041 526 2095 ita
560 2041 859 2111 disputavit,
887 2052 942 2093 ut
971 2040 1021 2093 in
1054 2062 1118 2093 eo
1146 2061 1319 2110 neque
1361 2041 1580 2110 copiosa
1610 2041 1975 2109 quaestionum
2007 2062 2187 2121 seges,
2219 2062 2391 2122 neque

167 2125 291 2184 apta
309 2114 535 2184 partium
558 2113 850 2183 dispositio,
873 2134 1046 2182 neque
1074 2113 1273 2183 optima
1293 2113 1621 2182 procedendi
1652 2113 1797 2182 ratio,
1821 2134 1992 2182 neque
2015 2113 2390 2193 principlorum

168 2186 382 2239 firmitas
403 2198 491 2239 aut
510 2197 940 2256 argumentorum
963 2185 1140 2254 robur,
1164 2206 1337 2254 neque
1370 2185 1579 2238 dicendi
1602 2185 1946 2254 perspicuitas
1975 2197 2062 2238 aut
2083 2185 2391 2254 proprietas,

169 2278 343 2327 neque
382 2258 623 2311 abstrusa
663 2279 906 2327 quaeque
947 2258 1241 2327 explicandi
1282 2257 1495 2310 facilitas
1536 2258 1874 2310 desideretur.

278 2329 410 2383 Illud
451 2330 604 2383 etiam
635 2330 855 2399 accedit,
888 2330 1034 2398 quod
1066 2330 1460 2399 philosophicas
1497 2329 1863 2381 conclusiones
1893 2329 2160 2398 angelicus
2185 2329 2394 2381 Doctor

169 2402 468 2472 speculatus
504 2413 582 2455 est
610 2402 659 2454 in
686 2422 859 2454 rerum
889 2402 1177 2481 rationibus
1205 2413 1255 2453 et
1279 2401 1561 2471 prineipiis,
1590 2422 1724 2481 quae
1756 2401 2162 2470 quamlatissime
2199 2412 2391 2470 patent,

171 2485 223 2527 et
260 2473 573 2526 infinitarum
612 2474 719 2526 fere
742 2474 1015 2526 veritatum
1042 2473 1242 2526 semina
1267 2494 1363 2526 suo
1391 2473 1534 2526 velut
1557 2494 1760 2543 gremio
1798 2474 2134 2543 concludunt,
2161 2495 2191 2526 a
2216 2485 2391 2543 poste-

169 2545 395 2599 rioribus
435 2545 694 2616 magistris
735 2556 1038 2616 opportuno
1079 2557 1319 2626 tempore
1361 2557 1412 2598 et
1436 2545 1703 2598 uberrimo
1745 2566 1863 2598 cum
1894 2545 2059 2598 fructu
2093 2546 2389 2626 aperienda.

170 2617 354 2688 Quam
394 2617 805 2698 philosophandi
846 2618 1100 2670 rationem
1141 2638 1259 2670 cum
1301 2638 1351 2670 m
1393 2618 1658 2670 erroribus
1699 2618 1982 2671 refutandis
2017 2619 2209 2688 pariter
2247 2618 2390 2670 adhi-

169 2689 364 2759 buerit,
405 2689 530 2742 illud
570 2711 601 2742 a
639 2710 696 2742 se
736 2710 849 2760 ipse
898 2690 1216 2759 impetravit,
1266 2701 1322 2742 ut
1362 2701 1412 2742 et
1459 2690 1790 2760 superiorum
1839 2702 2137 2771 temporum
2189 2711 2391 2742 errores

100 2759 102 2762 ¹
171 2781 356 2815 omnes
395 2782 530 2814 unus
570 2761 858 2831 debellarit,
886 2773 938 2814 et
960 2762 1028 2815 ad
1060 2733 1441 2832 profligandos,
1479 2783 1566 2831 qul
1597 2774 1855 2832 perpetua
1884 2783 1999 2815 Vlce
2032 2784 2079 2815 1n
2121 2774 2390 2832 posterum

171 2834 416 2887 exorituri
451 2845 586 2903 sunt,
616 2855 776 2887 arma
789 2834 1126 2887 invictissima
1154 2834 1512 2904 suppeditarit.
1531 2835 1895 2887 —Praeterea
1925 2835 2192 2903 rationem,
2221 2846 2275 2886 ut
2295 2854 2392 2903 par

171 2917 264 2975 est,
286 2925 318 2958 a
337 2905 443 2958 fide
465 2906 702 2975 apprime
726 2906 1068 2976 distinguenS,
1091 2917 1366 2975 utramque
1389 2918 1561 2959 tamen
1584 2907 1749 2959 amice
1774 2907 2098 2975 consocians,
2123 2907 2388 2974 utriusque

171 2987 280 3029 tum
319 2978 429 3030 iura
466 2979 811 3047 conservavit,
845 2990 953 3031 tum
981 2978 1215 3048 dignitati
1239 2979 1514 3047 consuluit,
1546 2979 1614 3031 ita
1635 2979 1850 3047 quidem
1873 2991 1928 3031 ut
1949 2979 2075 3031 ratio
2112 2979 2179 3031 ad
2210 2979 2388 3030 huma-

173 3068 298 3100 num
318 3049 579 3118 fastigium
599 3050 846 3103 Thomae
867 3051 1055 3120 pennis
1078 3062 1275 3119 evecta,
1298 3051 1399 3103 iam
1420 3051 1527 3103 fere
1550 3062 1778 3120 nequeat
1797 3051 2069 3103 sublimius
2090 3067 2388 3120 assurgere,

172 3139 346 3188 neque
386 3120 519 3174 fides
548 3143 579 3202 a
613 3123 811 3175 ratione
842 3123 949 3175 fere
972 3121 1148 3192 vpossit
1172 3123 1321 3192 plura
1348 3134 1436 3175 aut
1460 3123 1715 3175 validiora
1739 3123 2039 3175 adiumenta
2066 3122 2386 3192 praestolari,

173 3212 331 3260 quam
372 3213 507 3260 quae
547 3193 647 3246 iam
688 3206 766 3246 est
803 3215 900 3263 per
937 3195 1205 3247 Thomam
1247 3206 1541 3247 consecuta.

281 3263 396 3316 Has
436 3264 507 3316 ob
549 3285 746 3334 causas,
782 3266 1069 3319 doctissimi
1105 3267 1360 3335 homines,
1392 3267 1753 3347 superioribus
1767 3267 2083 3347 praesertim
2118 3267 2388 3335 aetatibUS,

173 3335 472 3404 theologiae
495 3347 546 3388 et
564 3337 930 3407 philosophiae
953 3338 1107 3390 laude
1126 3339 1569 3407 praestantissimi,
1584 3339 1887 3406 conquisitis
1905 3339 2193 3390 incredibili
2215 3338 2388 3390 studio

172 3407 418 3460 Thomae
439 3407 794 3461 voluminibus
828 3409 1224 3478 immortalibus,
1255 3410 1523 3478 angelicae
1550 3411 1833 3479 sapientiae
1861 3411 1970 3462 eius
1997 3431 2112 3462 sese
2140 3431 2244 3462 non
2285 3421 2388 3462 tam

175 3479 514 3548 excolendos,
546 3501 703 3548 quam
733 3481 940 3549 penitus
972 3481 1333 3533 innutriendos
1368 3481 2018 3534 tradiderunt—Omnes
2058 3503 2227 3551 prope
2265 3502 2387 3534 con-

174 3551 370 3604 ditores
411 3563 462 3604 et
499 3551 743 3621 legiferos
785 3551 1053 3605 Ordinum
1093 3553 1458 3622 religiosorum
1498 3553 1707 3606 iussisse
1758 3565 1960 3606 constat
1998 3554 2207 3606 sodales
2247 3575 2387 3622 suos,

175 3623 424 3676 doctrinis
463 3623 516 3676 S.
538 3624 783 3676 Thomae
823 3624 1034 3676 studere
1077 3635 1127 3676 et
1165 3624 1457 3694 religiosius
1497 3625 1728 3694 haerere,
1770 3637 1946 3695 caut0,
1987 3647 2051 3678 ne
2093 3626 2173 3678 cui
2206 3647 2387 3678 eorum
