2548 4192
906 277 960 313 IN
991 277 1029 313 S.
1059 276 1301 313 THOMAM
1329 275 1651 323 AQUINATEM

188 367 203 382 ν
226 356 301 386 nam'
326 355 359 385 in
382 365 421 385 eo
446 364 597 395 quoque,
622 361 659 385 ut
682 355 774 393 alibi,
803 361 912 395 regnat
934 354 1137 393 Aristoteles,
1167 354 1255 385 cuius

187 411 203 426 »
226 399 378 439 principia
407 398 507 429 ethica
536 408 610 428 cum
639 399 775 439 genuina
806 399 965 429 doctrinae
988 398 1116 428 moralis
1146 398 1255 428 funda-

188 455 203 470 »
226 449 332 473 menta
355 452 421 472 non
445 442 628 480 exhibeant,
660 443 765 482 palam
794 450 839 473 est
866 443 903 473 iis
931 443 1071 473 solidum
1094 443 1257 473 Thomam

188 499 204 514 ›
226 485 404 517 aedificium
429 493 643 525 superstruere
667 492 746 516 nors
757 487 909 527 potuisse.
923 499 937 514 »

254 530 431 561 Censuram
455 530 536 560 hanc
559 530 707 561 Bruckeri
731 531 874 561 exhibere
897 531 992 571 longe
1011 531 1135 571 lateque
1160 530 1256 560 dedu-

186 581 270 605 ctam
292 573 396 604 licuit:
430 574 463 603 in
487 584 551 614 qua
574 574 666 614 plura
689 585 707 604 a
731 575 799 605 viro
823 575 1017 605 heterodoxo
1044 582 1074 605 et
1097 574 1256 604 liberrimo

186 618 268 648 dicta
284 624 464 655 occurrunt,
489 627 571 658 quae
594 618 726 648 nimiam
749 626 780 649 et
802 618 1012 659 impotentem
1028 618 1173 650 Casimiri
1189 618 1256 649 Ou-

186 661 251 692 dini
274 661 432 692 licentiam
457 662 616 701 castigant,
640 663 840 703 maximeque
865 663 981 694 cedunt
1003 663 1035 693 in
1055 663 1257 694 commenda-

185 705 308 736 tionem
331 706 492 743 Thomae,
518 706 650 747 eiusque
674 707 819 747 Operum
843 714 873 737 et
896 707 1071 738 doctrinae:
1101 707 1161 737 alia
1185 714 1258 737 sunt

185 759 272 788 vero,
297 759 378 789 quae
395 750 434 779 ad
451 750 629 790 augendam
652 751 803 781 invidiam
826 752 898 791 plus
923 751 1007 782 iusto
1024 758 1256 792 exaggerantur.

186 793 270 824 Vitia
285 794 467 832 praesertim
482 794 548 824 duo
563 794 714 835 Aquinati
729 803 838 826 nostro
860 795 1067 835 affinguntur:
1090 795 1178 836 quod
1200 795 1256 825 ari-

187 837 347 867 stotelicae
375 845 405 868 et
433 838 624 868 saracenicae
651 839 872 879 philosophiae
900 839 996 870 instar
1023 839 1171 879 mancipii
1195 849 1256 869 ser-

185 881 293 911 vierit:
328 882 418 922 quod
450 882 678 922 philosophicis
711 883 910 914 documentis
945 890 975 914 et
1006 883 1258 914 Averroistarum

185 924 280 962 tricis,
306 935 459 966 magnum
478 926 510 956 in
526 926 611 957 hisce
627 927 819 966 praesidium
839 927 1010 965 collocans,
1034 934 1154 958 sacram
1169 927 1258 958 theo-

185 969 288 1009 logiae
312 969 488 1000 doctrinam
509 970 689 1001 foedaverit.
714 971 836 1002 Scilicet
860 981 963 1011 neque
987 971 1133 1001 Thomae
1157 971 1258 1002 consi-

185 1012 267 1043 lium
286 1014 481 1054 adsequutus
507 1021 553 1045 est
577 1015 769 1045 Bruckerus:
796 1025 899 1055 neque
919 1015 1052 1055 duplicis
1068 1014 1257 1055 theologiae,

186 1057 358 1088 Naturalis
376 1063 406 1088 et
422 1059 605 1095 Revelatae,
631 1058 797 1089 discrimen
816 1059 1048 1089 animadvertit:
1074 1068 1177 1099 neque
1193 1058 1258 1088 ani-

186 1110 279 1130 mum
302 1102 412 1140 paullo
436 1102 635 1132 attentiorem
658 1103 800 1133 admovit
814 1103 847 1132 in
864 1103 1111 1133 circumstantias
1134 1110 1258 1142 tempo-

185 1154 259 1174 rum
288 1154 324 1174 ac
353 1145 386 1174 in
418 1155 531 1175 eorum
559 1146 752 1186 quibuscum
786 1146 977 1177 instituenda
1007 1156 1115 1186 pugna
1137 1146 1258 1183 fuerat,

187 1187 394 1218 conditiones.
425 1190 516 1226 Quae
540 1190 648 1220 omnia
676 1190 866 1221 accuratiore
890 1190 1032 1220 examine
1061 1190 1190 1220 inferius
1214 1190 1258 1219 di-

185 1231 348 1262 scutienda
371 1239 455 1263 sunt.

254 1276 307 1306 lv.
333 1276 440 1307 Critici
462 1276 530 1315 viri,
549 1278 604 1318 qui
627 1278 736 1318 paucis
760 1278 872 1308 abhinc
891 1277 991 1315 annis,
1008 1278 1259 1310 Amstaelodami

186 1329 272 1350 anno
301 1329 394 1361 1744,
411 1321 495 1361 typis
518 1322 615 1352 edidit
638 1332 720 1362 opus
743 1322 853 1362 gallice
876 1322 1078 1362 inscriptum,
1109 1323 1258 1353 Examen

149 1388 154 1390 Α
177 1363 394 1405 ,des‘defizuts
415 1365 652 1406 the'ologiques,
684 1366 998 1406 praetermittendum
1021 1376 1086 1397 non
1110 1374 1157 1398 est
1179 1367 1259 1397 iudi-

186 1407 283 1446 cium,
308 1409 398 1448 quod
421 1415 512 1439 tomo
538 1411 579 1448 11,
604 1417 678 1441 sect.
695 1420 740 1448 xt,
766 1420 834 1450 cap.
850 1421 899 1448 m,
924 1410 1009 1440 artic.
1026 1421 1049 1440 11
1073 1412 1112 1442 de
1130 1411 1259 1442 Thoma

186 1451 345 1492 Aquinate
376 1452 508 1494 eiusque
537 1454 827 1493 lucubrationibus,
856 1454 1057 1494 maximeque
1080 1455 1259 1496 theologica

186 1495 331 1534 Summa,
355 1497 404 1527 his
422 1498 523 1528 verbis
547 1498 707 1538 profertur
730 1508 818 1529 num.
840 1500 855 1528 5
882 1497 945 1540 (a):
977 1512 989 1526 «
1004 1499 1138 1530 Summa
1157 1501 1260 1530 sancti

189 1551 204 1568 ›
232 1541 371 1571 Thomae
390 1542 516 1572 caeteris
532 1542 564 1572 id
580 1553 679 1583 genus
695 1542 855 1583 operibus,
880 1552 962 1583 quae
977 1550 1048 1574 ante
1064 1544 1171 1584 ipsum
1186 1554 1258 1584 pro-

188 1595 205 1612 »
227 1584 362 1623 dietant,
387 1586 493 1616 minus
517 1593 564 1617 est
586 1587 785 1627 imperfecta:
817 1596 951 1627 eamque
974 1588 1128 1618 Melchior
1151 1588 1259 1619 Canus

188 1639 205 1656 ι
226 1628 295 1659 iure
311 1629 438 1660 caeteris
454 1630 634 1671 quibusque
658 1630 895 1671 praeferendam
915 1638 1029 1662 censet.
1054 1632 1260 1663 Dissimulare

189 1683 206 1700 ι
228 1682 295 1703 non
317 1673 390 1704 licet
412 1674 615 1714 prolixiorem
638 1675 747 1712 videri,
772 1685 870 1716 quam
894 1685 951 1715 par
966 1682 1023 1714 est,
1046 1676 1128 1707 hane
1152 1676 1259 1706 elucu-

189 1727 206 1744 ›
228 1716 419 1748 brationem:
445 1729 579 1759 eamque
595 1719 655 1759 legi
670 1730 705 1750 ac
724 1719 921 1760 diligentiore
937 1720 1043 1750 studio
1068 1720 1171 1750 evolvi
1194 1730 1260 1750 non

189 1771 204 1787 ι
227 1770 322 1800 posse
345 1762 464 1802 absque
490 1764 642 1803 temporis
666 1763 852 1803 dispendio,
879 1764 968 1804 quod
991 1764 1100 1794 utilius
1123 1764 1156 1794 in
1180 1763 1260 1794 Scri-

191 1815 207 1831 »
230 1805 331 1844 pturis
355 1811 386 1836 et
407 1806 559 1838 Conciliis
583 1814 614 1838 et
637 1808 780 1838 Patribus
803 1808 1047 1847 impenderetur.
1072 1810 1115 1839 At
1134 1817 1260 1838 rursum

189 1859 206 1876 s
228 1849 443 1880 animadverto
478 1851 699 1891 dignissimum
729 1852 822 1882 laude
847 1862 929 1891 opus
960 1862 1046 1890 esse,
1075 1852 1101 1882 si
1125 1851 1261 1882 maxime

190 1904 206 1920 ι
229 1902 304 1923 curn
336 1893 404 1924 aliis
437 1902 647 1935 comparetur.
682 1895 813 1926 Grotius
845 1895 878 1925 in
911 1895 1045 1935 epistola
1085 1895 1180 1938 (Lrv)
1221 1896 1261 1925 ad

190 1948 206 1964 υ
228 1938 402 1978 quemdam
426 1939 521 1979 Regis
546 1939 722 1970 Galliarum
737 1940 878 1980 legatum
902 1939 1147 1981 (Beniaminum
1164 1941 1260 1970 Mau-

189 1992 206 2008 »
228 1980 383 2023 nerium),
408 1982 464 2023 qui
487 1984 527 2013 ab
550 1983 621 2023 ipso
646 1984 836 2014 methodum
859 1984 1006 2015 studendi
1026 1985 1260 2024 postulaverat,

190 2036 206 2053 ι»
227 2025 397 2056 lectionem
425 2028 564 2058 Tlmmae
584 2029 753 2068 Aquinatis
769 2039 811 2059 ex
825 2029 1021 2059 scholasticis
1043 2028 1212 2068 proposuit
1228 2030 1259 2058 in

189 2079 205 2096 ι·
228 2070 377 2101 Secunda
395 2077 491 2111 parte
514 2072 679 2103 Secundae
698 2074 815 2112 partis,
840 2072 895 2103 ubi
919 2073 957 2103 de
981 2073 1124 2103 moribus
1148 2072 1259 2113 agitur.

189 2124 205 2141 s
227 2114 359 2145 Disserit
381 2115 433 2146 ille
457 2116 495 2146 de
518 2116 686 2147 virtutibus
710 2117 914 2157 theologicis,
941 2117 1044 2158 deque
1068 2116 1260 2155 moralibus,

189 2169 206 2185 ι
227 2158 329 2199 iisque
346 2160 538 2200 argumentis
555 2161 716 2198 omnibus,
741 2171 823 2201 quae
843 2167 917 2191 sunt
939 2161 1044 2191 affinia
1062 2168 1093 2192 et
1109 2171 1260 2191 connexa.

190 2213 207 2230 ι
229 2202 464 2240 Quaestionum
492 2214 644 2235 numerus
674 2205 821 2236 definitus
845 2212 910 2242 est,
939 2205 1103 2236 inutilibus
1127 2212 1261 2245 praeter-

190 2257 206 2272 »
228 2246 348 2278 missis:
374 2257 494 2288 quaeve
518 2249 684 2289 agitantur,
709 2259 827 2280 nexum
845 2249 980 2280 invicem
999 2250 1132 2280 habent:
1158 2259 1262 2290 neque

190 2302 206 2318 ι
228 2291 269 2321 ad
291 2291 421 2322 alteram
449 2291 484 2323 fit
511 2294 647 2333 gradus,
678 2293 737 2324 nisi
766 2294 870 2334 priore
898 2293 1034 2324 dilucide
1062 2293 1203 2333 exposita
1226 2303 1261 2323 ac

189 2346 206 2362 ι
228 2335 329 2366 solide
356 2336 520 2376 dirempta.
553 2337 682 2368 Inutiles
713 2337 843 2368 fortasse
871 2348 1002 2368 moroso
1032 2338 1154 2368 censori
1176 2337 1261 2367 vide-

190 2390 205 2405 »
228 2379 347 2410 buntur
370 2381 570 2420 quaestiones
593 2381 675 2419 illae,
700 2382 732 2412 in
756 2382 872 2423 quibus
903 2382 1006 2422 agitur
1032 2382 1071 2412 de
1094 2382 1261 2419 habitibus,

172 2434 207 2450 ν»
229 2423 332 2464 deque
356 2425 538 2455 voluntario
561 2431 591 2456 et
614 2427 846 2464 involuntario,
876 2426 1136 2466 singularumque
1166 2425 1261 2456 virtu-

190 2478 205 2493 »
228 2473 299 2498 tum
322 2468 519 2499 definitiones
543 2470 583 2499 ad
607 2479 737 2500 examen
760 2477 925 2508 vocantur,
949 2470 1045 2510 idque
1064 2479 1164 2509 genus
1189 2470 1262 2499 sub-

190 2522 204 2538 ²
227 2511 352 2542 tilitates
376 2513 606 2552 expenduntur.
631 2516 673 2544 At
688 2521 813 2554 praesto
838 2521 884 2544 est
907 2513 1090 2553 responsio:
1115 2514 1155 2543 ad
1171 2523 1261 2544 accu-

191 2567 207 2583 ›
229 2556 377 2586 ratiorem
393 2567 499 2587 rerum
515 2558 790 2597 pertractationem
801 2558 954 2598 pertinere
970 2557 1156 2588 huiusmodi
1167 2567 1261 2598 quae-

191 2612 207 2627 »
229 2600 362 2631 stiones:
388 2611 504 2641 easque
529 2612 774 2641 supervacaneas
794 2602 830 2632 iis
850 2603 1013 2633 dumtaxat
1035 2601 1133 2632 videri
1155 2612 1261 2641 posse,

191 2656 206 2671 ι
228 2644 285 2684 qui
309 2655 360 2675 eas
382 2655 439 2684 per
456 2655 523 2676 sese
538 2653 681 2685 sumptas
704 2646 875 2686 inspiciunt
898 2657 933 2677 ac
957 2647 1070 2686 procul
1086 2645 1207 2676 dissitas
1223 2647 1262 2676 ab

191 2700 207 2716 ι
230 2698 269 2719 eo
285 2695 440 2729 tempore,
464 2700 531 2731 quo
547 2690 692 2721 Thomas
716 2701 848 2721 munere
872 2701 931 2721 suo
956 2700 1014 2731 pro
1037 2690 1118 2720 virili
1133 2690 1263 2730 defungi

261 2846 300 2880 (a)
319 2847 361 2872 La
375 2848 482 2873 Somme
497 2848 530 2873 de
543 2849 615 2874 saint
632 2849 749 2874 Thomas
758 2852 798 2874 est
807 2850 834 2874 la
850 2849 935 2874 moins
950 2847 1114 2882 de'fectueuse
1130 2848 1162 2873 de
1177 2851 1264 2873 toutes

192 2882 276 2910 celles,
295 2882 341 2914 qm·
359 2886 406 2908 ont
418 2891 492 2915 paru
511 2887 594 2908 avant
609 2884 655 2908 lui.
669 2884 800 2909 Melchior
817 2885 905 2909 Canus
919 2892 936 2909 a
951 2884 1040 2909 raison
1057 2884 1089 2908 de
1103 2884 1129 2908 Ia
1139 2882 1264 2916 pre'se'rer

192 2924 253 2941 aux
270 2920 376 2942 autres:
395 2919 463 2943 mais
486 2926 519 2943 on
540 2926 571 2944 ne
584 2923 652 2951 peut
671 2919 821 2944 dissimuler
839 2927 889 2952 que
906 2923 948 2944 cet
969 2926 1089 2952 ouvrage
1107 2927 1138 2944 ne
1156 2919 1208 2944 soit
1228 2926 1262 2943 un

188 2959 243 2984 peu
263 2955 323 2984 trop
351 2953 415 2986 long
433 2957 459 2978 et
477 2961 527 2986 que
544 2961 575 2979 sa
594 2955 693 2979 lecture
715 2959 742 2979 et
759 2962 806 2980 son
826 2955 905 2980 e'tude
924 2962 956 2979 ne
975 2955 1105 2980 demande
1124 2962 1158 2979 un
1179 2957 1263 2986 temps

194 2987 260 3012 dont
277 2987 302 3011 Ie
316 2989 431 3021 superfla
442 2990 570 3020 pourrait
583 2987 640 3014 e‘tre
653 2989 775 3023 employe'
783 2991 846 3022 plus
861 2990 997 3015 utilement
1010 2989 1027 3014 ἁ
1041 2990 1193 3018 I'Ecriture‚
1204 2997 1264 3014 aux

192 3022 314 3047 'Conciles
337 3026 364 3047 et
381 3030 441 3047 aux
465 3024 560 3053 Peres5
579 3024 735 3050 ne'anmoins
760 3025 779 3050 il
791 3026 856 3059 saut
875 3026 934 3050 dire
958 3025 1022 3058 qu’il
1040 3029 1080 3050 est
1094 3026 1152 3054 bon,
1172 3025 1263 3058 quand

193 3064 227 3081 on
246 3057 270 3081 le
288 3063 415 3089 compara
434 3057 452 3082 ὰ
471 3059 589 3084 d’autres
608 3061 672 3091 plus
697 3060 858 3094 imparfaits.
889 3061 1000 3085 Grotius
1024 3061 1091 3085 dans
1115 3067 1165 3085 une
1184 3061 1261 3085 lettre

193 3091 274 3117 ecrite
292 3091 310 3116 a*
329 3100 363 3116 un
383 3094 574 3118 ambassadeur
602 3095 634 3119 de
654 3095 756 3120 France
779 3096 824 3128 qui
842 3095 881 3120 lui
898 3096 972 3121 auoit
991 3094 1122 3120 demande'
1140 3103 1191 3120 une
1209 3094 1261 3120 me'-

193 3127 273 3152 thode
292 3126 440 3156 d'e‘tudier,
468 3129 507 3153 lui
533 3130 654 3154 conseille
677 3131 705 3155 Ia
729 3131 827 3156 lecture
846 3131 879 3156 de
896 3132 923 3156 Ia
942 3131 1062 3156 Seconde
1087 3131 1205 3156 Seconde
1230 3131 1263 3155 de

192 3170 213 3187 s.
232 3162 354 3191 Thomas,
369 3170 442 3194 pour
459 3164 486 3188 la
505 3166 613 3189 morale.
632 3166 670 3189 Le
685 3166 804 3191 Docteur
817 3167 965 3199 Angelique
973 3174 1000 3200 y
1014 3166 1095 3191 traite
1113 3167 1159 3191 des
1173 3170 1263 3191 vertas

193 3196 354 3230 theologales
372 3201 398 3222 et
417 3200 543 3228 morales,
563 3203 589 3224 et
607 3200 640 3224 de
659 3204 717 3225 tout
735 3208 763 3226 ce
781 3201 827 3234 qui
844 3205 912 3233 peut
923 3209 949 3235 y
967 3202 1044 3226 avoir
1067 3202 1176 3234 quelque
1200 3209 1261 3233 rap-

188 3236 268 3264 port.-
287 3233 306 3257 il
324 3232 414 3258 reduit
428 3234 464 3258 les
478 3234 611 3266 questions
624 3234 641 3259 ἁ
656 3243 691 3260 un
705 3237 806 3260 certain
822 3237 937 3265 nombre,
953 3237 1065 3261 Iaissant
1078 3236 1095 3260 ἁ
1105 3240 1173 3268 part
1186 3237 1262 3261 celles

193 3268 239 3300 qui
257 3275 288 3292 ne
306 3271 367 3293 sont
380 3275 433 3300 pas
452 3268 624 3294 ne'cessaires:
642 3270 661 3294 il
672 3270 729 3303 sait
747 3275 852 3296 ensorte
865 3272 970 3303 qu’elles
988 3272 1061 3297 aient
1075 3272 1148 3296 dela
1166 3271 1260 3296 liaison

193 3307 268 3328 entre
286 3304 356 3328 elles.-
374 3305 443 3336 enfin
463 3304 482 3328 il
501 3311 532 3329 ne
546 3312 626 3336 passe
635 3306 715 3336 point
728 3305 745 3330 a*
759 3307 940 3338 l'explication
956 3307 1035 3331 d'une
1053 3307 1172 3331 nouvelle
1190 3307 1259 3340 diffi-

193 3338 276 3367 culte,
296 3346 358 3363 sans
377 3336 433 3364 erre
456 3339 549 3364 assure'
567 3347 617 3372 que
634 3341 661 3364 Ia
675 3340 835 3372 precedente
858 3345 884 3366 et
901 3349 948 3366 son
968 3342 1130 3373 explication
1155 3345 1202 3366 ont
1220 3340 1262 3366 ete‘

194 3374 251 3399 bien
266 3374 417 3406 comprises.
436 3375 475 3398 Un
490 3382 599 3399 censeur
608 3375 716 3408 difficile
723 3383 748 3408 y
759 3380 884 3401 trouvera
893 3380 961 3408 peut
973 3373 1029 3401 e⁴tre
1043 3377 1165 3408 quelques
1180 3377 1259 3401 inuti—

193 3408 253 3434 lite's
271 3416 318 3434 sur
336 3410 373 3434 les
391 3409 538 3439 habitudes,
557 3417 604 3435 sur
622 3411 646 3435 le
664 3411 810 3436 volontaire
824 3414 850 3435 et
863 3411 1065 3439 I’involontaire,
1080 3419 1127 3436 sur
1145 3412 1181 3436 les
1196 3410 1259 3443 deffi-

194 3444 292 3469 nitions
311 3445 344 3469 de
357 3445 463 3477 chaque
481 3449 556 3469 vertu
576 3452 607 3470 en
623 3446 782 3477 partic-ulier
795 3449 844 3471 etc.
863 3446 935 3471 Mais
953 3454 986 3471 on
1002 3445 1104 3478 repond
1122 3454 1171 3478 que
1189 3447 1261 3470 saint

197 3479 312 3505 Th⁰mas
331 3481 375 3504 n'a
394 3479 475 3505 traite'
487 3487 530 3505 ces
543 3481 683 3513 questions,
698 3488 748 3513 que
756 3489 829 3513 pour
842 3489 892 3506 une
896 3482 959 3513 plus
973 3482 1078 3514 grande
1090 3481 1261 3506 exactitude:

193 3515 254 3540 elles
273 3516 394 3540 rebutent
412 3516 586 3548 aujourd'hui
604 3524 638 3540 un
657 3517 776 3548 critique,
788 3523 872 3548 parce
886 3517 950 3548 qu’il
965 3523 997 3541 ne
1010 3517 1046 3541 les
1061 3517 1116 3541 voit
1129 3524 1178 3548 que
1193 3517 1260 3541 dans

193 3549 388 3583 l'e'loignement
410 3555 436 3575 et
461 3550 598 3576 detache'es
617 3552 652 3576 du
678 3555 789 3583 rapport
816 3552 921 3584 qu’elles
939 3555 986 3576 ont
1003 3559 1038 3576 au
1064 3555 1163 3583 temps,
1183 3550 1216 3576 ou
1237 3552 1260 3576 Ie

195 3585 314 3610 Docteur
331 3586 477 3619 Angelique
496 3585 613 3611 e‘crivoit.
640 3587 682 3619 En>
700 3587 864 3612 combattant
882 3587 1011 3611 certalnes
1034 3587 1155 3618 opinions
1173 3589 1259 3611 soute—

192 3627 258 3645 nues
270 3628 327 3653 par
345 3622 467 3654 quelques
491 3622 695 3654 scholastiques,
715 3622 735 3646 il
752 3625 826 3647 entre
845 3622 912 3647 dans
935 3622 981 3647 des
1006 3621 1100 3647 de'tails
1124 3622 1170 3654 qui
1194 3629 1259 3646 nous

2262 292 2377 318 CCCXV

1314 366 1328 382 »
1351 364 1417 385 non
1440 360 1582 394 poterat,
1611 354 1690 395 quin
1715 365 1856 396 pugnam
1878 355 2052 387 institueret
2081 357 2246 389 adversum
2273 360 2378 391 multi-

1314 411 1329 425 »
1351 398 1447 438 plices
1471 399 1689 438 opinationes,
1718 409 1796 440 quas
1820 399 1935 439 garruli
1964 407 1994 431 et
2017 401 2193 432 subtiliores
2221 403 2287 433 eius
2311 403 2378 434 aevi

1314 455 1329 470 >›
1352 442 1527 473 scholastici
1541 443 1753 483 vulgaverant.
1778 443 1860 474 Hinc
1876 443 1981 474 futiles
2002 451 2032 475 et
2047 455 2293 484 supervacaneae
2310 457 2379 477 rno-

1313 498 1328 512 »
1351 487 1393 516 do
1410 486 1555 517 videntur
1571 487 1822 527 disceptationeS,
1847 498 1928 528 quae
1952 498 2018 518 non
2041 489 2159 530 absque
2183 491 2379 521 emolumen-

1314 542 1329 556 »
1351 537 1385 561 to
1402 538 1500 561 aetate
1523 531 1576 561 illa
1599 531 1762 571 agitandae
1793 531 1925 562 fuerant.
1939 545 1953 559 x
1985 533 2083 564 Num.
2109 534 2144 564 6:
2178 547 2192 562 κ
2211 534 2381 565 Caeterum

1314 585 1329 600 »
1351 574 1583 614 praestantioris
1606 575 1687 606 inter
1710 576 1826 606 saeculi
1851 576 1899 606 sui
1918 576 2085 617 theologos
2106 587 2224 608 nomen
2244 579 2381 609 obtinuit

1315 628 1328 643 s
1352 629 1376 648 s.
1393 618 1547 649 Thomas,
1572 619 1788 659 Opinionum,
1813 630 1895 660 quae
1917 627 1993 651 tunc
2016 621 2167 661 temporis
2191 622 2380 661 ferebantur,

1314 673 1329 688 »
1352 662 1584 693 absolutissima
1611 663 1721 694 notitia
1749 664 1906 704 pollebat:
1936 665 2122 705 Magistrum
2150 666 2381 697 Sententiarum

1314 717 1329 732 ³·
1351 707 1467 746 legerat
1499 714 1529 737 et
1552 707 1710 746 Epistolas
1739 707 1930 738 Pontificum
1953 709 2128 740 Decretales
2161 720 2196 740 ac
2222 710 2381 751 integrum

1315 761 1330 776 ³>
1353 750 1491 781 Gratiani
1514 751 1703 782 Decretum:
1729 751 1904 782 Aristotelis
1927 753 2164 793 philosophiam
2181 755 2311 786 callebat
2326 765 2380 794 ap-

1315 805 1330 820 »
1352 794 1468 834 prime,
1494 794 1719 835 diligenterque
1742 803 1881 826 versatus
1906 803 1951 827 est
1978 797 2010 827 in
2035 798 2215 828 evolvendis
2238 800 2381 829 Arabum

1315 850 1330 864 »
1352 838 1621 877 philosophorum
1649 839 1901 878 commentariis,
1931 851 2013 881 quos
2042 851 2078 871 ea
2100 849 2199 873 aetate
2226 842 2381 883 negligere

1315 894 1330 908 »
1353 891 1448 913 nemo
1464 889 1597 921 poterat,
1622 883 1806 922 qui-doctus
1829 883 1926 914 videri
1941 885 2042 916 vellet.
2068 886 2201 916 Notitias
2217 887 2380 926 plurimaS,

1315 937 1330 952 »
1353 935 1431 966 quas
1448 933 1692 965 comparaverat,
1707 926 1806 957 vivaci
1828 927 2050 968 imaginatione
2069 930 2234 970 dispositas
2257 931 2382 962 tenebat

1315 981 1330 996 »
1353 969 1533 1009 aptavitque
1561 970 1741 1010 theologico
1771 971 1894 1002 studio:
1927 973 2015 1012 quod
2039 974 2077 1003 ab
2101 973 2170 1013 ipso
2199 985 2238 1005 eo
2263 974 2382 1005 factum

1316 1025 1331 1040 »
1354 1013 1497 1051 consilio,
1515 1020 1550 1044 ut
1566 1013 1794 1053 philosophicis
1818 1014 1987 1055 disciplinis
2011 1017 2151 1048 addictos
2176 1018 2296 1049 facilius
2313 1029 2381 1059 per-

1316 1069 1331 1083 »
1354 1057 1480 1087 duceret
1503 1057 1543 1086 ad
1562 1067 1682 1087 sacram
1705 1058 1881 1088 doctrinam
1900 1066 1930 1090 et
1945 1059 2025 1090 hanc
2047 1060 2107 1090 illis
2131 1062 2299 1101 gratiorem
2314 1063 2381 1093 red-

1316 1113 1331 1127 »
1354 1101 1449 1131 deret.
1474 1101 1580 1131 Mente
1594 1101 1752 1140 praeditus
1777 1109 1841 1132 erat
1863 1110 1949 1133 vasta
1968 1110 1998 1134 et
2012 1103 2178 1144 foecunda,
2194 1107 2382 1146 profundior

1317 1157 1331 1171 2
1354 1154 1452 1184 quam
1468 1154 1634 1183 amoenus,
1658 1145 1688 1175 vi
1705 1146 1837 1176 naturali
1853 1147 1959 1186 potius
1979 1158 2076 1188 quam
2095 1156 2158 1179 arte
2182 1151 2222 1180 ad
2241 1150 2382 1181 scientias

1316 1200 1330 1214 »
1354 1195 1573 1227 comparatus:
1606 1198 1776 1229 rerumque
1806 1190 1839 1220 in
1867 1200 1905 1220 eo
1935 1191 2026 1231 copia
2054 1193 2152 1233 magis
2180 1194 2382 1233 admiranda,

1317 1244 1332 1259 »
1354 1239 1452 1272 quam
1468 1232 1616 1263 delectus.
1641 1233 1854 1273 Theologiam
1871 1234 1910 1264 ad
1927 1242 2063 1276 systema
2086 1237 2223 1268 reduxit:
2249 1248 2383 1279 eamque

1317 1287 1331 1302 »
1354 1275 1497 1306 adhibuit
1510 1276 1711 1315 methodum,
1727 1288 1790 1318 qua
1804 1285 1927 1309 utentes
1942 1286 2039 1310 aetate
2055 1281 2199 1321 sequiore
2213 1282 2270 1312 viri
2286 1283 2383 1322 docti,

1317 1332 1332 1347 xo
1354 1319 1492 1350 maxima
1507 1321 1679 1351 attulerunt
1701 1321 1892 1353 incrementa
1909 1330 1939 1354 et
1954 1323 2180 1362 perfectionem
2195 1326 2382 1367 theologiae.

1316 1376 1332 1392 a·
1355 1364 1572 1404 Quocumque
1601 1364 1758 1396 floruisset
1784 1373 1927 1406 tempore
1951 1367 2114 1407 Thomas,
2146 1379 2298 1410 magnum
2325 1371 2384 1401 sibi

1316 1420 1331 1435 ι
1354 1418 1473 1438 nomen
1495 1408 1636 1449 theologi
1664 1418 1892 1450 comparasset:
1924 1421 1990 1452 quo
2014 1412 2107 1451 plane
2134 1421 2257 1453 respetu
2283 1414 2383 1444 consi-

1317 1464 1330 1478 »
1355 1452 1478 1483 deratus
1501 1453 1552 1482 vel
1575 1463 1698 1492 eorum,
1716 1454 1740 1484 si
1757 1454 1813 1495 qui
1837 1462 1921 1493 sunt,
1941 1455 2089 1496 magister
2104 1458 2311 1497 appellandus
2327 1465 2384 1497 est,

1316 1508 1332 1524 v
1354 1496 1410 1537 qui
1433 1496 1525 1526 illum
1549 1505 1784 1537 superaverunt.
1806 1511 1820 1525 »
1858 1500 1955 1530 Num.
1977 1507 2012 1541 7:
2047 1513 2061 1528 α
2081 1501 2142 1531 Vix
2168 1502 2299 1532 demum
2331 1503 2385 1532 ad·

1316 1553 1331 1568 ›
1353 1540 1477 1570 firmare
1501 1541 1719 1581 dubitaverim,
1743 1543 1969 1583 theologorum
1992 1544 2153 1575 neminem
2176 1546 2302 1576 saeculo
2326 1553 2385 1577 ter-

1316 1597 1332 1612 »
1353 1584 1525 1615 tiodecimo
1549 1585 1711 1624 floruisse,
1740 1587 1796 1627 qui
1820 1588 1859 1617 ad
1886 1587 1975 1618 illam
2003 1588 2143 1619 nominis
2172 1596 2203 1620 et
2226 1590 2384 1621 doctrinae

1316 1641 1332 1656 ι»
1354 1628 1472 1658 famam
1495 1629 1650 1669 potuisset
1672 1631 1860 1671 pertingere,
1886 1642 1984 1672 quam
2007 1632 2064 1663 sibi
2089 1633 2232 1664 Thomas
2256 1644 2383 1674 compa-

1316 1685 1332 1700 »
1354 1673 1447 1703 ravit:
1473 1683 1576 1713 neque
1591 1674 1676 1704 enim
1691 1675 1801 1705 eadem
1825 1675 1926 1706 elucet
1946 1676 2107 1717 diligentia
2120 1677 2153 1708 in
2168 1678 2282 1708 morali
2296 1678 2384 1709 theo-

1317 1729 1332 1744 »
1354 1716 1457 1757 logiae
1485 1724 1591 1757 parte,
1620 1728 1719 1758 quam
1745 1719 1805 1758 ipsi
1833 1720 2044 1751 adornarunt:
2077 1731 2181 1763 neque
2211 1722 2244 1752 in
2271 1732 2384 1753 eorum

1317 1773 1332 1788 »
1355 1761 1511 1791 sistemate
1535 1761 1620 1791 idem
1637 1763 1728 1800 ordo,
1752 1773 1855 1804 neque
1877 1765 2007 1795 demum
2030 1765 2115 1795 idem
2140 1766 2281 1797 studium
2297 1777 2385 1798 com-

1317 1817 1331 1831 »
1354 1811 1452 1844 paret,
1469 1811 1505 1836 ut
1520 1815 1601 1846 quae
1617 1806 1738 1837 inutilia
1754 1814 1828 1838 sunt
1850 1819 1885 1839 ac
1901 1819 2131 1848 supervacanea
2154 1811 2347 1841 tollerentur.
2366 1824 2381 1838 »

1316 1849 1477 1879 Hactenus
1501 1850 1634 1889 scriptor
1661 1861 1861 1892 anonymus,
1891 1853 1946 1893 qui
1973 1854 2162 1893 prudentem
2189 1865 2224 1885 ac
2246 1855 2386 1895 peritum

1315 1892 1348 1922 in
1372 1903 1421 1931 eo,
1446 1894 1535 1934 quod
1560 1895 1748 1933 pronunciat
1767 1896 1806 1926 de
1825 1896 1953 1927 Thoma
1971 1897 2128 1938 Aquinate
2153 1898 2284 1939 eiusque
2299 1899 2384 1939 Ope-

1315 1937 1401 1967 ribus
1416 1937 1581 1976 iudicium‚
1606 1948 1639 1968 se
1655 1940 1798 1978 praebet:
1823 1941 1946 1972 tametsi
1970 1942 2128 1982 quaedam
2142 1942 2203 1982 ipsi
2218 1943 2386 1974 exciderint

1315 1981 1421 2011 minus
1444 1991 1516 2012 vere
1539 1989 1570 2012 et
1593 1989 1682 2013 caute
1707 1983 1797 2014 dicta.

1695 2090 1905 2129 CAPUT
1953 2094 2007 2130 ΙΙ.

1316 2184 1416 2209 Censor
1434 2184 1564 2217 refellitur,
1579 2186 1623 2218 qui
1643 2195 1780 2212 numerum
1795 2188 1999 2214 lucubrationum
2014 2190 2158 2223 Aquinatis,
2173 2199 2239 2223 quae
2257 2191 2384 2224 genuinae

1387 2220 1446 2251 sint,
1466 2221 1606 2253 plurimum
1626 2222 1760 2247 imminuit.
1776 2223 1923 2256 Congruam
1939 2225 2042 2249 latinam
2062 2226 2206 2257 dictionem,
2221 2235 2271 2259 qua
2290 2226 2344 2251 suis
2358 2227 2384 2251 in

1388 2255 1518 2288 Operibus
1542 2264 1604 2281 usus
1630 2263 1670 2282 est
1692 2257 1822 2288 Thomas,
1846 2259 1976 2284 vindicant
1999 2260 2047 2293 ipsi
2072 2269 2193 2286 censores
2218 2262 2335 2287 Oudinus
2359 2267 2386 2287 et

1388 2291 1541 2316 Bruckerus.
1565 2293 1710 2317 Melchioris
1730 2293 1793 2318 Cani
1811 2293 1934 2319 iudicium
1958 2296 1989 2320 de
2007 2301 2098 2321 ornatu
2122 2297 2244 2322 orationis
2268 2298 2387 2330 neglecto

1388 2331 1431 2350 aut
1450 2327 1642 2359 praetermisso.

1319 2424 1341 2454 Ι.
1446 2424 1510 2454 aria
1533 2431 1606 2455 sunt
1629 2425 1787 2456 eiusmodi
1817 2437 2039 2467 censurarum,
2064 2439 2145 2470 quae
2169 2429 2278 2460 allatae
2301 2438 2385 2470 sunt,

1446 2469 1615 2509 praecipua
1639 2469 1740 2510 capita
1755 2471 1794 2500 ad
1809 2481 1940 2502 examen
1954 2473 2107 2511 vocanda,
2123 2473 2260 2513 partium
2280 2475 2385 2506 studio

1318 2512 1489 2543 eliminato.
1511 2513 1556 2543 Ita
1584 2523 1659 2544 vero
1692 2514 1899 2545 vindiciarum
1931 2517 2048 2547 modus
2083 2519 2320 2558 temperandus,
2350 2526 2387 2550 ut

1317 2556 1451 2587 laudum
1484 2557 1658 2596 praeconiis
1691 2559 1934 2598 praetermissis,
1959 2561 2097 2591 nativam
2130 2572 2220 2592 suam
2253 2562 2386 2602 ipsamet

1317 2600 1483 2641 Aquinatis
1508 2601 1614 2641 Opera
1636 2610 1833 2633 venustatem
1857 2604 2031 2643 exhibeant,
2057 2605 2187 2646 ipseque
2211 2607 2259 2636 sui
2285 2607 2384 2647 ipsius

1316 2644 1430 2675 vindex
1453 2645 1492 2675 sit
1515 2645 1669 2676 Thomas.
1695 2647 1769 2677 Pars
1791 2647 1844 2678 illa
1868 2658 2026 2688 censurae,
2051 2660 2148 2690 quam
2170 2651 2242 2681 tulit
2264 2661 2383 2692 anony-

1318 2699 1390 2718 mus
1414 2696 1525 2719 auctor
1551 2690 1703 2721 historiae
1731 2693 1860 2722 criticae
1876 2693 2115 2734 philosophiae,
2141 2694 2281 2734 primum
2308 2706 2383 2736 pro—

1312 2848 1467 2880 paroissent
1486 2848 1615 2881 bizarres,
1630 2849 1770 2881 quoiqu'ils
1781 2850 1888 2883 fussent
1906 2851 1978 2876 alors
1997 2849 2277 2876 ne'cessaires.—Num.
2292 2850 2317 2876 6.
2337 2852 2384 2876 Du

1318 2887 1386 2908 reste
1404 2891 1425 2909 s.
1445 2884 1558 2909 Thomas
1576 2892 1594 2908 a
1613 2885 1734 2917 toujours
1747 2884 1829 2917 passe'
1850 2893 1923 2917 pour
1941 2886 1965 2910 Ie
1983 2886 2102 2910 meilleur
2119 2885 2265 2919 the'ologien
2285 2887 2318 2911 de
2335 2894 2383 2912 son

1317 2919 1407 2944 siecle:
1425 2920 1445 2944 il
1462 2918 1527 2944 e'toit
1546 2920 1656 2944 instruit
1674 2920 1719 2945 des
1738 2920 1859 2952 opinions
1878 2921 1910 2945 de
1928 2928 1975 2945 son
1995 2924 2068 2950 tems,
2086 2922 2106 2946 il
2118 2921 2191 2946 avoit
2208 2922 2235 2946 Iu
2250 2922 2273 2946 le
2288 2920 2383 2947 maitre

1318 2954 1364 2979 des
1381 2958 1533 2983 sentences,
1558 2956 1595 2980 les
1614 2954 1758 2980 decretales
1777 2956 1823 2981 des
1841 2956 1926 2988 Papes
1944 2959 1970 2981 et
1993 2957 2016 2981 le
2036 2955 2133 2981 Decret
2158 2957 2190 2981 de
2211 2957 2332 2981 Gratien.
2361 2958 2385 2982 Il

1315 2990 1403 3015 savoit
1427 2991 1453 3014 la
1467 2990 1634 3022 philosophie
1653 2991 1797 3016 d’Ar-istote
1815 2994 1842 3016 et
1860 2992 1924 3023 plus
1942 2998 2035 3016 encore
2053 2992 2090 3016 les
2111 2992 2318 3017 Commentaires
2337 2992 2383 3017 des

1316 3025 1418 3050 Arabes
1436 3033 1484 3050 sur
1501 3033 1530 3050 ce
1550 3026 1713 3058 Philosophe,
1733 3034 1864 3059 ouvrages
1883 3028 1954 3051 alors
1967 3026 1985 3051 ἁ
1999 3027 2025 3051 la
2040 3027 2116 3051 mode
2134 3030 2161 3051 et
2178 3027 2256 3059 qu’on
2272 3035 2303 3052 ne
2313 3035 2382 3059 pou-

1317 3061 1372 3085 voit
1390 3061 1499 3093 ignor-er
1517 3068 1580 3085 sans
1599 3061 1686 3093 risque
1706 3062 1738 3086 de
1751 3069 1847 3093 passer
1860 3070 1933 3093 pour
1951 3062 2091 3094 ignorant:
2109 3062 2179 3087 ainsi
2191 3061 2266 3087 etant
2280 3063 2381 3088 devenu

1317 3103 1352 3120 un
1372 3096 1418 3120 des
1435 3103 1547 3129 scavans
1562 3096 1679 3121 hommes
1698 3097 1731 3121 de
1744 3104 1790 3121 son
1805 3097 1888 3125 siecle,
1900 3104 1946 3121 son
1962 3097 2136 3130 imagination
2152 3098 2190 3122 lui
2197 3098 2305 3131 four-nit
2318 3098 2382 3123 l'art

1317 3131 1486 3156 d’assembler
1504 3139 1544 3156 ses
1564 3132 1679 3156 diverses
1697 3132 1896 3157 connoissances
1914 3136 1940 3157 et
1955 3132 1986 3156 de
2000 3133 2036 3156 les
2050 3133 2234 3157 accommoder
2251 3140 2310 3157 aux
2324 3141 2380 3157 ma-

1316 3166 1395 3191 tieres
1414 3166 1601 3199 theologiques.
1623 3167 1692 3192 C'est
1705 3167 1778 3191 aussi
1796 3175 1830 3191 un
1850 3167 1910 3200 effet
1924 3168 1956 3192 de
1970 3175 2016 3192 son
2025 3167 2167 3200 jugement
2181 3168 2286 3193 d'avoir
2298 3176 2380 3202 concu

1316 3202 1380 3234 qu’il
1397 3202 1558 3226 attacheroit
1582 3202 1742 3235 d'avantage
1766 3209 1806 3227 ses
1830 3203 1941 3227 lecteurs
1960 3210 2016 3234 par
2038 3206 2105 3227 cette
2124 3202 2291 3234 de'pendance
2309 3211 2380 3228 com-

1315 3244 1401 3266 mune,
1418 3244 1468 3269 que
1486 3238 1522 3261 les
1540 3237 1630 3262 choses
1648 3238 1685 3262 les
1698 3239 1762 3269 plus
1780 3237 1960 3271 indifferentes
1978 3238 2101 3263 auroient
2119 3237 2136 3262 ἁ
2154 3239 2181 3262 Ia
2200 3237 2337 3271 theologie.
2358 3239 2382 3263 11

1315 3272 1389 3296 avoir
1407 3272 1508 3303 l’esprit
1526 3275 1599 3296 vaste
1613 3275 1639 3296 et
1646 3271 1759 3306 second,
1770 3273 1832 3304 plus
1847 3272 1917 3297 e'leve'
1934 3280 1983 3305 que
2003 3272 2106 3302 delicat,
2121 3274 2184 3305 plus
2203 3274 2308 3298 naturel
2330 3281 2381 3305 que

1315 3306 1462 3339 ingenieux
1479 3311 1506 3332 et
1514 3308 1577 3339 plus
1591 3314 1743 3332 amour-eux
1757 3308 1790 3332 de
1803 3308 1974 3333 l'abondance
1992 3315 2042 3340 que
2061 3309 2096 3332 du
2115 3309 2204 3333 choix.
2224 3309 2247 3333 Il
2260 3316 2277 3332 a
2291 3307 2381 3333 re'duit

1314 3342 1341 3366 la
1359 3341 1491 3375 theologie
1514 3350 1545 3367 en
1564 3342 1680 3375 systeme
1698 3346 1724 3367 et
1732 3350 1788 3374 par
1805 3350 1836 3367 sa
1856 3343 1977 3367 methode
1996 3343 2015 3367 il
2032 3350 2049 3367 a
2068 3347 2160 3368 ouvert
2173 3351 2233 3368 aux
2251 3342 2381 3368 ecrivains

1314 3377 1359 3409 qui
1377 3377 1442 3402 l'ont
1459 3378 1535 3406 suivi,
1556 3378 1602 3401 des
1621 3381 1709 3402 routes
1728 3378 1805 3409 qu'on
1825 3385 1842 3402 a
1856 3377 2051 3411 perfectionne's
2065 3379 2132 3403 dans
2146 3379 2182 3403 les
2197 3379 2315 3403 derniers
2328 3379 2379 3403 sie-

1313 3413 1372 3437 cles.
1393 3412 1416 3437 II
1427 3420 1453 3445 y
1472 3419 1489 3436 a
1507 3419 1655 3444 apparence
1679 3413 1755 3444 qu'en
1780 3413 1889 3445 quelque
1907 3417 1990 3444 temps
2009 3420 2058 3445 que
2075 3421 2096 3438 s.
2111 3413 2224 3438 Tkomas
2244 3413 2288 3438 etit
2307 3413 2379 3443 ve'cu,

1314 3447 1333 3471 il
1351 3447 1442 3472 auroit
1460 3447 1581 3479 toujours
1595 3446 1637 3471 e'te‘
1651 3455 1685 3471 un
1699 3448 1790 3479 grand
1804 3446 1951 3480 theologica
1966 3451 1992 3472 et
2005 3447 2022 3472 ἀ
2037 3455 2069 3472 ne
2082 3449 2106 3472 le
2111 3449 2234 3488 prendre
2248 3456 2297 3481 que
2312 3449 2380 3474 dans

1313 3489 1342 3506 ce
1360 3489 1427 3510 sens,
1447 3490 1480 3507 on
1495 3486 1562 3514 peut
1581 3482 1639 3507 dire
1657 3482 1721 3514 qu'il
1738 3485 1778 3506 est
1796 3483 1819 3506 le
1838 3481 1933 3507 maitre
1947 3483 1980 3507 de
1993 3490 2063 3507 ceux
2078 3490 2173 3508 memes
2183 3484 2228 3516 qui
2241 3484 2307 3509 l'ont
2319 3491 2379 3509 sur-

1308 3516 1511 3548 passe'.—Num.
1527 3525 1551 3549 7.
1571 3518 1603 3542 Je
1622 3517 1702 3541 doute
1707 3517 1769 3550 fort
1781 3524 1830 3549 que
1848 3518 1884 3542 les
1903 3521 1993 3542 autres
2006 3517 2167 3551 theologiens
2186 3519 2221 3543 du
2240 3526 2285 3543 1111
2302 3519 2380 3544 siecle

1308 3552 1430 3583 puissent
1439 3553 1573 3577 atteindre
1582 3551 1599 3576 ἁ
1610 3552 1720 3576 l’estime
1729 3559 1778 3584 que
1792 3552 1863 3577 saint
1876 3553 1989 3578 Thomas
1998 3553 2060 3578 s'est
2069 3554 2168 3586 aequis.
2182 3554 2221 3579 On
2238 3562 2270 3579 ne
2284 3557 2379 3579 trouve

1307 3594 1360 3618 pas
1375 3587 1442 3612 dans
1456 3588 1513 3612 leur
1527 3587 1627 3612 morale
1639 3588 1665 3611 la
1681 3584 1763 3612 me‘me
1777 3588 1939 3616 exactitude,
1959 3588 2027 3613 dans
2038 3589 2108 3613 leurs
2117 3589 2246 3622 systemes
2258 3590 2282 3614 le
2295 3586 2378 3614 meme

1312 3623 1393 3647 ordre
1410 3626 1437 3647 et
1454 3623 1481 3647 la
1500 3619 1583 3647 me⁴me
1606 3622 1736 3647 attention
1755 3630 1773 3647 a
1791 3621 1894 3648 e'carter
1912 3623 1948 3648 les
1967 3623 2163 3649 raisonnemens
2181 3625 2310 3659 super-slus
2328 3630 2376 3650 etc.
