2548 4192
255 271 338 298 'CCVI

928 536 1574 601 DISSERTATIO
1631 539 1787 601 XV.

260 697 327 736 De
355 696 531 745 integra
559 694 708 734 sancti
736 692 939 733 Thomae
959 693 1238 733 immunitate
1264 705 1304 733 a·
1317 694 1481 744 plagio,
1506 706 1593 744 quo
1613 693 1893 746 Theologica
1912 697 2234 748 quadripartita
2254 698 2455 747 Summa,

341 780 396 808 ac
426 767 613 807 Summa
647 767 867 816 quaedam
905 766 1122 806 virtutum
1160 766 1412 807 Alexandri
1444 766 1686 815 Halensis,
1719 768 1858 808 nimia
1895 770 2170 811 confidentia
2201 773 2259 812 ab
2297 773 2455 812 eodem

338 837 564 887 Aquinate
594 839 830 887 sun-eptae
855 836 1060 876 dicuntur
1088 835 1422 886 expilataeque,
1442 837 1669 877 adversus
1689 837 1857 878 Lucam
1875 839 2147 891 Wadingum
2170 843 2216 881 et
2235 842 2455 883 Ioannem

339 909 392 949 de
420 909 466 948 la
493 908 638 958 Haye.

1283 1057 1428 1085 *ga-au·

658 1279 868 1316 CAPUT
897 1279 923 1315 1,
1381 1287 1425 1308 no
1454 1278 1546 1319 1647.
1566 1278 1654 1308 Nihil
1676 1278 1832 1309 haesitans
1851 1279 2013 1310 adseverat
2034 1279 2087 1310 ille
2108 1279 2141 1310 in
2165 1281 2356 1323 steologica
2382 1292 2454 1313 san-

254 1376 428 1401 Alexandrum
453 1375 594 1401 Halensem
624 1384 639 1400 a
667 1384 688 1401 s.
707 1375 810 1401 Thoma
834 1375 961 1409 Aquinate
990 1375 1127 1409 expilatum
1153 1376 1327 1408 excogitarunt

326 1412 410 1436 Lucas
428 1411 573 1444 wadingus
592 1418 617 1436 et
635 1412 743 1436 loannes
759 1412 790 1436 de
805 1412 829 1436 la
848 1412 930 1444 Haye.
945 1411 1012 1436 Nihil
1032 1411 1064 1436 de
1079 1412 1186 1436 Summa
1205 1412 1325 1436 Halensis

326 1447 508 1480 quadripartita
532 1447 623 1471 adduci
648 1452 747 1480 potest,
772 1447 842 1479 quod
866 1447 898 1471 ab
916 1447 1045 1479 Aquinate
1069 1452 1216 1480 surreptum
1241 1447 1325 1473 fuerit.

325 1483 426 1508 Ioannis
445 1482 564 1508 Gersonii
584 1483 656 1507 locus
675 1482 812 1515 castigatus
831 1488 856 1507 et
875 1482 1014 1516 expositus.

568 1634 772 1675 Aquinatem
788 1633 950 1674 superiore
966 1633 998 1664 in
1018 1634 1243 1665 Dissertatione
1262 1635 1323 1665 im-

493 1716 495 1718 ·
580 1689 711 1709 munem
726 1678 1020 1719 pronunciavirnus,
1035 1678 1153 1719 integre
1168 1679 1323 1710 detersam

534 1732 562 1780 J
579 1723 769 1764 penitusque
794 1723 939 1754 detritam
966 1723 1127 1764 inquiunt.
1159 1723 1323 1755 Convulsa

499 1772 513 1789 ‘¹
539 1794 542 1796 .
565 1767 672 1798 fuerit
691 1767 868 1806 difficultas,
888 1778 969 1809 quae
989 1768 1212 1810 leeologicam
1228 1769 1322 1800 Sum-

467 1849 475 1856 .
489 1833 511 1856 >-
579 1823 663 1843 mam
687 1812 856 1853 Aquinatis
879 1822 916 1843 ex
939 1813 1063 1843 Morali
1086 1813 1222 1854 Speculo
1245 1813 1322 1844 Vin-

480 1849 493 1869 ““
557 1855 567 1869 ”·
581 1856 673 1888 centii
704 1857 936 1888 Bellovacensis
968 1857 1148 1898 decerptam
1179 1868 1323 1899 oppone-

251 1904 321 1934 bat:
339 1902 441 1933 adhuc
458 1902 561 1932 fontes
576 1901 654 1932 alios
669 1901 808 1932 indicant
825 1902 927 1932 Lucas
945 1901 1125 1943 Wadingus
1141 1909 1172 1933 et
1188 1903 1322 1934 Ioannes

253 1948 331 1978 dela
341 1948 442 1988 Haye,
460 1957 496 1977 ex
512 1946 628 1987 quibus
644 1946 780 1986 integras
795 1946 996 1987 quaestiones
1012 1946 1233 1988 plurimosque
1249 1947 1320 1978 arti-

254 1993 343 2023 culos
359 1991 392 2022 in
409 2002 500 2022 suam
517 1991 661 2021 Thomas
685 1991 869 2022 derivaverit
892 1991 1060 2022 Summam
1079 1991 1321 2032 Theologicam.

318 2036 498 2076 Wadingus
517 2035 637 2076 profert
655 2035 820 2066 Summam
842 2036 1007 2074 virtutum,
1032 2036 1139 2067 nescio
1165 2046 1263 2077 quarn
1283 2037 1321 2067 ab

250 2081 430 2112 Alexandro
455 2079 585 2111 Halensi
605 2079 831 2118 elucubratam,
851 2080 949 2110 veluti
968 2080 1120 2111 Summae
1143 2090 1198 2112 seu
1223 2082 1322 2112 Theo-

249 2126 387 2167 logicae,
404 2126 436 2155 in
452 2130 592 2165 quatuor
599 2129 714 2164 partes
728 2124 927 2162 distributae,
943 2126 1210 2166 supplementum:
1223 2136 1322 2167 quam

250 2176 356 2200 noster
386 2169 547 2210 Aquinas,
579 2168 658 2198 dum
689 2168 783 2199 simili
815 2169 903 2210 operi
935 2170 1155 2200 concinnando
1189 2180 1321 2211 operam

250 2214 356 2253 daret,
385 2213 582 2251 adhibuerit,
609 2212 817 2251 defloraverit,
842 2213 994 2254 expilarit.
1019 2214 1070 2245 Ad
1093 2224 1214 2246 annum
1239 2216 1319 2255 1245

249 2269 340 2290 num.
367 2268 407 2300 27
435 2258 508 2289 edit.
533 2258 629 2288 Rom.
661 2258 741 2299 1732
772 2257 827 2289 fol.
853 2258 897 2300 sic
920 2258 1015 2289 habet
1033 2259 1100 2289 ille:
1137 2272 1151 2287 ‹
1170 2259 1269 2297 Quod
1295 2259 1321 2290 si

252 2316 266 2330 >›
289 2303 361 2344 quis
385 2302 572 2344 opinionem
602 2302 756 2341 praeferre
779 2302 872 2334 vellet
895 2303 1008 2334 rationi
1033 2301 1102 2346 (et)
1127 2303 1220 2342 dicat,
1244 2304 1321 2345 Spe-

251 2361 266 2375 »
289 2348 396 2378 culum
420 2347 550 2378 Morale
573 2346 706 2378 alieuius
735 2357 801 2377 esse
830 2347 1012 2388 posterioris
1040 2354 1071 2378 et
1098 2348 1266 2379 Vincentio
1291 2355 1322 2380 et

251 2405 266 2419 »
289 2392 419 2422 Thoma
442 2391 638 2423 auctoribus:
659 2391 738 2422 nihil
762 2392 870 2431 salvat,
890 2402 947 2423 nec
966 2392 1041 2423 huic
1063 2392 1209 2424 accrescit
1231 2393 1321 2434 quod

251 2449 266 2464 »
289 2436 377 2467 alteri
407 2436 587 2476 surripitur:
616 2436 691 2477 quia
721 2436 886 2467 Summam
916 2438 1070 2468 vIrtutum
1101 2447 1166 2468 esse
1198 2444 1321 2469 constat

250 2493 264 2509 ³>
287 2480 412 2511 Alensis
436 2487 572 2521 utroque
601 2480 806 2522 antiquioris,
839 2487 947 2523 estque
971 2481 1070 2522 ipsius
1094 2481 1231 2513 auctoris
1257 2482 1319 2514 fide

251 2538 265 2552 »
289 2525 548 2566 Supplementum
569 2525 609 2555 111
627 2535 705 2565 par„
721 2525 806 2556 iuxta
830 2535 866 2555 ea
885 2536 966 2566 quae
988 2526 1135 2566 promisit
1152 2527 1203 2557 De
1220 2528 1318 2558 virtu-

250 2582 264 2597 »
288 2570 371 2600 tibus
385 2569 425 2600 111
442 2580 485 2610 p.,
496 2579 526 2610 q.
537 2579 660 2610 xxv1,q.
670 2579 720 2599 Lxx
736 2576 766 2600 et
780 2579 877 2600 vam
893 2577 923 2600 et
937 2570 1050 2601 nullibi
1065 2571 1124 2601 nisi
1138 2571 1170 2601 in
1185 2571 1319 2603 Summa

249 2627 264 2641 »
288 2615 441 2646 virtutum
471 2614 678 2652 exhibentur,
717 2614 807 2644 cuius
838 2621 948 2645 auctor
979 2615 1252 2646 continuationem
1288 2623 1319 2647 et

248 2670 262 2685 »
285 2658 431 2689 ordinem
446 2658 514 2689 eius
533 2658 572 2688 ad
587 2658 710 2689 tertiam
724 2665 846 2699 partem
862 2658 972 2699 primis
987 2659 1089 2689 verbis
1103 2660 1147 2690 sic
1161 2660 1317 2700 exprimit:

250 2710 264 2730 ἡ
285 2703 408 2734 Habito
427 2713 518 2744 ergo,
539 2702 653 2744 inquit,
672 2703 712 2734 de
729 2703 840 2744 gratia
855 2709 988 2744 gratum
997 2703 1148 2744 faciente
1163 2710 1193 2735 et
1210 2706 1318 2745 gratis

249 2761 263 2775 ›>
286 2747 363 2778 data
386 2757 544 2785 sermone,
569 2752 800 2788 consequenter
821 2747 990 2778 dicendum
1021 2753 1067 2779 est
1089 2748 1129 2779 de
1153 2749 1279 2779 virtute.
1298 2761 1312 2776 »

246 2792 322 2830 Quo
346 2792 429 2823 loco:
453 2802 479 2823 1.
492 2791 648 2823 Permittit
667 2792 847 2832 Wadingus
870 2798 906 2822 ut
919 2793 1026 2832 opinio
1040 2792 1093 2822 illa
1112 2792 1315 2833 praeferatur,

246 2847 328 2878 quae
353 2836 524 2876 Speculum
547 2836 678 2867 Morale
701 2836 825 2867 foetum
849 2836 1004 2867 existimat
1026 2836 1162 2867 auctoris
1189 2843 1220 2867 et
1238 2837 1315 2868 Vin-

246 2880 349 2912 centio
368 2881 583 2912 Bellovacensi
608 2887 638 2912 et
657 2880 786 2911 Thoma
805 2881 963 2922 Aquinate
982 2881 1180 2921 posterioris:
1205 2891 1316 2922 quam·

245 2936 343 2966 quam
360 2936 423 2956 non
440 2926 558 2966 opinio,
575 2925 843 2956 animadvertente
859 2925 1016 2963 Echardo,
1027 2926 1180 2966 praelata
1197 2927 1317 2957 rationi

246 2970 306 3001 dici
326 2970 429 3008 debet,
448 2980 561 3001 verum
579 2970 720 3011 depulsis
739 2970 877 3000 tenebris
895 2969 1068 3011 manifesta
1088 2971 1217 3008 veritas,
1234 2980 1317 3012 quae

245 3015 382 3045 rationis
411 3020 457 3045 est
487 3015 614 3056 regula.
651 3014 855 3055 Superiorem
885 3014 1145 3045 Dissertationem
1175 3022 1316 3046 nostram

246 3059 386 3089 consule:
409 3069 438 3090 2.
451 3059 615 3090 Summam
636 3060 790 3090 virtutum
816 3059 967 3097 obtrudit,
992 3069 1091 3100 quam
1114 3059 1210 3090 instar
1233 3060 1315 3100 Sup-

240 3103 396 3143 plementi
419 3105 532 3134 tertiae
555 3104 663 3144 partis
690 3103 842 3134 Summae
861 3103 1075 3144 Theologicae
1099 3105 1317 3144 composuerit

245 3147 421 3177 Alexander
452 3148 490 3177 de
521 3148 634 3186 Hales,
666 3155 818 3189 utroque,
846 3148 1061 3179 Bellovacensi
1086 3155 1117 3179 et
1146 3149 1316 3190 Aquinate,

245 3193 424 3232 antiquior:
447 3192 510 3222 vita
529 3192 648 3233 quippe
668 3192 794 3223 mortali
818 3202 902 3222 anno
928 3202 1010 3234 ¹274
1029 3192 1175 3233 migravit
1190 3200 1316 3224 sanctus

245 3235 400 3274 Thomas,
426 3246 491 3266 non
515 3243 586 3267 ante
610 3247 730 3267 annum
760 3238 840 3268 1263
866 3237 944 3267 obiit
967 3237 1152 3268 Vincentius
1171 3238 1315 3269 Bellova-

246 3280 346 3311 censis
374 3287 404 3311 et
427 3291 511 3311 anno
542 3282 620 3320 1'245
646 3281 710 3311 iarn
739 3282 778 3311 ad
802 3281 907 3322 plures
935 3281 1050 3312 abierat
1077 3282 1254 3313 Alexander
1277 3283 1315 3313 de

245 3325 351 3355 Hales:
376 3326 404 3356 3.
421 3325 511 3356 Hanc
531 3335 606 3366 ergo
622 3325 786 3356 Summam
808 3327 973 3363 virtutum,
994 3333 1042 3357 tot
1057 3333 1128 3358 ante
1147 3327 1315 3368 Aquinatis

245 3369 370 3400 obitum
398 3379 499 3399 annos
523 3370 561 3400 ab
590 3370 719 3400 Halensi
744 3370 902 3411 scriptam,
935 3371 1123 3402 verbotenus
1140 3372 1238 3413 plene
1260 3371 1315 3402 Se-

244 3414 369 3444 cundae
392 3414 559 3445 Secundae
581 3414 681 3455 ipsius
700 3415 867 3456 Aquinatis
888 3416 1052 3454 insertam,
1073 3416 1224 3457 Wadingi
1244 3425 1314 3446 sen-

243 3458 339 3488 tentia
364 3465 428 3496 est,
460 3469 558 3499 quam
582 3459 696 3490 eodem
719 3459 792 3490 loco
824 3469 959 3490 numero
986 3460 1147 3501 superiore
1173 3461 1212 3491 26
1238 3471 1312 3492 con-

245 3501 448 3533 fidentissime
472 3503 670 3543 pronunciat.

311 3546 496 3587 Symbolam
529 3558 620 3578 suam
652 3547 739 3579 affert
770 3548 903 3579 loannes
936 3549 975 3580 de
1004 3549 1034 3579 la
1065 3549 1156 3591 Haye
1188 3549 1220 3580 in
1250 3549 1313 3580 vita

245 3589 411 3621 Alexandri
443 3591 608 3630 Halensis,
641 3602 739 3633 quam
771 3592 941 3632 praefixam
974 3593 1115 3624 eiusdem
1146 3593 1313 3624 Alexandri

245 3632 485 3664 Commentario
518 3636 550 3665 in
578 3637 805 3676 Apocalypsim
830 3636 959 3667 Parisini
984 3637 1050 3678 typi
1074 3644 1231 3678 praestant
1259 3649 1311 3669 an-

1381 1321 1421 1352 cti
1445 1322 1592 1353 Thomae
1616 1323 1749 1354 Summa
1773 1323 1968 1365 frequentius
1992 1334 2154 1355 occurrere
2178 1325 2355 1366 Scripturae
2383 1337 2453 1358 sen-

1379 1366 1502 1405 tentias,
1512 1367 1684 1407 Augustini
1694 1368 1895 1409 aliorumque
1903 1368 2082 1399 Doctorum
2092 1370 2249 1401 Ecclesiae
2260 1370 2454 1412 testimonia,

1379 1411 1516 1442 rationes
1541 1412 1635 1442 etiam
1659 1422 1694 1443 ac
1718 1412 1879 1443 doctrinae
1903 1413 2110 1445 fundamenta
2134 1421 2165 1445 et
2184 1425 2346 1455 responsa,
2370 1426 2453 1458 quae

1379 1455 1495 1495 pariter
1523 1455 1556 1486 in
1587 1456 1784 1497 Theologica
1814 1457 1948 1488 Summa
1978 1458 2125 1489 Halensis
2148 1459 2365 1500 reperiuntur,
2395 1466 2454 1492 aut

1379 1499 1489 1530 eadem
1509 1505 1567 1530 aut
1581 1501 1675 1541 quasi
1694 1502 1815 1540 eadem,
1826 1502 1933 1541 quoad
1950 1512 2090 1541 sensum,
2105 1504 2213 1544 quoad
2227 1505 2451 1543 substantiam,

1379 1548 1409 1574 et
1431 1544 1618 1585 aliqualiter
1642 1546 1750 1586 quoad
1768 1545 1867 1577 verba‘
1888 1552 1947 1578 aut
1965 1557 2029 1578 non
2049 1548 2144 1579 valde
2161 1548 2339 1580 dissimilia.
2360 1549 2453 1581 Hanc

1377 1588 1547 1619 Alexandri
1576 1589 1723 1620 Halensis
1753 1589 1852 1621 vitam
1879 1590 1984 1621 videre
2015 1598 2046 1622 et
2073 1593 2247 1632 expendere
2276 1593 2355 1624 mihi
2385 1604 2452 1625 non

1376 1632 1480 1664 licuit:
1500 1643 1583 1674 quae
1601 1643 1677 1664 vero
1697 1644 1734 1664 ex
1752 1634 1820 1674 ipsa
1839 1635 1985 1676 decerpta
2004 1642 2088 1674 sunt,
2104 1637 2224 1677 profert
2241 1637 2361 1668 Natalis
2376 1638 2451 1669 Ale—

1375 1678 1493 1708 xander
1516 1678 1549 1708 in
1568 1679 1726 1719 opusculo
1745 1679 1792 1709 De
1811 1679 1904 1710 titulo
1931 1680 2142 1720 praeceptoris
2165 1681 2359 1721 s.Thomae,
2375 1692 2451 1723 pro-

1377 1722 1436 1753 fert
1452 1722 1547 1753 etiam
1564 1723 1697 1754 Iacobus
1715 1723 1888 1755 Echardus.
1908 1724 1999 1754 Mens
2019 1734 2094 1765 ergo
2114 1725 2240 1756 loannis
2257 1726 2296 1757 de
2311 1726 2342 1757 la
2360 1727 2454 1769 Haye

1377 1767 1542 1807 perspicue
1561 1774 1656 1808 patet,
1677 1778 1743 1798 non
1773 1768 1879 1799 solum
1902 1769 2068 1800 Summam
2089 1771 2256 1808 virtutum,
2276 1781 2359 1812 quae
2377 1771 2452 1803 Ale-

1376 1812 1496 1842 xandro
1513 1811 1644 1842 Halensi
1658 1812 1816 1852 tribuitur,
1831 1823 1943 1843 verum
1959 1814 2183 1855 Tneologicam
2199 1814 2294 1846 etiam
2309 1815 2453 1847 eiusdem

1377 1855 1541 1886 Summam
1562 1857 1600 1887 ab
1620 1867 1644 1887 s.
1662 1857 1791 1887 Thoma
1810 1857 1969 1898 Aquinate
1989 1858 2157 1898 expilatam
2178 1859 2285 1899 fuisse,
2305 1867 2342 1891 ut
2360 1870 2452 1892 suam

1377 1900 1444 1941 ipse
1468 1900 1665 1941 Theologiae
1689 1901 1858 1932 Summam
1878 1902 2089 1933 concinnaret.

1445 1945 1482 1976 11.
1507 1945 1598 1976 Hanc
1626 1945 1730 1986 primo
1754 1946 1828 1977 loco
1851 1946 1985 1977 subiicio
2014 1946 2149 1978 examini
2178 1954 2300 1988 partem
2324 1955 2451 1980 contro-

1376 1989 1505 2028 versiae,
1521 2000 1620 2031 quam
1642 1990 1766 2022 videtur
1790 1991 1923 2022 Ioannes
1947 1991 1985 2022 de
2008 1991 2039 2022 la
2054 1992 2146 2033 Haye
2165 1991 2334 2024 induxisse.
2350 1993 2451 2024 Pluri-

1377 2044 1430 2064 ma
1448 2034 1613 2065 Thomam
1632 2041 1817 2066 mutuatum
1836 2045 1903 2066 esse
1919 2045 1956 2066 ex
1972 2035 2072 2076 ipsius
2091 2036 2237 2067 Halensis
2257 2037 2451 2080 Theologica

1377 2078 1511 2110 Summa
1535 2077 1726 2110 contendis?
1760 2080 1795 2110 Id
1817 2089 1893 2110 vero
1924 2081 2093 2121 quomodo
2117 2079 2256 2121 probas?
2290 2082 2376 2120 Quia
2399 2092 2451 2113 ea-

1377 2123 1466 2161 dem,
1495 2123 1601 2165 inquis
1614 2147 1622 2162 ,
1653 2123 1830 2164 Scripturae
1859 2124 1948 2163 loca,
1977 2125 2088 2155 eadem
2111 2125 2293 2156 testimonia
2319 2126 2451 2158 Patrum

1377 2168 1552 2209 eademque
1572 2168 1732 2199 doctrinae
1752 2168 1959 2200 fundamenta
1977 2169 2010 2199 in
2029 2169 2206 2211 utriusque,
2226 2170 2373 2202 Halensis
2396 2181 2450 2202 an-

1376 2212 1522 2253 tiquioris
1545 2220 1576 2244 et
1594 2213 1727 2243 iunioris
1751 2213 1930 2254 Aquinatis‚
1953 2214 2153 2255 reperiuntur
2175 2214 2319 2246 Summa.
2339 2217 2450 2257 Appo-

1376 2257 1562 2288 sitissimum
1586 2264 1632 2288 est
1654 2257 1774 2288 Natalis
1797 2257 1966 2288 Alexandri
1990 2268 2181 2300 responsum
2208 2259 2281 2290 loco
2305 2260 2451 2301 superius

1377 2301 1486 2333 citato:
1515 2315 1529 2330 α
1547 2302 1671 2333 Scilicet
1693 2302 1888 2343 Scripturam
1912 2312 2032 2334 sacram
2058 2313 2094 2334 ac
2116 2304 2222 2334 Patres
2240 2304 2363 2336 Doctor
2384 2307 2450 2336 An-

1378 2359 1392 2374 »
1415 2346 1534 2386 gelicus
1557 2356 1658 2388 aeque
1688 2356 1754 2377 non
1779 2347 1976 2388 pei-volverat
2003 2357 2039 2379 ac
2067 2346 2232 2379 Halensis?
2259 2350 2372 2391 Aeque
2395 2349 2451 2381 ad-

1378 2403 1393 2418 »
1416 2390 1558 2422 miranda
1573 2391 1604 2422 vi
1620 2391 1737 2432 ingenii
1753 2391 1947 2423 obiectiones
1963 2402 2029 2423 non
2046 2391 2267 2433 praevidebat?
2282 2393 2450 2436 Numquid

1378 2447 1392 2462 ²
1415 2435 1538 2476 optima
1561 2435 1641 2467 ratio
1666 2436 1847 2467 communis
1871 2446 1919 2467 res
1943 2446 2009 2467 non
2033 2434 2103 2468 est?
2133 2437 2165 2468 Si
2193 2437 2272 2478 quid
2299 2437 2450 2479 ponderis

1377 2492 1392 2508 »
1415 2486 1462 2511 est
1480 2480 1512 2510 in
1528 2480 1577 2511 his
1596 2480 1693 2521 patris
1709 2480 1748 2511 de
1764 2481 1794 2511 la
1813 2481 1904 2522 Haye
1920 2481 2115 2520 ratiunculis,
2139 2482 2247 2513 nullus
2276 2482 2334 2514 erit
2359 2482 2449 2514 theo-

1377 2537 1392 2552 »
1414 2525 1523 2565 logus,
1552 2525 1607 2566 qui
1632 2525 1671 2556 ab
1700 2525 1798 2556 altero
1827 2535 1893 2556 non
1924 2525 1964 2557 sit
1992 2526 2144 2557 dicendus
2173 2526 2345 2568 accepisse:
2374 2537 2450 2559 cum

1376 2581 1391 2596 »
1414 2579 1510 2600 nemo
1534 2569 1584 2609 sit,
1608 2569 1664 2611 qui
1689 2570 1847 2611 aliquibus
1871 2570 2050 2611 Scripturae
2073 2580 2177 2602 sacrae
2200 2577 2231 2602 et
2253 2571 2384 2603 Pati-um
2404 2578 2449 2603 te-

1376 2625 1391 2640 »
1413 2613 1571 2644 stimoniis
1590 2624 1657 2644 non
1676 2621 1794 2653 utatur,
1814 2614 1932 2656 quibus
1950 2614 1983 2645 in
2002 2615 2116 2646 iisdem
2135 2615 2355 2647 controversiis
2371 2626 2449 2647 usus

1375 2670 1390 2685 »
1413 2665 1459 2688 est
1488 2658 1574 2689 alter.
1603 2659 1725 2697 Nemo,
1760 2658 1817 2699 qui
1849 2666 2013 2690 momenta
2044 2659 2188 2699 graviora
2217 2659 2256 2690 ab
2284 2659 2447 2691 haereticis

1375 2714 1389 2729 »
1412 2702 1560 2732 obiectari
1576 2702 1668 2733 solita
1683 2702 1734 2732 vel
1752 2702 1823 2733 trita
1841 2702 1874 2732 in
1903 2702 2019 2733 scholis
2042 2709 2227 2743 argumenta
2243 2713 2310 2734 non
2327 2703 2445 2743 diluat;

1373 2758 1388 2773 2·
1411 2746 1539 2786 propria
1562 2746 1698 2788 quisque
1722 2746 1899 2777 eruditione
1922 2756 1958 2778 ac
1982 2747 2136 2778 methodo
2164 2747 2275 2778 eadem
2298 2754 2446 2788 tractans,

1372 2801 1386 2817 ›
1410 2790 1579 2821 discutiens
1602 2801 1638 2821 ac
1665 2790 1847 2821 edisserens.
1867 2803 1881 2818 »

1437 2834 1564 2875 Vagum
1598 2834 1695 2866 istum
1730 2835 1971 2875 argumentandi
2001 2835 2137 2866 modum
2170 2835 2332 2867 elumbem
2360 2837 2464 2868 dicas-

1370 2885 1401 2910 et
1431 2879 1690 2919 nugacissimum.
1723 2879 1811 2920 Vaga
1834 2879 1965 2921 utique,
1996 2890 2078 2921 quae
2110 2880 2243 2920 proferri
2271 2881 2375 2913 solent
2397 2891 2445 2913 re-

1370 2933 1498 2964 sponsa,
1522 2934 1588 2954 non
1608 2934 1644 2955 ea
1663 2923 1695 2954 vi
1711 2930 1741 2955 et
1764 2923 1901 2955 efficacia
1917 2924 2057 2966 praedita
2081 2924 2191 2964 fateor,
2209 2935 2290 2966 quae
2305 2925 2445 2967 positam

1370 2967 1587 2999 difficultatem
1610 2968 1738 2999 elidant.
1764 2968 1880 3009 Seligat
1903 2968 2041 3000 Lahaius
2065 2969 2233 3000 articulum
2257 2970 2445 3011 quempiam

1370 3022 1407 3043 ex
1436 3012 1634 3053 Theologica
1664 3012 1799 3044 Summa
1822 3013 1989 3052 Halensis,
2013 3013 2069 3055 qui
2096 3023 2170 3044 cum
2201 3014 2268 3055 pari
2291 3014 2445 3046 Summae

1370 3056 1434 3087 divi
1444 3057 1592 3088 Thomae
1608 3057 1740 3088 articulo
1761 3057 1904 3097 collatus,
1915 3057 2001 3088 idem
2018 3065 2166 3099 appareat
2179 3059 2287 3100 quoad
2299 3069 2441 3098 sensum,

1369 3101 1476 3142 quoad
1502 3102 1714 3133 substantiam
1745 3107 1776 3133 et
1803 3102 1989 3143 aliqualiter
2022 3103 2130 3144 quoad
2158 3103 2254 3134 verba
2293 3108 2352 3135 aut
2378 3112 2444 3135 non

1370 3146 1464 3177 valde
1478 3146 1658 3177 dissimilia.
1679 3146 1779 3184 Quod
1796 3154 1957 3187 optamus,
1974 3146 2093 3178 factum
2112 3147 2176 3178 iam
2192 3148 2231 3178 ab
2255 3147 2440 3179 adversario.

1368 3191 1550 3222 Articulum
1576 3191 1750 3222 secundum
1778 3191 1972 3232 quaestionis
1991 3202 2009 3221 c
2026 3193 2132 3233 partis
2156 3192 2286 3223 Primae
2311 3202 2336 3224 a.
2351 3191 2442 3223 Tho-

1369 3245 1440 3266 mae
1455 3235 1684 3266 conferendum
1698 3235 1850 3276 proponit
1867 3246 1942 3267 cum
1960 3237 2099 3267 articulo
2116 3237 2210 3268 tertio
2226 3235 2359 3267 membri
2377 3235 2440 3277 pri-

1369 3279 1425 3317 mi,
1434 3279 1628 3321 quaestionis
1638 3290 1768 3318 Lxxxxv,
1772 3281 1879 3321 partis
1888 3280 2056 3312 Secundae
2065 3281 2279 3322 Theologicae
2289 3280 2440 3312 Summae

1368 3323 1467 3364 ipsius
1482 3324 1642 3355 Halensis:
1659 3334 1742 3366 quos
1757 3325 1837 3355 adeo
1850 3325 1952 3356 verbis
1973 3335 2008 3356 ac
2028 3325 2188 3356 sententiis
2205 3331 2296 3366 putat
2309 3324 2438 3363 similes,

1368 3375 1404 3399 ut
1426 3368 1503 3399 alter
1526 3379 1562 3400 ex
1586 3369 1684 3400 altero
1705 3369 1870 3410 decerptus
1887 3369 1996 3408 fuerit;
2012 3369 2145 3401 iunioris
2161 3379 2276 3410 nempe
2291 3368 2439 3400 Thomae

1367 3413 1517 3444 articulus
1541 3423 1578 3444 ex
1602 3413 1735 3445 articulo
1760 3413 1892 3444 senioris
1915 3414 2094 3445 Alexandri.

1433 3458 1634 3499 Propositam
1669 3458 1834 3500 utriusque
1867 3458 1929 3489 loci
1962 3458 2166 3490 collationem
2198 3466 2339 3488 recusare
2372 3467 2438 3488 non

1366 3501 1447 3533 licet.
1473 3503 1554 3534 Utor
1581 3512 1640 3543 ego
1667 3503 1812 3533 Romana
1836 3502 1982 3544 Operum
2010 3513 2034 3534 s.
2052 3502 2198 3533 Thomae
2222 3500 2360 3532 editione
2385 3512 2438 3532 an-

1367 3557 1410 3577 no
1440 3547 1522 3588 1570
1546 3546 1689 3578 confecta
1714 3547 1770 3579 fol.
1795 3547 1876 3578 Utor
1894 3547 1989 3578 etiam
2007 3545 2251 3588 quadripartitae
2270 3545 2438 3577 Alexandri

1366 3591 1405 3622 de
1429 3591 1524 3622 Hales
1534 3591 1750 3632 Theologicae
1774 3591 1925 3622 Summae
1949 3590 2157 3628 editionibus,
2181 3589 2438 3630 Norimbergensi

1373 3635 1449 3675 1481
1479 3642 1509 3666 et
1531 3635 1611 3675 ¹482
1633 3635 1654 3666 f.
1672 3642 1702 3666 et
1718 3636 1838 3667 Veneta
1867 3636 1946 3677 157⁵
1973 3641 2003 3666 et
2024 3634 2104 3676 1576
2129 3634 2215 3675 apud
2235 3634 2440 3666 Franciscum
