2548 4192
894 277 949 313 IN
980 277 1018 314 S.
1039 278 1281 315 THOMAM
1307 279 1632 326 AQUINATEM

164 359 296 389 animae
313 353 494 391 rationalis,
515 353 607 384 beata
633 354 731 395 Virgo
753 355 955 395 sanctificata
975 355 1134 396 nonfuit.
1158 356 1232 386 Non

163 403 208 433 ita
230 398 451 436 Bromiardus,
482 398 536 438 qui
560 404 632 428 tum
654 398 785 429 adnotat
814 398 1040 430 sanctificatam
1062 399 1233 440 Deiparam

164 447 262 478 fuisse
276 454 340 476 non
355 448 431 473 ante
444 443 514 472 eius
526 443 755 472 animationem
766 465 774 481 ,
799 449 870 473 tum
888 443 975 474 addit
994 443 1076 474 hanc
1090 443 1233 474 eiusdem

162 497 325 531 peractam
346 485 628 517 sanctificationem
651 488 682 517 in
706 496 767 517 sua
791 488 999 524 animatione,
1015 488 1096 518 idest
1110 489 1142 518 in
1160 498 1232 519 con-

162 535 326 565 iunctione
347 532 476 561 animae
499 540 571 561 cum
588 540 731 571 corpore.
757 531 896 563 Invicem
911 531 1092 571 diligentius
1112 538 1233 563 textum

161 577 284 609 articuli
307 586 332 607 11
356 584 506 615 compara
533 585 608 605 curn
630 575 732 605 verbis
755 575 950 606 Bromiardi:
975 585 1042 606 non
1070 575 1162 606 illum
1186 577 1232 607 in-

162 621 357 662 terpolatum
385 625 636 660 corruptumque
665 619 792 649 dixeris:
817 620 872 650 sed
894 620 953 650 ista
975 620 1019 650 ita
1042 621 1231 661 composita,

161 673 199 697 ut
221 674 387 706 perperam
409 673 445 694 ac
468 663 553 693 mala
574 662 637 693 fide
661 670 782 694 textum
801 664 987 704 exprimant.

228 711 368 740 Textum
381 709 479 739 istum
489 706 554 738 fido
570 707 692 738 calamo
707 707 825 738 eisdem
838 717 919 748 pene
928 708 1029 739 verbis
1040 709 1232 750 descriptum

158 754 295 795 legimus
313 753 401 794 apud
417 758 580 783 vetustum
599 758 762 782 auctorem
788 752 956 792 Opusculi,
972 753 1060 793 quod
1079 753 1231 794 Aquinati

159 799 315 831 tributum
330 803 450 838 prostat
463 806 552 827 num.
564 797 631 827 LX.
642 796 692 827 Sic
702 796 797 827 habet
810 796 864 827 ille
882 797 1015 828 articulo
1030 805 1079 828 m:
1101 797 1233 838 Triplex

160 849 210 875 est
230 843 327 873 huius
348 841 611 882 sanctificationis
634 840 776 880 effectus.
799 841 929 872 Primus
957 847 1004 872 est
1031 843 1144 883 culpae
1167 843 1231 873 ori-

158 887 282 930 ginalis
297 887 448 927 expiatio,
465 886 541 926 quia
554 885 766 926 sanctificatio
782 890 828 916 est
842 891 946 916 motus
960 885 1004 916 ad
1017 887 1230 917 sanctitatem.

159 932 323 963 Sanctitas
340 936 460 968 autem,
482 935 517 960 ut
534 929 611 960 dicit
627 929 809 970 Dionysius
823 930 875 960 De
892 930 1010 960 divinis
1027 931 1229 968 Nominibus,

159 982 208 1008 est
229 976 270 1006 ab
293 976 381 1006 omni
403 974 605 1005 immunditia
629 974 729 1004 libera
754 979 784 1004 et
800 973 950 1014 perfecta
974 979 1005 1004 et
1023 976 1153 1005 omnino
1172 976 1231 1004 im-

159 1021 323 1052 maculata
351 1019 520 1050 munditia.
548 1018 644 1048 Haec
670 1023 777 1048 autem
800 1018 1012 1058 sanctificatio
1040 1028 1103 1048 non
1125 1023 1233 1058 potest

158 1065 299 1106 intelligi
311 1069 388 1095 ante
400 1063 647 1094 animationem:
662 1066 728 1091 tum
744 1063 820 1102 quia
834 1062 1046 1102 sanctificatio
1060 1067 1107 1093 est
1121 1072 1230 1092 emun—

157 1110 248 1141 datio
269 1118 291 1139 a
314 1109 427 1148 culpa3
455 1107 550 1146 culpa
573 1110 680 1136 autem
705 1115 769 1135 non
789 1106 972 1146 expellitur,
993 1107 1056 1136 nisi
1067 1116 1132 1146 per
1152 1116 1231 1147 gra-

159 1155 236 1184 tiam
259 1157 392 1193 gratum
407 1151 604 1191 facientem,
632 1150 725 1180 cuius
747 1150 901 1181 obiectum
930 1148 1138 1192 (subiectum)
1167 1160 1231 1180 non

157 1203 221 1235 est,
252 1196 316 1226 nisi
345 1200 498 1226 creatura
522 1193 710 1224 rationalis:
737 1199 803 1224 tum
833 1195 928 1224 etiam
957 1195 1033 1234 quia
1062 1204 1133 1224 cum
1161 1194 1232 1224 sola

156 1246 310 1273 creatura
334 1239 505 1270 rationalis
527 1239 569 1269 sit
590 1238 769 1278 susceptiva
788 1239 913 1278 culpae,
938 1242 1014 1268 ante
1034 1237 1230 1278 infusionem

157 1287 288 1316 animae
300 1284 412 1325 proles
430 1288 581 1323 concepta
602 1292 664 1312 non
685 1287 731 1312 est
747 1283 861 1322 culpae
876 1282 1025 1313 obnoxia.
1043 1282 1127 1313 Hinc
1146 1289 1231 1313 certo

158 1330 243 1360 disce
262 1328 365 1370 qualis
388 1327 469 1358 olim
493 1326 587 1358 fuerit
611 1336 648 1357 ac
671 1336 795 1366 semper
819 1325 952 1356 extiterit
970 1326 1068 1357 sancti
1084 1326 1232 1357 Thomae

156 1377 271 1412 textus,
295 1382 393 1414 quem
416 1378 614 1412 corruptum,
638 1371 760 1412 superis
782 1370 899 1409 invitis,
922 1370 1038 1401 vellent
1057 1381 1092 1402 ac
1115 1370 1231 1401 iactant

156 1427 302 1450 censores
325 1416 518 1447 morosiores
542 1416 650 1457 aliqui.

223 1462 379 1494 Venetam
397 1460 575 1491 Bromiardi
595 1460 768 1492 editionem
784 1459 863 1490 aliae
882 1466 1128 1500 praecesserunt,
1146 1460 1231 1499 Lug-

156 1506 308 1537 dunensis
334 1506 414 1536 1522
439 1514 472 1545 4,
491 1505 765 1546 Norimbergensis
794 1505 876 1535 1518
906 1511 937 1534 et
966 1504 1045 1543 1485
1071 1504 1093 1534 f.
1118 1510 1149 1534 et
1171 1503 1232 1534 alia

155 1550 316 1592 antiquior
348 1550 467 1590 absque
503 1549 577 1580 loco
611 1557 642 1580 et
674 1560 758 1580 anno
792 1556 823 1580 et
854 1548 986 1579 nomine
1018 1549 1229 1590 typographi:

153 1594 272 1637 quibus
299 1594 333 1625 in
361 1594 512 1624 omnibus
536 1595 793 1634 corruptissimus
822 1593 958 1624 occurrit
980 1592 1074 1623 index
1102 1594 1230 1624 Tertiae

147 1640 268 1680 partis,
292 1644 415 1680 quaest.
430 1648 544 1676 xxxvn,
561 1640 654 1669 artic.
675 1649 706 1668 v1
725 1644 755 1669 et
771 1650 804 1669 11.
824 1641 876 1668 An
891 1638 935 1669 ita
953 1638 1120 1669 oscitanter
1138 1638 1229 1668 Tho-

155 1693 227 1714 mae
258 1683 388 1720 locum,
420 1692 519 1723 quem
551 1683 759 1722 exscribebat,
792 1683 974 1714 indicaverit
1004 1678 1229 1714 Bromiardus?

155 1727 304 1758 Florebat
319 1727 366 1757 vir
384 1726 512 1757 illustris
532 1727 661 1757 cadente
680 1728 807 1758 saeculo
826 1728 1082 1768 quartodecimo;
1100 1738 1136 1759 ac
1150 1727 1229 1757 vidit

155 1771 274 1802 saeculi
301 1771 495 1812 insequentis
517 1781 640 1801 annum
669 1773 798 1802 tertium
826 1772 995 1810 decimum,
1016 1771 1042 1802 si
1062 1773 1227 1803 Ludovico

154 1815 373 1847 Valleoletano
396 1814 484 1846 fides.
508 1815 556 1845 De
579 1815 664 1853 loco,
688 1826 786 1856 quem
814 1817 1037 1856 expendimus,
1067 1816 1111 1846 sic
1134 1817 1228 1848 habet

155 1860 288 1892 Iacobus
312 1859 474 1890 Echardus
493 1859 526 1889 in
550 1859 617 1890 eius
636 1859 765 1900 Elogio:
793 1873 808 1888 ‹
825 1861 959 1891 Nullum
983 1860 1061 1891 rnihi
1081 1861 1227 1901 dubium,

156 1916 172 1933 ε
194 1904 274 1945 quin
296 1903 504 1943 interpolatus
528 1903 622 1934 fuerit
643 1903 675 1933 in
700 1904 892 1935 editionibus
915 1905 1060 1937 laudatis,
1082 1905 1117 1935 Id
1140 1907 1226 1937 enim

155 1959 171 1976 ι
193 1947 252 1979 sibi
275 1947 496 1988 permiserunt,
515 1948 698 1987 praesertim
717 1947 750 1978 in
769 1948 949 1988 Germania,
973 1951 1006 1981 in
1027 1951 1227 1981 incunabulis

154 2003 171 2020 ι
193 1991 422 2034 typographiae
444 1992 486 2022 ob
506 1992 677 2022 Decretum
696 1992 832 2024 Concilii
851 1994 1048 2033 Basileensis,
1068 2002 1104 2025 ut
1122 1995 1227 2026 videre

154 2048 171 2064 ι
193 2036 288 2067 estin
303 2036 437 2067 Summa
456 2036 554 2066 sancti
573 2037 768 2077 Raymundi,
785 2037 818 2067 in
837 2039 967 2070 Roberti
987 2039 1111 2070 Holkot
1128 2039 1226 2070 Com-

154 2093 171 2108 »
192 2081 347 2112 mentatio
376 2090 471 2120 super
494 2081 610 2111 librum
634 2081 835 2122 Sapientiae,
860 2082 893 2112 in
924 2083 1002 2114 aliis.
1020 2096 1035 2111 »
1065 2083 1160 2121 Quod
1182 2093 1225 2115 an

151 2130 239 2156 recte
255 2125 387 2166 sactum
419 2123 560 2167 (rursum
583 2125 626 2155 ait
648 2125 700 2156 ille
723 2126 756 2156 in
780 2126 894 2166 Elogio
918 2127 1037 2159 laudati
1065 2126 1224 2171 Holkotii)

145 2179 248 2210 penes
261 2170 428 2200 Summum
443 2169 626 2210 Pontificem
642 2170 794 2201 iudicium
809 2177 884 2202 esto.
901 2171 942 2202 Id
956 2183 1019 2203 non
1029 2174 1226 2213 permiserat

151 2219 258 2244 tamen
283 2213 389 2244 Index
409 2214 576 2244 Romanus
599 2215 632 2244 in
658 2215 843 2246 auctoribus
867 2216 967 2247 Bulla
986 2217 1072 2247 Sixti
1094 2217 1149 2247 IV
1167 2227 1230 2253 an-,

151 2258 339 2295 terior-ibus,
365 2259 501 2289 intactos
523 2268 656 2289 manere
678 2259 798 2290 iubens.
824 2260 908 2291 Hinc
927 2261 1010 2292 edita
1029 2262 1161 2292 demum
1179 2272 1226 2292 re-

150 2302 232 2333 ferre
259 2302 402 2342 exempla
433 2302 512 2332 nihil
541 2303 684 2342 prodest:
714 2304 754 2333 ad
783 2304 931 2346 antiquos
960 2305 1084 2337 codices
1113 2316 1226 2336 manu-

151 2347 285 2387 scriptos
308 2347 534 2377 recurrendum
557 2353 613 2385 est,
638 2354 675 2378 ut
697 2347 774 2388 quid
798 2348 844 2379 illi
868 2350 1049 2390 scripserint
1071 2350 1169 2381 hocce
1192 2351 1225 2381 in

148 2397 338 2432 argumento
361 2398 504 2422 auctores
528 2398 613 2422 certo
636 2391 822 2424 innotescat.

537 2501 746 2549 CAPUT
782 2512 829 2549 v.

150 2607 358 2642 Propitiatorium
380 2608 463 2633 Areae
481 2607 507 2632 in
526 2608 640 2640 quodam
659 2609 783 2634 Summae
807 2609 865 2633 loco
884 2609 975 2634 dicitur
993 2609 1131 2642 lapideum,
1151 2610 1225 2643 prelo

223 2649 332 2669 errante.
351 2643 375 2668 T
376 2643 512 2677 heophilus
532 2644 690 2677 Raynaudus
708 2644 840 2670 refellitur.

154 2742 178 2774 1.
200 2734 300 2817 De
323 2741 441 2772 mendo
465 2747 550 2772 certo
570 2747 799 2782 compertoque
818 2741 978 2781 agendum
997 2747 1044 2771 est
1061 2747 1224 2781 postremo

282 2786 375 2823 loco,
405 2785 495 2826 quod
522 2785 643 2826 aliquas
673 2785 706 2815 in
730 2785 884 2816 editiones
906 2786 1037 2815 Primae
1059 2785 1226 2816 Secundae

152 2830 294 2871 irrepsit,
323 2830 378 2860 ubi
401 2832 500 2860 Areae
523 2830 787 2870 propitiatorium
811 2829 925 2860 dicitur
948 2829 1119 2869 lapideum.
1145 2830 1226 2860 illud

152 2875 252 2905 nimia
275 2873 466 2904 confidentia
489 2881 652 2913 exaggerat
673 2874 783 2905 Petrus
807 2884 826 2903 a
848 2874 938 2904 Valle
962 2874 1078 2912 clausa,
1106 2884 1162 2904 seu
1187 2884 1225 2904 eo

153 2919 214 2949 sub
237 2918 367 2948 nomine
390 2918 489 2948 latens
508 2918 709 2958 Theophilus
728 2918 938 2959 Raynaudus:
963 2928 998 2948 ac
1015 2918 1040 2948 si
1059 2928 1097 2948 ex
1120 2925 1226 2948 mente

155 2968 186 2992 et
213 2962 335 2992 calamo
364 2962 463 2992 sancti
492 2962 640 2992 Thomae
668 2962 824 2993 exciderit.
856 2962 891 2992 Id
918 2972 994 2992 vero
1025 2963 1065 2992 ad
1095 2972 1226 2993 examen

153 3005 338 3036 vocandum
360 3012 416 3036 est.
436 3006 539 3037 Verba
562 3006 674 3044 refero,
698 3016 779 3047 quae
802 3006 958 3037 habentur
975 3006 1010 3036 in
1028 3006 1168 3037 Diatn'ba
1183 3007 1225 3037 VI

155 3050 204 3080 De
213 3049 413 3080 immunitate
423 3049 641 3090 Cyriacorum:
656 3063 671 3078 ι
683 3050 810 3081 Dixerat
819 3057 945 3081 sanctus
954 3050 1098 3081 Thomas
1109 3051 1150 3080 1ae
1160 3051 1226 3089 11³2,

158 3106 175 3122 a»
197 3099 318 3134 quaest.
335 3103 387 3130 en,
403 3093 488 3124 artic.
505 3104 536 3123 rv
552 3094 592 3124 ad
608 3095 638 3124 6:
653 3095 916 3134 Propitiatorium
924 3094 1035 3135 fuisse
1051 3095 1223 3135 lapideum.

158 3150 174 3165 ι
197 3138 269 3168 Hoc
285 3137 430 3167 Thomas
449 3137 487 3167 de
506 3138 669 3168 Lemos...
689 3138 723 3168 in
741 3139 887 3169 Romana
905 3138 1043 3169 editione
1062 3139 1225 3177 Summae,

158 3194 175 3209 ι
198 3182 316 3222 absque
340 3181 405 3211 ulla
427 3188 570 3212 veterum
593 3182 740 3212 codicum
762 3181 824 3213 fide
856 3193 893 3213 ex
920 3193 980 3213 suo
1004 3183 1131 3213 cerebro
1155 3193 1225 3213 mu-

159 3239 175 3254 »
197 3226 285 3263 tavit,
302 3225 382 3255 facta
401 3225 517 3265 lapidis
535 3226 711 3256 mutatione
726 3226 759 3256 in
775 3227 912 3267 lignum.
923 3250 930 3257 .
941 3249 948 3257 .
967 3227 1122 3264 Quamvis
1137 3227 1226 3267 quod

160 3283 175 3298 2
198 3271 316 3301 Lemos
345 3269 451 3307 erasit,
480 3269 596 3300 falsum
619 3277 714 3308 esset;
738 3277 769 3301 et
791 3271 879 3311 quod
902 3271 970 3311 ipse
993 3271 1163 3309 substituit,
1188 3271 1228 3301 sit

158 3326 175 3342 s
197 3314 412 3344 verissimum:
437 3320 544 3343 tamen
566 3314 718 3344 mentitur
739 3314 795 3355 qui
823 3314 867 3345 ait
895 3321 1041 3345 sanctum
1063 3315 1227 3345 Thomam

160 3370 176 3386 ›
198 3358 232 3388 in
251 3368 284 3388 re
303 3357 466 3398 proposita
489 3357 601 3388 dixisse
618 3358 791 3397 veritatem,
811 3365 848 3388 ut
870 3358 899 3388 ei
921 3359 1065 3388 Thomas
1085 3358 1227 3388 falsarius

161 3414 177 3429 ι
199 3402 349 3433 attribuit.
367 3414 382 3429 ν
415 3402 530 3432 Fateor
557 3411 616 3441 ego
638 3402 788 3442 pleraque
811 3408 951 3441 prostare
974 3402 1092 3432 mendo
1121 3402 1228 3432 vitiata

158 3446 244 3487 typis
274 3446 357 3476 edita
386 3445 545 3486 exempla,
576 3446 609 3476 in
636 3445 752 3486 quibus
781 3446 854 3475 loco
885 3445 980 3476 citato
1003 3445 1047 3475 ita
1076 3445 1227 3485 legimus:

159 3491 255 3521 Haec
277 3496 383 3521 autem
407 3491 494 3520 Arca
517 3491 579 3521 sita
602 3495 674 3520 erat
697 3491 781 3520 inter
802 3489 883 3520 duos
908 3489 1089 3526 Cherubim,
1118 3490 1174 3529 qui
1195 3498 1230 3519 se

159 3535 282 3565 mutuis
297 3535 435 3566 vultibus
450 3534 676 3575 respiciebant:
692 3539 722 3564 et
735 3543 834 3573 super
847 3534 966 3563 Arcam
983 3538 1054 3563 erat
1071 3532 1228 3573 quaedam

160 3578 271 3609 tabula
290 3579 428 3619 lapidea,
455 3589 538 3619 quae
561 3578 726 3609 dicebatur
738 3578 1012 3618 propitiatorium,
1029 3577 1138 3607 subter
1155 3577 1228 3606 alas

163 3622 346 3661 Cherubim,
370 3624 464 3664 quasi
485 3623 525 3654 ab
549 3624 625 3663 ipsis
651 3622 821 3653 Cherubim
845 3626 1044 3662 portaretur.
1067 3623 1111 3651 At
1132 3620 1230 3651 hocce

2251 298 2358 325 CCXXI

1286 356 1442 387 mendum
1465 357 1612 389 Thomae
1634 359 1787 400 Aquinati
1811 361 1931 391 auctori
1954 361 2197 393 adscribendum
2224 374 2301 404 esse,
2325 366 2360 395 id

1287 407 1334 431 est
1355 402 1445 441 quod
1468 402 1548 433 nihil
1571 403 1727 434 haesitans
1750 411 1782 435 et
1803 405 1979 445 intrepidus
2002 405 2135 437 inficior.

1354 445 1513 476 Tabulam
1535 447 1617 478 hanc
1640 457 1707 478 non
1729 448 1906 489 lapideam,
1936 460 2048 480 verum
2070 451 2110 481 de
2132 461 2215 482 auro
2238 453 2357 483 mundo

1287 493 1317 519 et
1335 489 1375 519 de
1393 499 1476 521 auro
1491 492 1700 522 mundissimo
1720 499 1943 532 constructam,
1960 494 2210 526 luculentissime
2228 502 2359 527 testatur

1286 542 1372 563 sacer
1394 534 1496 565 Exodi
1518 535 1598 566 liber
1620 536 1721 577 capite
1743 547 1814 576 xxv,
1837 543 1867 568 v.
1894 548 1931 579 17
1957 545 1989 569 et
2011 539 2112 579 capite
2134 550 2248 579 xxxvn,
2271 546 2300 570 v.
2326 541 2356 571 6.

1285 579 1338 606 An
1365 577 1408 607 ita
1431 579 1643 618 perfunctorie
1673 587 1703 611 et
1726 581 1894 612 oscitanter
1924 583 2031 613 divina
2051 583 2200 614 lustrasse
2231 584 2359 625 eloquia

1286 627 1432 670 sanctum
1462 623 1625 654 Thomam
1655 626 1833 665 putaveris,
1867 633 1903 657 ut
1934 627 2167 667 imperitissime
2197 628 2356 668 lapideam

1286 664 1508 697 existimaverit
1540 668 1681 699 tabulam
1712 669 1819 708 illam,
1853 681 1934 711 quae
1974 678 2039 702 erat
2063 673 2327 712 propitiatorium
2340 673 2359 703 P

1286 708 1491 741 Calumniam
1519 712 1669 743 amolitur
1698 723 1830 744 omnem
1856 714 1924 755 ipse
1947 715 2092 746 Thomas
2121 716 2256 747 lectione
2285 727 2295 747 1
2323 716 2358 747 in

1286 760 1381 792 caput
1403 764 1435 784 1x
1458 755 1499 785 ad
1521 756 1699 795 Hebraeos,
1728 758 1783 788 ubi
1806 758 1883 789 haec
1906 759 2000 790 habet
2023 760 2240 791 disertissima:
2264 760 2358 791 Inter

1284 797 1368 828 duas
1386 804 1492 829 autem
1512 800 1594 837 alas,
1611 802 1725 841 quibus
1743 803 1920 843 tangebant
1936 813 1981 842 se,
2003 810 2075 835 erat
2092 805 2202 835 tabula
2218 815 2355 836 aurea...

1285 846 1316 871 et
1339 848 1410 872 erat
1431 846 1687 883 supereminens,
1711 856 1794 886 quae
1816 847 1936 877 dicitur
1956 849 2230 888 propitiatorium.
2251 848 2357 880 Causa

1285 883 1374 915 finita
1397 893 1452 917 est.
1477 887 1620 927 Dignum
1641 899 1717 919 vero
1740 890 2022 929 animadversione,
2047 892 2304 924 Commentarios
2322 893 2356 923 in

1285 928 1366 978 hanc
1395 931 1435 960 ad
1457 931 1620 962 Hebraeos
1643 933 1822 973 Epistolam
1850 935 2048 966 elucubratos
2071 937 2110 967 ab
2133 937 2293 978 Aquinate
2316 947 2356 968 eo

1284 973 1383 1003 v1deri
1406 981 1566 1015 ternpore,
1595 986 1661 1017 quo
1690 977 1809 1017 priores
1833 986 1935 1018 partes
1963 980 2178 1020 Theologicae
2205 981 2356 1012 Summae

1285 1017 1438 1049 scribebat
1472 1019 1523 1049 vel
1554 1020 1648 1050 etiam
1671 1028 1799 1061 postea,
1829 1029 1865 1053 ut
1887 1033 1924 1053 ex
1946 1023 2083 1054 lectione
2106 1035 2116 1054 1
2140 1025 2180 1055 ad
2207 1032 2303 1066 caput
2325 1035 2357 1055 rv

1285 1067 1370 1091 certo
1395 1062 1585 1102 colligimus,
1609 1064 1665 1094 ubi
1688 1065 1745 1095 ait:
1774 1079 1788 1094 α
1806 1066 1854 1096 De
1872 1067 2072 1098 distinctione
2096 1075 2203 1099 autem
2221 1069 2356 1100 istorum

1288 1117 1303 1131 ›
1326 1105 1450 1136 dierum
1464 1105 1511 1148 (in
1522 1108 1679 1138 creatione
1688 1108 1815 1152 mundi)
1831 1110 2040 1142 diversimode
2053 1112 2230 1152 loquuntur
2239 1113 2355 1144 Sancti:

1288 1162 1304 1176 ›
1326 1149 1414 1180 aliter
1429 1151 1515 1181 enim
1531 1152 1644 1192 accipit
1658 1154 1856 1192 Augustinus
1872 1155 1911 1184 ab
1935 1155 2002 1185 aliis
2021 1156 2152 1195 Sanctis,
2176 1157 2256 1188 sicut
2270 1164 2357 1198 patet

1287 1206 1303 1221 »
1325 1193 1436 1225 Prima
1451 1201 1550 1235 parte
1563 1196 1716 1227 Summae
1730 1197 1798 1239 (qu.
1808 1208 1909 1236 Lxxrv,
1925 1206 1980 1230 art.
1989 1209 2014 1230 11
2029 1206 2060 1230 et
2073 1198 2155 1242 111).»
2174 1201 2215 1231 Et
2229 1201 2354 1232 iterum:

1288 1251 1304 1266 ‹
1325 1238 1383 1269 Est
1405 1239 1492 1269 enim
1513 1239 1547 1270 in
1570 1240 1647 1280 ipsis
1671 1239 1834 1283 (operibus
1858 1241 1930 1286 Dei)
1959 1244 2075 1283 duplex
2102 1244 2267 1284 perfectio:
2291 1255 2356 1276 una

1288 1294 1303 1308 ›
1326 1284 1504 1314 secundum
1532 1291 1635 1324 partes
1658 1286 1782 1323 mundi,
1812 1297 1893 1327 quae
1921 1294 1996 1318 sunt
2018 1288 2142 1318 caelum
2165 1296 2196 1319 et
2218 1297 2355 1330 quatuor

1289 1338 1303 1353 ιν
1327 1327 1499 1366 elementa;
1520 1335 1550 1359 et
1565 1329 1642 1359 haec
1658 1330 1828 1360 attenditur
1843 1341 1939 1370 penes
1955 1342 2065 1362 earum
2081 1333 2258 1371 essentiam,
2275 1333 2356 1364 sicut

1289 1383 1304 1398 ι
1326 1372 1459 1402 habetur
1472 1372 1505 1402 in
1519 1373 1630 1403 Prima
1645 1379 1743 1414 parte
1758 1374 1919 1405 Summae.
1930 1387 1944 1402 ι
1964 1378 2015 1406 An
2031 1386 2106 1416 ergo
2121 1377 2170 1407 sui
2186 1377 2356 1408 immemor

1286 1416 1444 1456 scripserit
1467 1417 1499 1447 in
1523 1417 1657 1448 Summa
1685 1418 1829 1448 Thomas
1857 1420 1998 1450 tabulam
2029 1421 2117 1450 illam
2140 1420 2249 1461 fuisse
2276 1422 2355 1461 lapi-

1285 1460 1390 1498 deam,
1411 1471 1510 1501 quam
1532 1461 1605 1491 alibi
1629 1462 1744 1492 eodem
1767 1463 1886 1494 circiter
1909 1470 2053 1504 tempore
2081 1464 2241 1495 verissime
2264 1472 2358 1496 vocat

1285 1505 1449 1535 auream?

1352 1549 1454 1589 Typis
1485 1549 1567 1580 edita
1597 1550 1740 1590 exempla
1773 1557 1882 1581 contra
1913 1552 2049 1582 auctoris
2079 1559 2221 1583 mentem
2250 1553 2358 1584 vitiata

1286 1593 1439 1632 prodiisse
1462 1594 1621 1634 negaverit
1643 1595 1782 1634 prudens
1806 1595 2016 1637 cordatusque
2044 1607 2150 1627 nemo.
2183 1599 2235 1627 An
2259 1597 2356 1638 aliqui

1285 1636 1402 1668 fuerint
1431 1638 1555 1668 codices
1579 1638 1786 1679 manuscripti
1817 1649 1854 1669 ex
1881 1640 1998 1680 quibus
2025 1641 2078 1670 illa
2106 1641 2247 1681 profecta
2271 1648 2356 1679 sunt,

1284 1681 1420 1721 imperiti
1452 1681 1568 1712 librarii
1599 1682 1676 1713 vitio
1708 1682 1894 1722 depravata?
1922 1686 1974 1714 An
2003 1685 2170 1716 erraverint
2197 1685 2261 1723 illi,
2300 1685 2356 1726 qui

1285 1725 1408 1756 codices
1438 1732 1579 1756 vetustos
1614 1727 1859 1757 transcribebant
1897 1729 2122 1769 tradebantque
2150 1729 2356 1770 typographis

1284 1769 1439 1810 descripta
1461 1767 1556 1800 folia?
1586 1770 1756 1801 Servantur
1779 1771 1888 1812 utique
1914 1773 2029 1803 vetusti
2058 1773 2164 1813 plures
2186 1774 2220 1803 in
2244 1773 2355 1804 biblio-

1284 1813 1400 1852 thecis,
1431 1813 1487 1854 qui
1510 1813 1580 1844 labe
1603 1814 1656 1844 illa
1680 1822 1754 1845 sunt
1775 1815 1951 1846 immunes:
1979 1817 2242 1848 Salmanticensis
2269 1818 2355 1858 apud

1282 1857 1567 1888 Bartholomaeum
1596 1869 1615 1888 a
1644 1859 1788 1897 Medina,
1819 1860 2046 1891 Alcanitiensis
2075 1862 2161 1901 apud
2191 1862 2355 1892 Thomam

1282 1902 1493 1940 Madalenam,
1509 1903 1702 1934 Parisiensis
1720 1904 1806 1943 apud
1822 1904 1974 1934 loannem
1992 1905 2185 1944 Nicolaium,
2211 1906 2356 1936 Vaticani

1282 1946 1369 1986 apud
1388 1946 1580 1986 Gregorium
1603 1947 1778 1985 Donatum,
1801 1948 2001 1979 Coloniensis
2024 1949 2139 1990 aliique
2162 1950 2248 1989 apud
2264 1950 2354 1980 Tho-

1282 2000 1370 2020 mam
1393 1990 1576 2029 Gravinam,
1600 1991 1633 2021 in
1656 1992 1772 2032 quibus
1796 1999 1851 2022 aut
1873 2003 1936 2023 vox
1963 1993 2016 2023 illa
2044 1991 2204 2035 (lapidea)
2234 1994 2355 2024 deside-

1282 2041 1367 2065 ratur
1390 2042 1444 2065 aut
1467 2035 1581 2075 legitur
1602 2045 1716 2066 aurea.
1739 2036 1835 2066 Addo
1859 2037 2019 2067 Venetum
2041 2037 2181 2077 optimae
2205 2044 2299 2068 notae
2322 2037 2355 2067 in

1281 2078 1471 2109 bibliotheca
1499 2089 1539 2110 ss.
1566 2080 1692 2110 Ioannis
1716 2086 1747 2111 et
1768 2080 1859 2111 Pauli
1889 2081 2106 2119 adservatum,
2137 2081 2170 2111 in
2199 2092 2265 2122 quo
2293 2092 2355 2112 vox

1281 2123 1393 2153 eadem
1412 2122 1573 2165 (lapidea)
1593 2133 1659 2154 non
1676 2132 1847 2164 comparet.
1866 2125 1995 2155 Initium
2019 2125 2135 2156 codicis
2154 2132 2214 2156 est:
2238 2126 2355 2166 Incipit

1280 2168 1391 2198 Prima
1422 2168 1590 2198 Secundae
1608 2167 1733 2207 fratris
1768 2170 1906 2199 Thomae
1935 2169 1975 2199 de
2002 2170 2129 2210 Aquino
2158 2170 2198 2200 de
2231 2169 2354 2200 Ordine

1271 2211 1423 2253 fratrum
1447 2212 1731 2250 Praedicatorum;
1754 2212 1808 2243 ubi
1831 2213 1941 2243 titulus
1964 2213 2027 2251 ille,
2047 2213 2188 2254 fratris,
2219 2220 2353 2244 aetatem

1281 2255 1398 2287 codicis
1429 2256 1547 2286 indicat
1577 2263 1648 2286 ante
1681 2267 1802 2287 sacram
1833 2257 1932 2296 ipsius
1963 2257 2109 2287 Thomae
2139 2257 2350 2297 apotheosim.

1280 2300 1332 2331 Ad
1355 2300 1449 2339 haec,
1478 2300 1556 2330 labis
1579 2300 1683 2338 illius,
1720 2310 1784 2341 qua
1814 2300 1878 2331 sive
1902 2301 2024 2331 codices
2048 2301 2253 2341 manuscripti
2287 2302 2351 2332 sive

1280 2344 1364 2385 typis
1381 2344 1463 2374 edita
1479 2344 1623 2383 exempla
1638 2344 1745 2374 vitiata
1760 2344 1974 2383 inveniuntur,
1992 2345 2081 2385 origo
2101 2345 2231 2376 fortasse
2247 2345 2350 2384 fuerit,

1280 2398 1379 2429 quam
1406 2388 1517 2428 pandit
1543 2388 1690 2418 laudatus
1718 2388 1889 2419 Nicolaius.
1919 2390 2008 2419 Loco
2039 2399 2154 2429 nempe
2183 2390 2277 2420 citato
2307 2390 2351 2420 sic

1279 2433 1322 2463 ait
1341 2443 1365 2462 s.
1383 2432 1541 2462 Thomas:
1570 2445 1585 2459 ι
1603 2432 1638 2462 In
1657 2433 1859 2463 tabernaculo
1883 2433 1940 2463 tria
1960 2433 2215 2464 continebantur:
2236 2434 2351 2464 scilicet

1282 2489 1297 2503 »
1320 2478 1402 2507 Arca
1420 2476 1627 2514 Testamenti,
1652 2476 1685 2506 in
1709 2486 1772 2517 qua
1791 2483 1856 2507 erat
1875 2487 1954 2507 urna
1976 2487 2070 2507 aurea
2091 2477 2209 2508 habens
2233 2488 2349 2508 manna

1282 2533 1297 2548 »
1320 2527 1351 2551 et
1372 2520 1458 2560 virga
1481 2522 1605 2558 Aaron,
1629 2530 1711 2560 quae
1734 2520 1932 2559 fronduerat,
1957 2527 1988 2551 et
2015 2522 2156 2552 Tabulae
2178 2522 2212 2552 in
2235 2522 2351 2563 quibus

1283 2577 1297 2592 »
1320 2571 1408 2595 erant
1436 2564 1550 2604 scripta
1578 2564 1687 2594 decem
1717 2571 1882 2605 praecepta
1904 2565 1991 2605 legis.
2023 2566 2110 2596 Haec
2140 2572 2248 2596 autem
2270 2568 2351 2596 Arca

1283 2622 1297 2636 »
1321 2609 1379 2639 sita
1402 2615 1467 2639 erat
1489 2608 1570 2639 inter
1598 2609 1679 2639 duos
1708 2608 1899 2647 Cherubim,
1927 2609 1983 2650 qui
2007 2619 2039 2639 se
2062 2610 2182 2640 mutuis
2211 2610 2350 2640 vultibus

1282 2666 1297 2680 a»
1320 2653 1540 2693 respiciebant:
1570 2659 1601 2683 et
1623 2663 1718 2693 super
1740 2655 1856 2683 Arcam
1880 2660 1944 2684 erat
1972 2654 2129 2694 quaedam
2153 2654 2261 2684 tabula
2290 2652 2351 2694 (la-

1282 2710 1296 2724 »
1319 2697 1422 2737 pidea,
1443 2698 1475 2727 in
1493 2697 1652 2727 mendosis
1670 2697 1859 2728 editionibus
1881 2698 1932 2728 vel
1954 2699 2047 2728 etiam
2065 2698 2251 2740 codicibus),
2269 2707 2350 2738 quae

1282 2754 1296 2768 »
1320 2741 1481 2771 dicebatur
1497 2742 1769 2781 propitiatorium.
1789 2754 1803 2769 >v
1823 2741 1903 2771 Fieri
1923 2748 2026 2781 potest
2045 2748 2081 2772 ut
2094 2752 2172 2780 vox,
2192 2742 2347 2782 lapideae,

1279 2785 1312 2815 in
1336 2785 1476 2825 margine
1495 2785 1609 2825 scripta
1628 2795 1644 2815 e
1663 2785 1790 2825 regione
1819 2786 2026 2823 Tabularum,
2051 2786 2084 2815 in
2103 2786 2219 2827 quibus
2239 2786 2348 2816 decern

1279 2836 1445 2870 praecepta
1472 2829 1549 2869 legis
1578 2836 1699 2860 exarata
1726 2829 1864 2867 fuerant,
1901 2831 1939 2860 ab
1968 2830 2115 2869 imperito
2145 2830 2270 2860 librario
2299 2829 2350 2860 vel

1279 2874 1480 2915 typographo
1505 2873 1538 2903 in
1557 2880 1678 2904 textum
1701 2881 1824 2914 recepta
1847 2873 1950 2911 fuerit,
1975 2884 2010 2904 ac
2036 2874 2164 2904 tabulae
2189 2873 2245 2911 illi,
2265 2883 2347 2914 quae

1280 2918 1393 2949 dicitur
1410 2919 1683 2958 propitiatorium,
1708 2918 1852 2958 imperite
1875 2928 1910 2948 ac
1933 2917 2012 2947 falso
2036 2917 2191 2948 attributa.

1347 2963 1384 2993 11.
1410 2963 1477 2992 Iam
1496 2972 1581 2992 error
1599 2962 1746 2992 Thomae
1767 2961 1918 3002 Aquinati
1936 2961 2092 3001 impactus
2111 2961 2143 2991 in
2163 2971 2253 2991 auras
2272 2961 2346 2992 abit.

1280 3006 1367 3043 Quid
1387 3013 1432 3036 est
1454 3016 1542 3043 vero,
1562 3006 1650 3046 quod
1669 3006 1863 3046 Raynaudus
1882 3005 1983 3043 refert,
2006 3006 2156 3035 nomam
2175 3005 2215 3035 de
2233 3005 2347 3036 Lemos

1280 3052 1313 3081 in
1338 3050 1474 3081 editione
1496 3051 1644 3080 Romana
1668 3050 1833 3090 quidpiam
1857 3047 2043 3079 mutavisse?
2066 3050 2132 3079 Nec
2154 3049 2346 3088 Romanam,

1280 3105 1338 3125 nec
1357 3094 1451 3124 aliam
1470 3094 1584 3124 alicubi
1601 3094 1752 3124 Summae
1767 3093 1980 3132 Theologicae
1999 3093 2172 3123 editionem
2191 3093 2348 3124 accuravit

1279 3149 1437 3179 umquam
1460 3138 1638 3168 Lemosius.
1662 3139 1826 3168 Romanae
1849 3137 1979 3177 quidem
2000 3137 2073 3167 anni
2102 3138 2184 3178 1570
2207 3137 2261 3168 fol.
2281 3147 2348 3167 non

1279 3183 1431 3213 Summae
1454 3182 1634 3220 dumtaxat,
1664 3182 1718 3212 sed
1746 3182 1886 3212 omnium
1909 3182 2080 3221 Aquinatis
2112 3181 2253 3221 Operum
2283 3181 2347 3211 edi-

1279 3226 1359 3257 tioni
1373 3226 1535 3266 praefuere
1546 3226 1729 3256 Vincentius
1746 3225 1935 3256 Iustinianus
1950 3235 1986 3255 ac
1995 3225 2138 3255 Thomas
2153 3225 2347 3265 Mauriquez,

1279 3277 1316 3301 ut
1338 3269 1513 3310 praefixum
1541 3270 1634 3300 docet
1655 3270 1702 3300 Pii
1726 3270 1754 3300 V
1778 3269 1915 3299 Romani
1938 3268 2098 3299 Pontificis
2128 3269 2286 3308 diploma:
2311 3278 2347 3298 ac

1280 3315 1444 3344 Romanae
1468 3313 1542 3343 anni
1566 3314 1659 3353 1619.
1677 3323 1757 3354 quae
1776 3313 1879 3343 solam
1898 3313 2060 3343 Summam
2085 3319 2229 3352 praestat,
2254 3322 2345 3342 suam

1280 3357 1423 3387 adhibuit
1439 3357 1633 3396 diligentiam
1652 3357 1822 3396 Gregorius
1841 3357 1995 3387 Donatus.
2016 3357 2119 3395 Pergit
2137 3356 2345 3396 Raynaudus:

1279 3402 1334 3431 Ex
1348 3411 1407 3432 suo
1422 3401 1550 3431 cerebro
1565 3401 1628 3438 ille,
1645 3401 1700 3441 qui
1716 3402 1879 3430 Romanae
1894 3400 2030 3440 praefuit
2045 3400 2184 3437 editioni,
2199 3400 2344 3437 mutavit,

1272 3445 1370 3485 sacta
1394 3444 1510 3484 lapidis
1532 3446 1708 3474 mutatione
1731 3446 1763 3474 in
1788 3445 1923 3484 lignum.
1954 3444 2057 3473 Immo
2081 3453 2140 3473 suo
2163 3443 2215 3473 ille
2239 3453 2276 3473 ex
2295 3452 2345 3473 ce-

1281 3489 1372 3518 rebro
1399 3488 1480 3518 hanc
1508 3487 1626 3527 profert
1654 3488 1880 3525 mutationem,
1908 3497 1989 3528 quae
2019 3487 2131 3517 frustra
2158 3487 2191 3517 in
2215 3493 2348 3527 utraque

1282 3531 1431 3562 recensita
1462 3531 1599 3561 editione
1629 3532 1775 3561 Romana
1804 3531 1978 3572 quaeritur,
2009 3541 2067 3561 nec
2096 3531 2129 3561 in
2159 3531 2227 3561 aliis
2258 3530 2348 3561 editis

1283 3575 1432 3615 exemplis
1456 3575 1558 3605 adhuc
1581 3575 1708 3605 inventa
1731 3582 1786 3605 est.

1350 3620 1492 3650 Fuerunt
1519 3629 1622 3650 sacrae
1653 3619 1829 3660 Scripturae
1856 3619 2038 3659 interpretes
2066 3618 2153 3659 apud
2175 3619 2348 3649 Tostatum
