2788 4204
171 371 185 400 ζ

70 487 80 495 '
94 492 138 508 pao
153 485 228 507 omitt.
244 487 287 506 est.

75 580 83 588 ·
95 585 117 600 c:
124 554 220 606 philiam
238 578 287 600 hia.

74 606 85 616 '⁴
92 605 175 627 Codd.:
184 611 212 626 su
226 606 289 626 stan-

75 632 121 658 tia,
137 638 187 653 exc.
201 637 273 657 Boou.

74 857 284 885 ''acnwrincipium

73 1075 79 1082 '¹
89 1079 202 1103 ARN-om.
218 1074 250 1094 in.
264 1085 279 1088 -

73 1106 86 1121 n
102 1103 178 1121 omitt.
194 1105 230 1121 ea.

69 1292 78 1302 ⁸
90 1297 116 1312 o:
127 1290 283 1319 quadrangu-

70 1317 166 1375 'l'ufl'odd
176 1355 185 1359 -
194 1350 219 1365 r:
229 1349 285 1371 geo—

71 1371 168 1391 metrtts.

70 1715 80 1725 't
90 1720 108 1735 t:
133 1714 157 1735 in
181 1714 282 1735 secundo

70 1740 156 1766 modo;
169 1747 195 1761 L:
211 1741 235 1761 in
250 1747 283 1762 se-

69 1766 144 1788 cundo
159 1769 244 1793 autem,
260 1770 282 1788 et

70 1799 118 1815 om.
133 1799 159 1815 se
173 1793 248 1814 habet.

69 1874 78 1883 ⁸
88 1873 157 1900 Quod
166 1879 193 1894 ex
203 1873 280 1900 codd.y

71 1905 120 1921 exc.
136 1905 160 1924 Q.

69 2034 78 2042 ·
90 2038 222 2053 mannans:
235 2033 281 2054 sci-

69 2065 103 2085 re,
110 2059 150 2080 sed
159 2065 205 2080 non
213 2063 281 2080 recte.

69 2097 79 2101 -
87 2091 239 2111 acor-:nmqs-r:
255 2092 281 2107 u-

69 2114 160 2139 traque.

70 2140 78 2148 ·
90 2145 212 2160 ουεικιεττ
228 2139 281 2170 pri-

68 2171 142 2191 mum,·
156 2172 182 2186 a:
193 2171 280 2193 przma.

69 2223 129 2243 'act
146 2224 171 2242 ut
186 2222 280 2243 subiect.

68 2250 105 2270 est
114 2250 183 2273 tant.,-
197 2255 222 2270 a:
239 2248 282 2269 sed

68 2277 105 2296 est
137 2277 226 2296 tantum
257 2277 282 2296 ul

66 2301 161 2323 subiect.

321 250 394 285 144

315 317 420 366 quod
441 325 495 353 est
514 317 563 354 ita
583 317 806 362 subiectum,
836 315 939 363 quod
960 314 1095 351 nullius
1115 321 1169 349 est
1193 312 1380 359 accidens,

315 370 521 407 substantia
541 378 596 406 est
615 369 640 406 ζ.
662 369 772 406 Unde
792 369 830 404 in
845 368 912 404 illis
928 366 1099 412 scientiis,
1116 377 1280 413 quarum
1295 367 1381 402 sub·
1399 414 1402 417 ι

315 423 453 460 iectum
483 430 539 459 est
570 423 694 470 aliqua
723 421 947 467 substantia,
978 420 1015 456 id
1043 419 1147 467 quod
1177 426 1232 455 est
1260 419 1382 455 subie-

316 485 418 513 ctum
438 477 540 513 nullo
561 475 680 512 modo
703 482 827 523 potest
852 485 933 509 esse
952 472 1091 521 passio,
1122 471 1216 508 sicut
1240 479 1295 508 est
1311 472 1383 508 *in

314 529 553 578 philosophia
562 529 689 576 prima
700 533 726 572 η,
740 535 775 563 et
786 527 823 562 in
833 525 986 562 scientia
996 526 1015 546 ’¹‘
1026 525 1201 570 naturali,
1213 536 1312 572 quae
1328 532 1384 561 est

317 583 364 620 de
384 583 552 619 subiecto
574 582 594 602 ’¹‘
612 580 753 617 mobili.
785 581 827 615 In
846 579 914 615 illis
934 586 1061 614 autem
1082 577 1263 624 scientiis,
1284 590 1382 626 quae

315 643 401 673 sunt
429 636 475 672 de
504 634 688 682 aliquibus
717 632 988 678 accidentibus,
1019 631 1108 667 nihil
1127 631 1302 680 prohibet
1325 631 1380 678 id,

315 688 420 737 quod
432 686 618 736 ¹accipitur
636 694 676 722 ut
695 686 907 722 subiectum
936 692 1108 733 respectu
1127 684 1282 721 alicuius
1296 697 1382 733 pas-

315 741 441 787 sionis,
463 739 581 789 accipi
601 740 714 776 etiam
734 747 775 775 ut
792 738 1012 787 passionem
1033 746 1205 786 respectu
1222 738 1381 774 anterio-

315 795 363 831 ris
383 793 548 831 subiecti.
571 793 656 829 Hoc
675 800 805 828 tamen
824 804 903 828 non
923 791 962 827 in
982 790 1170 828 infinitum
1198 790 1380 840 procedit.

314 849 382 884 Est
402 847 503 883 enim
520 846 698 883 devenire
718 845 768 882 ad
788 844 941 893 aliquod
959 844 1128 892 primum
1140 846 1159 864 θ’
1171 844 1209 881 in
1228 844 1381 880 scientia

313 901 384 947 illa,
414 900 519 948 quod
546 899 596 935 ita
625 898 804 947 accipitur
832 906 872 935 ut
900 897 1123 944 subiectum,
1154 897 1258 946 quod
1278 898 1381 934 nullo

313 953 431 990 modo
452 961 492 989 ut
510 952 654 1002 passio;
676 952 770 988 sicut
788 960 891 1000 patet
910 951 948 987 in
967 950 1243 987 mathematicis
1263 951 1381 987 scien-

312 1007 380 1053 tiis,
402 1019 500 1054 quae
521 1014 606 1043 sunt
626 1005 673 1042 de
693 1005 897 1053 quantitate
928 1004 1104 1040 continua
1122 1005 1183 1041 vel
1209 1004 1379 1041 discreta.

313 1061 588 1108 Supponuntur
616 1059 717 1096 enim
751 1058 823 1095 in*
837 1058 894 1094 his
923 1057 1083 1094 scientiis
1113 1070 1157 1094 ea
1177 1070 1274 1106 quae
1296 1065 1382 1094 sunt

310 1113 434 1162 prima
462 1113 500 1150 in
519 1124 656 1161 genere
677 1111 907 1159 quantitatis;
929 1110 1023 1147 sicut
1051 1111 1184 1156 unitas,
1206 1119 1242 1147 et
1268 1111 1379 1157 linea,

312 1174 348 1203 et
365 1167 579 1214 superficies
599 1174 634 1202 et
653 1165 724 1202 alia
742 1163 973 1202 huiusmodi.
991 1164 1140 1211 Quibus
1159 1164 1379 1213 suppositis,

310 1232 378 1269 per
407 1219 770 1256 demonstrationem
804 1225 1037 1266 quaeruntur
1069 1217 1259 1265 quaedam
1288 1218 1379 1264 alia,

312 1273 406 1309 sicut
433 1272 637 1320 triangulus
657 1272 927 1319 aequilaterus,
948 1270 1175 1319 quadratum
1196 1272 1215 1291 *
1236 1270 1274 1307 in
1293 1283 1380 1318 geo-

311 1325 475 1362 metricis
491 1326 511 1347 *
527 1334 563 1362 et
577 1325 648 1362 alia
667 1324 897 1362 huiusmodi.
920 1324 1030 1370 Quae
1050 1323 1206 1371 quidem
1222 1323 1381 1361 demon-

311 1379 507 1416 strationes
540 1379 647 1427 quasi
676 1378 892 1426 operativae
922 1377 1107 1423 dicuntur,
1127 1384 1168 1412 ut
1197 1384 1251 1413 est
1279 1377 1380 1423 illud,

312 1434 432 1480 Super
460 1438 599 1469 rectam
633 1432 771 1468 lineam
800 1431 927 1467 datam
956 1429 1189 1479 triangulum
1216 1430 1381 1478 aequila-

311 1492 431 1522 terum
461 1486 691 1522 constituere.
723 1485 812 1530 Quo
841 1483 1065 1532 adinvento,
1101 1494 1229 1518 rursus
1258 1483 1305 1519 de
1335 1495 1381 1520 eo

311 1539 458 1587 aliquae
472 1538 668 1587 passiones
682 1538 902 1586 probantur,
920 1536 1014 1572 sicut
1032 1535 1138 1583 quod
1158 1535 1237 1572 eius
1257 1536 1382 1584 anguli

311 1600 396 1628 sunt
427 1593 604 1640 aequales
629 1598 693 1627 aut
717 1590 856 1638 aliquid
883 1588 1115 1626 huiusmodi.
1146 1590 1253 1626 Patet
1271 1589 1382 1637 igitur

311 1645 415 1693 quod
443 1645 646 1692 triangulus
679 1643 718 1680 in
745 1643 871 1692 primo
900 1642 1020 1679 modo
1051 1642 1382 1679 demonstrationis

310 1710 350 1734 se
378 1699 492 1734 habet
518 1706 559 1734 ut
581 1698 720 1746 passio,
751 1697 789 1734 in
810 1695 1014 1733 secundo*
1029 1708 1068 1732 se
1097 1696 1212 1732 habet
1238 1704 1279 1732 ut
1296 1697 1381 1733 sub-

310 1752 455 1788 iectum.
478 1751 590 1788 Unde
611 1750 864 1799 Philosophus
882 1749 943 1786 hic
973 1749 1226 1798 exemplificat
1254 1750 1300 1786 de
1321 1750 1381 1786 tri-

309 1805 446 1852 angulo
475 1813 516 1841 ut
545 1812 599 1841 est
621 1804 771 1852 passio,
802 1816 880 1840 non
904 1811 944 1840 ut
969 1811 1024 1839 est
1041 1803 1261 1849 subiectum,
1293 1815 1381 1840 cum

311 1858 397 1895 dicit
425 1858 530 1906 quod
555 1858 575 1878 '¹‘
603 1858 649 1894 de
681 1857 872 1907 triangulo
901 1861 1045 1905 oportet
1066 1856 1260 1905 praescire
1291 1868 1381 1905 quo-

310 1911 413 1948 niam
442 1913 513 1948 hoc
539 1911 738 1960 significat.

364 1965 399 2001 6.
430 1964 529 2001 Dicit
558 1963 671 2000 etiam
700 1963 805 2011 quod
833 1962 1024 2011 quaedam
1054 1970 1139 1999 sunt
1168 1962 1214 1999 de
1244 1962 1381 2010 quibus

311 2025 459 2066 oportet
492 2017 678 2066 praescire
698 2018 718 2039 '¹‘
736 2024 944 2064 utrunque,
981 2015 1119 2053 scilicet
1150 2015 1240 2064 quid
1265 2021 1320 2052 est
1347 2023 1382 2052 et

310 2071 398 2119 quia
418 2077 480 2108 est.
511 2071 560 2107 Et
579 2070 832 2119 exemplificat
852 2070 899 2106 de
921 2069 1059 2107 unitate
1086 2081 1184 2117 quae
1207 2076 1262 2105 est
1279 2068 1380 2118 prin-

311 2124 450 2172 cipium
475 2125 494 2146 *
513 2123 551 2161 in
586 2124 691 2160 omni
726 2135 863 2171 genere
898 2122 1124 2171 quantitatis.
1165 2122 1244 2158 Etsi
1279 2122 1380 2159 enim

310 2177 436 2225 aliquo
471 2177 591 2214 modo
630 2177 675 2213 sit
712 2176 887 2213 accidens
922 2184 1095 2225 respectu
1129 2175 1379 2222 substantiae,

309 2238 438 2267 tamen
453 2230 491 2267 in
506 2230 666 2267 scientiis
682 2229 970 2275 mathematicis,
984 2237 1185 2278 quaesunt
1200 2228 1247 2266 de
1262 2241 1380 2277 quan-

309 2284 426 2330 titate,
458 2297 536 2321 non
555 2291 679 2333 potest
707 2283 827 2332 accipi
855 2291 895 2320 ut
916 2283 1058 2332 passio,
1086 2282 1153 2319 sed
1168 2290 1209 2319 ut
1225 2283 1245 2303 '¹‘
1261 2282 1381 2319 subie-

504 2379 510 2398 l

310 2423 367 2449 dist.
379 2431 422 2454 x11,
437 2431 481 2456 qu.
495 2431 512 2453 i,
532 2423 602 2448 artic.
616 2430 647 2453 11,
667 2422 826 2455 quaestiunc.
846 2430 855 2447 1
876 2423 907 2447 ad
931 2431 957 2447 1:
977 2423 1138 2448 Proximum
1157 2423 1302 2448 subiectum
1316 2429 1380 2455 qua-

309 2459 395 2484 litatis
406 2459 555 2491 corporalis
569 2461 609 2483 est
624 2458 767 2490 quantitas,
782 2458 851 2483 sicut
865 2458 1016 2491 superficies
1029 2459 1133 2484 coloris.
1148 2458 1181 2483 Et
1193 2458 1219 2483 in
1234 2458 1285 2491 Qq.
1296 2458 1380 2491 dispp.

310 2495 352 2520 De
376 2494 506 2523 veritate,
535 2502 580 2526 qu.
602 2501 650 2518 xxv
676 2493 717 2518 De
735 2493 923 2522 sensualitate,
953 2494 1021 2519 artic.
1042 2501 1058 2518 v
1081 2494 1113 2518 ad
1141 2501 1170 2518 ιε
1200 2503 1212 2516 «
1230 2493 1381 2518 Subiectum

310 2538 325 2554 >›
341 2530 449 2554 alicuius
469 2534 509 2554 est
526 2530 626 2562 duplex,
642 2528 746 2559 scilicet,
755 2529 876 2560 primum
892 2534 917 2553 et
930 2529 1133 2558 secundarium5
1151 2529 1217 2554 sicut
1230 2528 1381 2562 superficies

312 2575 324 2589 ι
341 2570 382 2590 est
394 2565 509 2598 primum
524 2564 669 2589 subiectum
684 2564 787 2594 coloris,
802 2571 895 2596 corpus
910 2569 995 2589 autem
1011 2564 1200 2595 secundarium,
1214 2564 1240 2589 in
1253 2568 1381 2597 quantum

311 2610 325 2625 »
341 2601 476 2625 subiicitur
494 2598 646 2632 superficiei.
658 2608 672 2622 ι
692 2599 862 2624 Auctoritates
878 2607 940 2631 ergo
953 2607 982 2624 ex
1001 2600 1072 2625 hisce
1091 2600 1199 2624 diversis
1214 2600 1276 2624 locis
1292 2599 1381 2624 citatae

309 2636 396 2661 favent
415 2635 518 2660 lectioni
538 2635 640 2665 Pinnae,
660 2633 866 2666 confirmantque
879 2635 1000 2667 primum
1020 2642 1079 2660 esse
1098 2635 1255 2660 sumendum
1271 2642 1319 2668 pro
1332 2635 1382 2659 im-

310 2671 456 2697 mediatum
475 2671 516 2695 vel
537 2670 707 2703 proximum.
733 2670 784 2694 Sed
803 2670 874 2702 quod
894 2670 945 2695 tale
963 2675 1003 2695 est
1021 2670 1112 2695 dicitur
1130 2670 1207 2695 etiam
1221 2670 1380 2702 proprium,

309 2712 338 2732 ut
357 2707 432 2732 codd.
451 2706 547 2731 habent
565 2705 615 2730 hoc
634 2706 705 2735 loco,
725 2710 751 2730 et
769 2713 829 2730 cum
848 2705 888 2730 his
911 2705 990 2730 habet
1010 2706 1086 2730 etiam
1102 2705 1180 2730 Piana
1199 2706 1296 2736 lect.x‚
1315 2714 1340 2730 n.
1357 2712 1381 2735 2,

309 2742 387 2767 huius
407 2742 472 2766 libri.
482 2756 501 2760 —
513 2741 579 2766 Hinc
599 2741 624 2765 in
646 2741 735 2766 Indice
754 2740 867 2772 generali
887 2741 956 2773 Opp.
969 2748 990 2765 s.
1001 2740 1060 2772 Th„
1074 2748 1130 2765 voc.
1151 2741 1317 2774 Superflcies,
1332 2740 1381 2765 Pe-

309 2783 365 2803 trus
385 2785 400 2802 a
418 2778 549 2809 Bergomo
573 2776 660 2809 ponit:
681 2776 839 2809 Superficies
863 2779 903 2801 est
920 2776 1063 2808 proprium
1082 2779 1109 2801 et
1121 2783 1174 2808 per
1191 2783 1219 2801 se
1236 2776 1381 2801 subiectum

309 2814 428 2838 colorum
434 2819 443 2841 ,-
461 2818 487 2837 et
505 2812 531 2836 in
551 2811 680 2837 solutione
699 2811 769 2836 dubii
782 2818 828 2836 xx:
852 2811 937 2836 Unum
956 2811 1078 2837 accidens
1097 2814 1137 2836 est
1145 2811 1266 2843 primum
1280 2814 1307 2836 et
1315 2817 1381 2843 pro-

305 2848 398 2881 prium
418 2851 444 2873 et
457 2855 510 2880 per
522 2855 550 2873 se
563 2847 708 2873 subiectum
723 2847 834 2872 alterius
851 2847 1003 2876 accidentis,
1016 2847 1085 2872 sicut
1098 2847 1248 2880 superficies
1262 2849 1380 2879 respectu

309 2884 413 2909 coloris.

362 2919 387 2951 ζ)
405 2919 437 2944 Id
448 2922 536 2944 autem
554 2918 626 2951 quod
639 2920 678 2943 est
697 2918 736 2942 ita
749 2917 893 2943 subiectum
908 2923 955 2942 etc.
975 2918 1045 2942 Haec
1059 2917 1146 2942 omnia
1160 2924 1244 2951 usque
1257 2917 1289 2942 ad
1302 2917 1381 2942 verba

311 2955 344 2980 de
356 2955 472 2980 subiecto
485 2954 575 2979 mobili
587 2953 713 2978 inclusive
727 2953 804 2978 editio
820 2953 899 2978 Piana
911 2952 989 2978 habet
1003 2960 1063 2978 cum
1078 2953 1136 2977 edd.
1147 2953 1212 2978 Ven.
1226 2953 1320 2978 saeculi
1333 2952 1381 2977 XV

311 2995 336 3015 et
354 2990 437 3020 codd.‚
449 2994 555 3022 excepto
565 2990 594 3020 B,
605 2989 631 3013 in
644 2996 697 3021 quo
712 2988 847 3013 manifeste
862 2988 973 3021 praefata
986 2988 1065 3013 verba
1079 2988 1176 3013 omissa
1191 2993 1251 3013 sunt
1263 2995 1293 3013 ex
1307 2988 1380 3012 inad-

311 3025 436 3050 vertentia
456 3025 630 3049 amanuensis.
650 3023 753 3048 Etenim
773 3031 793 3048 a.
813 3023 931 3048 Thomas
950 3023 1171 3056 comparationem
1190 3023 1298 3048 instituit
1316 3023 1383 3048 inter

311 3061 431 3085 scientias
450 3068 517 3093 quae
535 3060 631 3085 habent
645 3067 693 3092 pro
707 3059 811 3084 obiecto
829 3067 876 3084 seu
896 3059 1013 3084 subiecto
1028 3059 1207 3089 substantiam,
1222 3063 1248 3084 et
1262 3058 1381 3084 scientias

311 3104 378 3128 quae
397 3096 492 3120 habent
506 3103 554 3128 pro
569 3095 670 3120 obiecto
689 3094 836 3119 accidentia.
855 3094 939 3125 Unde,
957 3102 1015 3119 cum
1030 3095 1110 3119 codex
1123 3094 1266 3128 B'primatn
1281 3098 1380 3127 partem

311 3131 510 3164 comparationis
529 3131 637 3160 omittat,
657 3129 878 3163 comparationem
897 3130 981 3163 ipsam
1000 3134 1026 3155 et
1047 3137 1155 3155 sensum
1175 3130 1304 3155 doctrinae
1323 3137 1381 3163 per-

311 3166 394 3191 vertit.

364 3202 391 3234 η)
413 3202 442 3226 In
457 3200 628 3234 philosophia
644 3201 746 3233 prima.
771 3200 883 3226 Nomine
902 3200 1088 3233 philosophiae
1107 3201 1215 3233 primae
1234 3201 1381 3234 designatur

312 3237 495 3271 metaphysica
510 3237 564 3269 (Cf.
580 3236 644 3261 infra
659 3237 716 3261 lect.
728 3243 781 3267 xxx,
801 3244 825 3260 n.
838 3236 865 3267 5,
886 3236 895 3260 1
911 3236 1024 3270 Phssic„
1041 3236 1098 3261 lect.
1113 3244 1122 3261 1
1141 3243 1170 3261 ac
1189 3236 1247 3261 alibi
1266 3236 1380 3269 passim)

313 3277 338 3296 et
354 3280 420 3305 quae
443 3272 519 3297 etiam
536 3277 643 3297 vocatur
664 3271 768 3296 scientia
787 3279 926 3304 suprema,
947 3276 1074 3304 quatenus
1097 3271 1175 3296 habet
1194 3279 1242 3304 pro
1264 3272 1380 3297 subiecto

312 3314 357 3332 ens
378 3313 404 3332 et
422 3316 452 3332 ea
470 3315 538 3340 quae
557 3312 616 3332 sunt
636 3307 739 3340 propria
759 3307 840 3338 entis,
862 3313 887 3332 et
907 3312 1096 3340 consequenter
1115 3307 1239 3340 principia
1257 3307 1379 3332 omnibus

313 3342 425 3367 scientiis
441 3340 588 3368 commtsnia
607 3342 662 3376 (Cf.
676 3342 741 3367 infra
760 3343 817 3367 lect.
833 3350 897 3372 xvii,
917 3351 942 3367 n.
957 3350 986 3374 4,
1007 3341 1102 3376 seqq.).
1123 3351 1137 3366 α
1150 3342 1275 3374 Quamvis
1294 3347 1379 3368 autem

315 3387 327 3400 ³
348 3378 492 3403 subiectum
506 3378 583 3403 huius
597 3378 717 3403 scientiae
731 3378 902 3411 (supremae)
917 3378 949 3402 sit
963 3385 1010 3402 ens
1025 3385 1172 3408 commune,
1192 3378 1283 3403 dicitur
1293 3383 1380 3403 tamen

315 3423 328 3436 ›
348 3418 400 3438 tota
416 3414 447 3438 de
461 3413 500 3438 his
516 3421 583 3446 quae
602 3419 661 3438 sunt
675 3418 792 3446 separata
810 3422 824 3438 a
844 3413 950 3438 materia
968 3414 1112 3438 secundum
1127 3421 1187 3438 esse
1201 3418 1226 3439 et
1239 3413 1379 3439 rationem:

315 3457 329 3471 »
350 3449 408 3480 quia
424 3449 568 3473 secundum
583 3457 642 3474 esse
653 3454 677 3474 et
687 3448 811 3474 rationem
825 3449 938 3482 separari
954 3449 1071 3474 dicuntur
1085 3456 1137 3473 non
1150 3450 1236 3474 solum
1250 3449 1302 3480 illa,
1312 3456 1381 3482 quae

315 3492 329 3506 a
350 3491 483 3516 nunquam
503 3484 527 3508 in
547 3484 652 3509 materia
671 3491 730 3509 esse
749 3489 875 3517 possunt,
899 3484 965 3509 sicut
983 3484 1053 3509 Deus
1072 3489 1097 3509 et
1115 3484 1300 3510 intellectuales
1319 3485 1380 3509 sub-

316 3527 330 3541 ,
351 3519 458 3543 stantiae
477 3519 604 3552 (Angeli),
625 3520 671 3543 sed
686 3519 761 3544 etiam
776 3519 826 3550 illa,
841 3527 908 3552 quae
922 3524 1034 3552 possunt
1048 3520 1103 3544 sine
1116 3520 1221 3545 materia
1233 3527 1300 3551 esse,
1316 3519 1382 3545 sicut

317 3563 330 3576 2
351 3562 397 3578 cns
417 3561 563 3579 commune.
584 3555 640 3578 Hoc
658 3560 744 3578 tamen
763 3563 814 3579 non
835 3555 1010 3587 contingeret,
1035 3555 1056 3579 si
1080 3563 1094 3580 a
1113 3555 1218 3580 materia
1237 3555 1380 3580 secundum

316 3597 331 3612 ι
352 3596 411 3613 esse
427 3589 609 3621 dependerent.
624 3589 770 3614 Secundum
790 3589 865 3622 igitur
883 3590 930 3614 tria
948 3590 1085 3622 praedicta,
1104 3597 1134 3615 ex
1149 3590 1243 3623 quibus
1258 3590 1380 3623 perfectio

896 229 1280 272 POSTE'RIORUM
1308 233 1738 270 ANALYTICORUM
1769 235 1862 270 LlB.
1895 235 1921 270 I.

1437 318 1536 349 ctum
1565 320 1728 359 tantum,
1751 325 1840 349 cum
1868 312 1907 349 in
1935 314 2009 350 hoc
2038 325 2174 361 genere
2204 313 2294 350 nihil
2323 314 2343 335 *
2370 314 2509 350 habeat

1436 366 1551 414 prius.

1492 431 1527 467 7.
1567 419 1771 456 Rationem
1813 427 1941 456 autem
1976 421 1995 439 ⁴*
2023 419 2244 456 huiusmodi
2285 420 2507 456 diversitatis

1438 472 1611 519 ostendit,
1639 472 1727 520 quia
1747 485 1825 509 non
1851 480 1906 509 est
1925 472 2055 509 similis
2075 473 2214 509 modus
2239 472 2507 510 manifestatio-

1437 525 1494 561 nis
1525 525 1825 574 praedictorum,
1861 525 1999 562 scilicet
2024 526 2223 574 principii,
2250 527 2439 575 passionis
2471 534 2508 563 et

1435 579 1599 615 subiecti.
1626 579 1717 615 Non
1742 575 1850 615 enim*
1869 587 1924 615 est
1944 579 2080 616 eadem
2101 579 2194 616 ratio
2219 579 2441 627 cognitionis
2469 579 2508 616 in

1436 631 1542 680 ipsis:
1559 644 1651 668 nam
1663 632 1853 680 principia
1870 640 2149 680 cognoscuntur
2161 644 2230 681 per
2240 634 2394 670 actum*
2402 645 2507 669 com—

1437 684 1611 732 ponentis
1635 692 1671 720 et
1691 684 1912 729 dividentis‚·
1938 686 2142 722 subiectum
2162 694 2290 723 autern
2321 688 2356 723 et
2378 687 2506 735 passio
2531 699 2549 720 p

1435 749 1505 785 per
1533 745 1660 774 actum
1689 738 2007 786 apprehendentis
2035 739 2137 786 quod
2153 739 2244 787 quid
2262 745 2315 776 est
2332 737 2356 776 ⁶.
2388 739 2506 786 Quod

1436 790 1592 838 quidem
1627 802 1705 827 non
1740 790 1906 827 similiter
1942 791 2122 839 competit
2153 792 2322 829 subiecto
2358 800 2394 829 et
2420 805 2506 842 pas-

1437 843 1550 879 sioni:
1575 855 1662 880 cum
1683 843 1896 880 subiectum
1926 843 2128 880 definiatur
2147 845 2329 892 absolute,
2360 846 2449 893 quia
2468 846 2507 882 in

1437 896 1655 933 definitione
1671 896 1750 933 eius
1765 909 1844 933 non
1857 896 2010 945 ponitur
2023 896 2176 945 aliquid,
2192 898 2298 946 quod
2317 898 2363 934 sit
2375 899 2394 919 *
2405 906 2507 936 extra

1437 949 1638 986 essentiam
1658 949 1790 998 ipsius;
1814 949 1942 998 passio
1970 957 2099 987 autem
2120 950 2297 987 definitur
2326 964 2414 988 cum
2443 952 2506 988 de-

1434 1002 1638 1051 pendentia
1671 1003 1720 1040 ad
1749 1002 1980 1049 subiectum,
2010 1003 2117 1051 quod
2139 1004 2160 1024 *
2192 1003 2231 1040 in
2265 1004 2344 1041 eius
2373 1004 2506 1042 defini-

1435 1056 1536 1093 tione
1571 1055 1734 1105 ponitur.
1765 1055 1889 1103 Unde,
1924 1068 1969 1093 ex
1997 1069 2075 1104 quo
2104 1069 2183 1093 non
2213 1057 2352 1095 eodem
2386 1058 2506 1095 modo

1437 1117 1735 1157 cognoscuntur,
1769 1122 1848 1146 non
1878 1117 1933 1146 est
1960 1109 2101 1147 mirum
2135 1110 2166 1147 si
2195 1123 2328 1148 eorum
2358 1111 2507 1149 diversa

1434 1162 1690 1212 praecognitio
1719 1162 1775 1199 sit.

1490 1217 1525 1252 8.
1556 1216 1704 1253 Deinde
1725 1228 1813 1252 cum
1834 1215 1937 1253 dicit:
1958 1217 2027 1253 Est
2039 1222 2164 1253 autem
2180 1228 2408 1267 cognoscere
2423 1226 2505 1265 etc.,

1436 1269 1661 1306 determinat
1680 1269 1843 1306 modurn
1862 1269 2179 1317 praecognitionis
2202 1282 2247 1307 ex
2261 1279 2367 1320 parte
2391 1271 2507 1321 ipsius

1436 1322 1589 1369 ordinis,
1619 1335 1736 1370 quern
1764 1322 2022 1371 praecognitio
2052 1323 2242 1372 importat.
2264 1325 2332 1360 Est
2366 1324 2469 1361 enirn
2487 1325 2508 1345 *
2535 1336 2544 1345 ·

1436 1376 1576 1423 aliquid
1594 1375 1698 1424 prius
1718 1376 1835 1412 altero
1856 1383 1892 1413 et
1911 1376 2122 1413 secundum
2142 1384 2293 1426 tempus
2319 1385 2354 1414 et
2373 1390 2507 1414 secun-

1436 1429 1529 1465 dum
1558 1437 1744 1466 naturam.
1775 1430 1824 1465 Et
1850 1429 1911 1466 hic
1940 1429 2078 1478 duplex
2106 1430 2202 1467 ordo
2231 1430 2269 1467 in
2287 1431 2508 1480 praecogni-

1435 1481 1537 1518 tione
1557 1481 1854 1519 considerandus
1883 1490 1948 1519 est.
1978 1482 2131 1531 Aliquid
2152 1483 2254 1521 enim
2272 1496 2507 1533 praecogno-

1436 1534 1549 1571 scitur
1570 1534 1664 1571 sicut
1682 1534 1786 1583 prius
1805 1543 1940 1572 notum
1959 1543 2134 1584 ternpore
2147 1543 2167 1573 ⁴.
2197 1538 2247 1574 Et
2265 1537 2313 1574 de
2332 1537 2390 1574 his
2419 1537 2507 1575 dicit

1436 1587 1542 1636 quod
1569 1587 1646 1624 alia
1666 1588 1845 1636 contingit
1861 1589 1882 1610 *
1909 1600 2139 1638 cognoscere
2166 1589 2332 1638 aliquem
2365 1602 2506 1640 cogno-

1434 1646 1595 1678 scentem
1616 1653 1660 1678 ea
1689 1641 1799 1689 prius
1817 1649 2003 1690 tempore,
2025 1654 2142 1690 quarn
2162 1642 2222 1679 illa
2241 1643 2378 1691 quibus
2397 1656 2506 1692 prae-

1437 1693 1615 1742 cognosci
1643 1694 1827 1731 dicuntur.
1858 1695 2062 1742 Quaedam
2090 1696 2507 1744 vero*cognoscuntur

1436 1748 1547 1785 simul
1573 1755 1757 1796 tempore,
1787 1748 1855 1785 sed
1870 1748 1974 1797 prius
1989 1749 2009 1769 *
2028 1756 2173 1786 natura.
2204 1749 2254 1786 Et
2277 1749 2326 1787 de
2345 1749 2403 1787 his
2419 1749 2507 1787 dicit

1435 1801 1540 1850 quod
1564 1801 1803 1849 quorundam
1822 1801 2154 1850 praecognitorum
2186 1802 2300 1840 simul
2332 1810 2505 1852 tempore

1436 1862 1491 1891 est
1509 1854 1680 1902 accipere
1698 1854 1878 1902 notitiam,
1895 1863 1931 1892 et
1949 1855 2099 1892 illorum
2115 1855 2252 1904 quibus
2270 1868 2505 1905 praecogno-

1435 1915 1590 1945 scuntur
1608 1908 1639 1944 *.
2131 1920 2133 1922 ·

1490 1973 1525 2009 9.
1543 1961 1653 2007 Quae
1669 1968 1797 1998 autem
1813 1960 1885 1997 sint
1899 1960 1967 1998 ista
1983 1961 2198 1999 manifestat
2211 1961 2380 1999 subdens
2399 1963 2505 2011 quod

1435 2013 1655 2051 huiusmodi
1683 2021 1769 2050 sunt
1796 2026 2062 2063 quaecumque
2092 2015 2330 2052 continentur
2351 2017 2422 2053 sub
2441 2016 2505 2054 ali-

1435 2067 1573 2116 quibus
1591 2067 1879 2114 universalibus,
1901 2079 2062 2116 quorum
2082 2069 2219 2106 habent
2238 2069 2504 2118 cognitionem,

1435 2121 1530 2158 idest
1567 2120 1614 2158 de
1648 2119 1784 2169 quibus
1821 2128 1956 2158 notum
1995 2129 2051 2158 est
2080 2134 2124 2158 ea
2153 2121 2224 2159 sub
2255 2121 2391 2159 talibus
2421 2122 2506 2160 uni-

1434 2173 1643 2212 versalibus
1682 2173 1874 2211 contineri.
1916 2175 1965 2211 Et
1997 2175 2071 2212 hoc
2111 2175 2131 2196 '⁸‘
2157 2174 2311 2213 ulterius
2347 2175 2505 2213 manife-

1435 2235 1506 2265 stat
1532 2240 1601 2277 per
1630 2228 1860 2276 exemplum.
1891 2227 1993 2264 Cum
2022 2227 2125 2265 enim
2149 2227 2199 2266 ad
2220 2228 2506 2267 conclusionem

1434 2281 1670 2318 inferendam
1691 2280 1789 2318 duae
1803 2280 2084 2330 propositiones
2104 2281 2352 2331 requirantur,
2369 2282 2508 2320 scilicet

1434 2431 1449 2446 ›
1468 2421 1545 2447 huius
1565 2421 1686 2447 scientiae
1704 2421 1850 2453 attenditur,
1870 2421 1977 2446 sortitur
1994 2421 2042 2446 tria
2061 2421 2175 2446 nomina.
2189 2421 2288 2446 Dicitur
2306 2421 2376 2447 enim
2394 2422 2506 2448 scientia

1433 2466 1447 2481 s
1467 2457 1559 2482 divina
1578 2457 1633 2482 sive
1650 2457 1795 2489 theologia,
1815 2457 1841 2482 in
1861 2461 1987 2490 quantum
2006 2456 2149 2490 praedictas
2168 2456 2327 2482 substantias
2346 2458 2505 2489 consideran

1434 2502 1448 2517 »
1468 2493 1668 2527 metaphysica,
1694 2493 1720 2517 in
1738 2497 1867 2525 quantum
1886 2492 2031 2517 considerat
2055 2499 2102 2518 ens
2121 2497 2148 2518 et
2165 2499 2196 2517 ea
2217 2499 2286 2526 quae
2310 2497 2507 2526 consequuntur

1434 2537 1448 2552 s
1468 2528 1554 2562 ipsum
1575 2527 1653 2563 (haec
1671 2528 1741 2552 enim
1756 2532 1826 2553 trans
1846 2527 1953 2561 physica
1972 2527 2136 2553 inveniuntur
2149 2527 2176 2552 in
2189 2527 2232 2553 via
2245 2528 2421 2560 resolutionis,
2439 2528 2507 2554 sicut

1434 2572 1448 2587 ›
1468 2564 1551 2596 magis
1570 2563 1720 2588 communia
1739 2568 1799 2596 post
1818 2563 1905 2588 minus
1925 2561 2104 2598 communia);
2124 2563 2215 2588 dicimr
2233 2567 2320 2588 autem
2334 2563 2428 2596 prima
2441 2563 2505 2596 phi-

1435 2609 1448 2622 »
1467 2599 1596 2631 Iosophia‚
1611 2599 1637 2623 in
1650 2603 1778 2631 quantum
1797 2599 1895 2631 primas
1909 2606 1996 2623 rerum
2011 2605 2104 2623 causas
2118 2597 2264 2623 considerat
2274 2607 2289 2622 s
2310 2597 2396 2633 (Pr-ol.
2406 2599 2432 2624 in
2446 2599 2506 2624 Me-

1433 2633 1585 2669 raptistae).
1604 2634 1675 2659 Haec
1694 2641 1724 2659 ex
1743 2642 1765 2659 s.
1780 2633 1883 2659 Thoma
1902 2638 1928 2659 et
1946 2633 2125 2664 Scholasticis,
2144 2633 2188 2658 ubi
2207 2634 2240 2658 de
2258 2634 2368 2659 diversis
2387 2634 2504 2659 denomi-

1433 2669 1579 2694 nationibus
1592 2669 1713 2694 scientiae
1727 2676 1866 2702 supremae
1875 2676 1964 2694 senno
1973 2668 2024 2693 illis
2034 2673 2096 2694 erat·
2111 2668 2285 2694 Nihilominus
2295 2669 2387 2702 etipse
2400 2677 2422 2694 s.
2431 2668 2504 2694 Tho-

1433 2712 1498 2735 mas,
1517 2709 1546 2729 ut
1563 2705 1724 2735 notavimus,
1743 2704 1953 2738 metaphysicam
1972 2708 2048 2729 vocat
2065 2704 2150 2737 ipsam
2168 2703 2360 2737 philosophiam
2373 2705 2503 2738 primam.

1433 2740 1499 2765 Hinc
1523 2739 1680 2765 recentiores
1708 2740 1757 2764 sub
1785 2739 1918 2764 communi
1937 2739 2147 2764 denominatione
2169 2739 2361 2773 metaphysicae
2383 2740 2505 2766 ordinant

1433 2783 1500 2808 quae
1515 2775 1563 2800 sub
1578 2774 1742 2808 philosophia
1756 2775 1849 2807 prima
1867 2779 1893 2800 et
1911 2774 2046 2808 theologia
2064 2774 2273 2805 recensebantur,
2287 2775 2426 2808 ipsamque
2443 2783 2503 2809 par-

1433 2810 1531 2835 tiuntur
1540 2810 1565 2835 in
1576 2810 1786 2844 metaphysicam
1799 2810 1951 2843 generalem
1967 2807 2046 2844 (quae
2059 2809 2239 2843 complectitur
2253 2810 2463 2844 metaphysicam
2477 2815 2505 2837 et

1428 2845 1626 2879 philosophiam
1640 2845 1759 2878 primam
1778 2846 1952 2878 antiquorum,
1967 2852 2088 2878 quaeque
2105 2845 2204 2870 ratione
2217 2845 2310 2871 obiecti
2329 2854 2344 2871 a
2363 2854 2385 2872 s.
2399 2846 2504 2872 Timma

1434 2881 1568 2914 designati,
1581 2885 1688 2906 vocatur
1701 2879 1854 2916 ontologia)
1875 2885 1901 2906 et
1913 2880 1939 2905 in
1951 2880 2161 2915 metaphysicam
2178 2881 2326 2913 specialem,
2346 2881 2421 2906 cuius
2440 2882 2503 2907 sub-

2536 322 2545 331 ·
2553 321 2640 343 Codd.-
2649 328 2690 344 ro:
2701 329 2747 345 non
2763 339 2767 341 <

2536 348 2629 370 habeat.

2536 427 2627 449 'Autem
2635 434 2662 449 ex
2670 428 2747 456 codd.,

2535 460 2585 475 exc.
2600 460 2623 476 ο.

2536 641 2544 648 ·
2555 645 2732 666 Bounomos?
2741 648 2746 662 :

2530 672 2578 693 per
2597 668 2665 687 actus
2686 672 2748 689 com-

2550 698 2633 718 on.;1:
2644 699 2691 720 per
2700 695 2747 715 acl.

2535 719 2664 740 intellectus
2686 725 2748 741 com-

2530 751 2597 773 pon.,
2608 749 2629 766 et
2639 746 2671 767 its
2680 746 2746 768 intra.

2634 772 2646 797 θ

2535 914 2544 923 ·
2554 919 2582 935 n:
2597 913 2662 941 quod
2669 913 2748 942 signi-

2527 939 2588 967 ficet
2609 941 2697 966 extra;
2724 946 2747 962 ιι

2534 966 2598 993 quod
2611 972 2657 988 non
2671 967 2706 988 sit
2717 966 2748 988 de

2533 993 2637 1014 essentia
2652 993 2712 1015 eius.

2534 1020 2543 1028 ·
2554 1025 2581 1050 ¹³?
2592 1025 2620 1041 eo
2634 1019 2707 1047 quod5
2716 1025 2748 1041 ct:

2533 1051 2599 1073 quta.

2633 1555 2640 1570 ῑ

2535 1608 2543 1617 ·
2557 1595 2748 1632 semme.

2534 1712 2712 1734 ‘autumna

2533 1763 2700 1791 ’Codd.-ro
2723 1768 2746 1787 et

2529 1790 2749 1846 affluendum!

2533 1919 2544 1930 ⁴¹
2558 1924 2590 1941 oa
2605 1924 2653 1941 non
2669 1922 2745 1941 reete:

2533 1947 2715 1974 convocantur.

2533 2193 2749 2248 zenae*

1434 2917 1497 2942 iecta
1517 2921 1577 2941 sunt
1595 2917 1723 2947 mundus,
1742 2916 1823 2941 homo
1842 2921 1867 2942 et
1885 2916 1972 2947 Deus,
1994 2916 2044 2941 hoc
2062 2921 2103 2941 est
2123 2916 2304 2950 Cosmologia‚
2323 2917 2503 2951 hychologia

1426 2960 1481 2977 seu
1499 2952 1713 2985 Anthropologia
1731 2957 1757 2976 et
1779 2951 1924 2985 Titeologia
1943 2952 2084 2977 naturalis.

1482 2986 1506 3021 0)
1522 2987 1658 3020 Principia
1671 2990 1869 3021 cognoscuntur
1877 2994 1930 3020 per
1941 2990 2030 3013 actum
2044 2987 2225 3020 componentis
2239 2992 2287 3012 etc.
2302 2987 2429 3021 Principia
2441 2991 2504 3014 aunt

1433 3023 1532 3048 iudicia
1546 3023 1682 3056 quaedam,
1697 3027 1739 3047 ut:
1756 3023 1918 3055 Impossibile
1929 3026 1970 3048 est
1983 3022 2052 3048 idem
2065 3023 2145 3048 simul
2158 3029 2214 3048 esse
2227 3026 2254 3048 et
2268 3030 2320 3048 non
2333 3030 2402 3053 esse3
2415 3026 2502 3049 totum

1433 3062 1473 3084 est
1485 3058 1571 3084 maius
1584 3058 1699 3091 qualibet
1712 3065 1761 3083 sua
1770 3061 1861 3091 parte,
1874 3062 1900 3083 et
1913 3058 1962 3083 alia
1975 3058 2132 3083 huiusmodi.
2143 3058 2225 3083 Porro
2237 3058 2360 3084 iudicium
2375 3063 2416 3084 eat
2428 3063 2503 3084 aetus

1433 3094 1576 3119 intellectus
1596 3093 1776 3127 componentis
1796 3093 1971 3127 praedicatum
1990 3101 2051 3119 cum
2070 3093 2187 3119 subiecto
2198 3112 2204 3124 ‚
2227 3094 2254 3118 in
2272 3093 2372 3119 iudiciis
2391 3092 2503 3119 affirma-

1433 3129 1505 3158 tivis,·
1523 3130 1565 3154 vel
1584 3129 1719 3154 dividentis
1743 3129 1918 3162 praedicatum
1941 3137 1956 3154 a
1975 3129 2090 3154 subiecto
2101 3148 2108 3160 ‚
2133 3129 2160 3154 in
2179 3128 2278 3154 iudiciis
2302 3129 2427 3162 negativis
2446 3126 2503 3164 (Cf.

1433 3165 1529 3195 Perih„
1545 3165 1588 3190 lib.
1603 3165 1625 3195 Ι,
1645 3165 1702 3190 lect.
1715 3172 1757 3196 ιιι,
1776 3169 1830 3190 not.
1843 3163 1877 3200 ὃ).
1898 3165 1976 3190 Recte
1990 3165 2067 3198 igitur
2080 3163 2222 3190 affirmatur
2234 3165 2306 3198 quod
2319 3165 2444 3198 principia
2457 3171 2502 3190 eo-

1433 3205 1595 3233 gnoscuntur
1613 3207 1660 3233 per
1677 3204 1763 3225 acmm
1787 3200 1967 3233 componentis
1992 3205 2018 3225 et
2042 3199 2215 3225 dividentis.-
2228 3200 2287 3225 Non
2310 3204 2396 3233 potest
2414 3196 2502 3226 aum

1433 3243 1508 3261 mens
1527 3243 1685 3269 componere
1704 3240 1747 3260 aut
1766 3235 1879 3261 dividere
1898 3236 1998 3268 ignota;
2018 3241 2044 3261 et
2061 3235 2120 3261 ideo
2138 3235 2234 3261 iudicio
2247 3236 2347 3269 praeire
2362 3235 2438 3261 debet
2456 3242 2500 3261 αι-

1432 3271 1513 3304 gnitio
1526 3271 1634 3297 subiecti
1648 3275 1674 3296 et
1686 3271 1838 3305 praedicati:
1853 3278 1928 3304 quae,
1943 3279 1977 3296 ne
1990 3271 2016 3296 in
2031 3269 2158 3296 infinitum
2173 3271 2333 3304 procedatur,
2343 3274 2502 3296 necessest

1432 3312 1461 3332 ut
1479 3315 1525 3340 per
1544 3307 1689 3340 simplicem
1708 3306 1943 3340 apprehensionem
1961 3306 2111 3338 habeantur,
2131 3314 2183 3340 qua
2202 3306 2367 3339 cognoscitur
2384 3305 2450 3339 quid
2466 3305 2501 3330 ait

1433 3343 1592 3373 subiectum,
1617 3342 1682 3375 quid
1700 3342 1890 3375 praedicatum,
1913 3342 2094 3375 coniungenda
2112 3349 2159 3375 per
2177 3341 2375 3367 affirmationem
2392 3341 2435 3366 vel
2453 3347 2501 3374 per

1433 3378 1596 3411 negationem
1616 3378 1752 3403 dividenda
1770 3377 1796 3402 in
1814 3377 1917 3402 iudicio.

1486 3412 1505 3448 ι)
1525 3413 1765 3447 Ηαεὲοςηοκίηιν
1782 3413 1851 3439 sicut
1864 3413 1944 3446 prius
1956 3417 2004 3438 etc.
2024 3412 2059 3438 ita
2074 3413 2148 3438 codd.
2162 3412 2284 3443 A86105
2303 3416 2329 3437 et
2343 3411 2416 3436 bene.
2431 3410 2499 3436 Edit.

1433 3449 1511 3474 Piana
1525 3449 1593 3481 legit,
1607 3449 1848 3482 praecognoscitur
1861 3449 1949 3481 prius,
1968 3448 2039 3474 sicut
2050 3448 2131 3481 prius
2149 3452 2198 3474 etc.
2217 3447 2269 3473 Sed
2280 3447 2306 3472 vi
2324 3447 2372 3472 τοῦ
2385 3453 2499 3478 praeco-

1432 3484 1571 3518 gnoscitur
1588 3484 1723 3510 manifeste
1741 3484 1867 3509 redundat
1885 3484 1950 3509 inud
1963 3483 2043 3516 prius
2061 3483 2210 3509 immediate
2224 3481 2497 3516 appositum.—Codd.

1433 3520 1482 3550 alii,
1498 3520 1585 3545 minus
1599 3524 1681 3545 recte:
1700 3519 1870 3553 cognoscitur
1880 3519 1949 3545 sicut
1965 3519 2042 3552 prius
2056 3523 2118 3550 etc.;
2137 3518 2185 3544 sed
2198 3516 2437 3551 praecognoseitur
2450 3524 2498 3550 po-

1434 3555 1502 3580 nitur
1521 3555 1546 3580 in
1562 3563 1642 3587 marg.
1653 3555 1779 3580 cod.M.-
1789 3555 1876 3580 Codex
1895 3554 2001 3588 insuper
2018 3555 2040 3579 B
2058 3554 2084 3579 in
2102 3553 2227 3586 principio
2245 3552 2322 3578 huius
2340 3552 2442 3577 numeri
2461 3552 2498 3577 sic

1434 3590 1507 3623 legit:
1528 3590 1688 3616 determinat
1705 3597 1798 3616 eorum
1811 3589 2041 3623 praecognitionis
2060 3588 2168 3614 modum
2185 3595 2224 3614 ex
2236 3591 2318 3620 parte
2336 3591 2384 3612 etc.
