2548 4192
186 301 315 327 LXXXVI

187 367 293 407 Quid?
321 369 409 409 quod
444 366 616 398 doctissimi
650 364 910 404 Congregationis
949 374 972 393 s.
1000 362 1101 393 Mauri
1130 368 1249 411 ascetae

186 412 379 446 Benedictini
400 412 432 442 in
452 412 533 442 Hist.
548 410 693 441 litteraria
704 409 822 440 Galliae
837 418 894 448 pro
909 407 1048 447 genuino
1063 407 1250 447 Haymoms

185 458 433 489 Alberstatensis
447 456 533 486 soetu
553 455 642 484 illum
662 454 792 489 habent;
807 452 961 491 illumque
976 451 1123 491 Remigio
1142 450 1249 480 Antis-

186 502 364 534 siodorensi
385 499 628 530 adiudicandum
650 503 753 527 censet
772 495 944 526 Casimirus
964 494 1123 534 Oudinus,
1144 502 1179 525 ut
1198 503 1248 524 su-

187 547 292 588 perius
315 546 378 575 iam
403 544 474 574 satis
502 551 658 583 superque
688 540 900 570 disseruimus.
926 538 1067 569 Huiusce
1097 549 1171 570 vero
1197 538 1249 569 de-

186 601 277 622 mum
301 587 526 620 Commentarii
552 597 569 616 a
590 585 762 616 Marchesio
787 583 859 613 editi
884 582 1050 613 collatione
1075 584 1155 614 facta
1175 593 1249 613 cum

187 634 351 667 Garetiana
390 631 526 662 editione
554 630 640 668 ,inter
674 638 769 668 opera
802 626 982 657 Cassiodori
1019 633 1049 657 et
1081 638 1155 658 cum
1184 627 1248 657 Ro-

188 689 281 710 mana
299 678 378 707 inter
396 676 501 715 Opera
522 685 544 704 s.
558 673 713 709 Thomae,
735 681 784 701 eas
804 671 902 700 modo
923 670 1114 702 offendimus
1137 672 1247 702 verbo-

187 733 259 754 rum
283 719 510 760 discrepantias,
535 727 615 758 quae
638 716 670 746 in
695 715 859 746 Garetiana
878 721 951 745 sunt
970 715 1123 754 editione;
1147 716 1247 746 modo

187 767 264 804 illas,
284 775 364 806 quae
387 764 418 793 in
441 764 584 793 Romana
602 761 764 800 leguntur:
785 759 902 799 passim
922 769 996 789 vero
1016 771 1090 791 cum
1110 760 1247 790 editione

187 811 289 851 priore
313 806 516 839 consonantia
540 804 673 835 occurrit
699 804 872 844 eademque
892 810 1044 835 structura
1065 805 1245 835 verborum.

188 856 232 885 Ita
255 851 406 894 perplexis
425 851 512 880 litem
531 850 628 886 hanc,
644 859 724 889 quae
744 858 826 888 opus
846 857 947 877 unum
968 856 1086 887 spectat
1104 849 1247 890 quinque

186 899 353 929 doctorum
381 894 563 925 nominibus
598 892 781 933 insignitum
817 891 1020 931 Cassiodori,
1050 892 1245 934 Haymonis,

186 941 319 981 Remigii
352 937 649 975 AntissiodorensiS,
679 936 836 967 Brunonis
858 937 1005 968 ·Astensis
1034 948 1068 968 ac
1099 937 1246 968 Thomae

184 985 358 1027 Aquinatis,
379 982 569 1023 argumentis
589 991 677 1021 agere
697 981 794 1017 licuit,
816 980 1043 1020 sapientiorum
1062 981 1180 1012 iudicio
1201 981 1246 1011 di—

183 1029 366 1061 rimendam.
400 1028 474 1058 Non
501 1037 566 1057 esse
595 1036 676 1066 opus
705 1025 901 1062 Cassiodori,
934 1027 1076 1057 confecta
1108 1036 1155 1056 res
1189 1032 1244 1056 est.

184 1076 294 1115 Neque
304 1073 449 1103 Thomae
464 1070 708 1101 adiudicandum
724 1069 843 1099 facilius
858 1069 1135 1111 iudicaverim‚qui
1146 1070 1245 1101 Com-

184 1117 352 1149 mentarios
375 1117 407 1146 in
431 1125 550 1146 sacram
569 1114 776 1154 Scripturam,
796 1123 877 1154 quos
896 1123 1063 1154 germanos
1083 1115 1245 1154 novimus,

182 1162 311 1204 proprio
335 1167 432 1191 marte
457 1159 649 1196 conficiebat,
675 1169 710 1188 ex
734 1157 800 1187 aliis
824 1157 992 1190 defloratos
1019 1159 1247 1190 consarcinavit

182 1215 368 1247 numquam.
385 1204 546 1245 Haymoni
570 1203 710 1240 demum,
727 1202 871 1242 Remigio
891 1209 921 1233 et
939 1205 1089 1235 Brunone
1113 1204 1245 1243 reiectis,

181 1251 258 1282 illud
282 1249 459 1280 adiudicant
482 1247 652 1288 peritiores,

250 1295 299 1325 111.
321 1293 559 1333 Expositionem
588 1291 732 1329 alteram,
757 1291 854 1321 Sonet
882 1303 946 1324 vox
974 1298 1047 1331 tua,
1073 1303 1132 1334 pro
1159 1300 1244 1324 certo

182 1340 274 1370 habet
298 1337 469 1368 Casimirus
493 1336 640 1367 Oudinus
664 1335 815 1366 accedere
844 1337 888 1368 ad
917 1337 1096 1368 doctrinam
1126 1343 1157 1369 et
1173 1339 1244 1379 pie-

183 1389 296 1420 tatem,
317 1382 360 1413 ad
378 1382 556 1412 unctionem
576 1380 719 1420 aliasque
742 1379 829 1411 dotes
854 1392 879 1412 s.
896 1382 1034 1413 Thomae
1056 1383 1246 1424 Aquinatis:

183 1438 240 1459 nec
262 1427 434 1458 abliorrere
461 1435 482 1455 a
508 1425 594 1465 stylo
616 1424 737 1455 saeculi
758 1424 851 1454 XIII
873 1428 1009 1458 extremi
1032 1427 1083 1458 vel
1103 1427 1243 1465 circiter,

182 1482 243 1513 quo
265 1471 440 1512 Angelicus
462 1470 584 1500 Doctor
597 1465 726 1509 floruit.
747 1468 911 1501 Liberrimi
930 1471 1068 1502 censoris
1096 1482 1132 1502 ac
1151 1482 1244 1513 saepe

181 1516 306 1547 audacis
329 1515 480 1546 iudicium
499 1513 809 1554 praetermittendum
828 1525 893 1546 non
909 1515 1020 1547 fuerat.
1040 1516 1144 1547 Verba
1163 1526 1244 1558 quo-

181 1571 243 1602 que
266 1566 339 1590 sunt
362 1559 441 1589 Petri
465 1557 598 1589 Pelicani
622 1557 654 1587 in
678 1557 817 1588 Monito:
842 1560 1047 1592 Praesentem
1075 1560 1243 1592 Commen-

181 1605 299 1636 tarium
329 1605 434 1644 magis
460 1603 580 1643 stylum
609 1607 639 1632 et
666 1602 843 1635 doctrinam
872 1614 898 1635 s.
919 1605 1059 1636 Thomae
1082 1605 1245 1637 redolere:

181 1655 211 1680 et
234 1649 360 1685 ordine,
389 1648 605 1688 dispositione,
632 1647 809 1687 partitione
837 1654 868 1680 et
891 1659 978 1681 nexu
1004 1651 1146 1681 omnium
1171 1651 1242 1682 illo-

180 1704 251 1724 rum
275 1702 357 1734 quae
380 1693 411 1722 in
439 1691 579 1722 Canticis
601 1692 822 1731 continentur,
850 1694 1085 1726 evidentissime
1112 1695 1243 1726 demon-

180 1738 280 1768 strari
302 1746 369 1767 esse
390 1745 581 1777 germanum
605 1734 733 1776 foetum
754 1739 837 1769 tanti
854 1739 1015 1770 Doctoris.
1042 1739 1141 1777 Quod
1165 1739 1243 1770 mihi

178 1782 268 1812 liceat
290 1787 510 1820 argumentum
529 1780 636 1820 paullo
655 1780 748 1811 latius
772 1782 948 1823 explanare.
967 1784 1125 1824 Prologus
1145 1783 1244 1816 Com-

180 1825 343 1863 mentario,
363 1834 428 1866 quo
448 1825 486 1854 de
506 1824 638 1864 agimus,
663 1826 873 1865 praemittitur
891 1838 966 1859 cum
985 1827 1123 1860 themate
1143 1839 1180 1860 ex
1199 1829 1244 1860 di-

182 1870 252 1900 vina
267 1869 423 1910 Scriptura
438 1869 618 1909 desumpto,
629 1869 661 1899 in
676 1879 779 1911 eoque
798 1872 897 1903 totius
916 1873 1022 1914 operis
1042 1873 1244 1912 oeconomia,

178 1914 286 1945 titulus
309 1920 338 1944 et
363 1923 478 1954 scopus
502 1913 672 1953 patefiunt:
700 1916 789 1955 quod
813 1916 908 1948 etiam
933 1917 1185 1949 constantissime
1211 1918 1244 1949 in

178 1958 244 1989 aliis
267 1958 411 1999 genuinis
430 1968 464 1988 ac
483 1957 664 1989 indubitatis
683 1959 931 1993 Commentariis
955 1962 1136 2004 exsequitur
1154 1963 1244 1994 Tho-

178 2013 256 2042 mas,
276 2013 311 2033 ex
335 2002 441 2043 aliquo
465 2002 541 2033 sacri
566 2002 683 2044 eloquii
707 2010 792 2036 textu
818 2005 1014 2048 frequentius
1037 2007 1128 2038 initio
1149 2007 1242 2039 facto.

179 2048 228 2078 Ad
252 2047 391 2088 primum
414 2046 535 2078 Cantici
559 2054 653 2088 caput
672 2050 806 2089 accedit,
830 2051 929 2082 totius
953 2051 1077 2083 Cantici
1101 2052 1242 2093 partitio-

177 2101 250 2122 nem
273 2091 374 2130 tradit,
398 2091 538 2131 primum
561 2092 667 2132 ipsum
691 2101 785 2135 caput
809 2095 967 2127 distribuit
992 2096 1024 2127 in
1051 2104 1166 2137 parteS‚
1191 2107 1244 2128 eo-

178 2137 314 2177 demque
324 2136 465 2176 procedit
479 2137 587 2167 ordine
602 2136 634 2167 in
649 2139 851 2179 sequentium
871 2141 1068 2181 expositione
1091 2141 1243 2182 capitum:

176 2190 211 2211 ac
239 2181 382 2211 eamdem
411 2180 477 2211 sine
507 2181 604 2212 dubio
628 2181 659 2211 in
690 2183 756 2214 aliis
781 2184 1029 2216 Commentariis
1053 2186 1245 2217 methodum

177 2231 290 2263 servat,
315 2231 351 2256 ut
378 2225 491 2266 cuique
519 2225 660 2266 singulos
689 2228 869 2269 diligentius
897 2230 1090 2270 percurrenti
1121 2231 1245 2262 innote-

178 2279 260 2300 scere
292 2269 415 2310 poterit.
441 2270 527 2301 Solet
552 2270 675 2303 Doctor
703 2281 828 2305 sanctus
858 2274 1071 2306 dubitationes
1099 2274 1243 2315 iniicere,

178 2313 305 2344 miscere
333 2314 532 2355 quaestiones
561 2325 595 2346 ac
627 2321 727 2348 textus
752 2328 916 2359 opponere
939 2319 1106 2351 Sacrarum
1131 2320 1245 2351 littera-

180 2367 251 2388 rum
270 2358 412 2399 dictaque
441 2370 480 2390 ss.
501 2360 649 2399 Patrum,
676 2362 905 2405 aptissimeque
930 2374 1084 2405 responso
1108 2374 1145 2396 ex
1168 2365 1246 2406 ipsis

182 2402 281 2433 Sacris
303 2402 421 2441 litteris,
441 2404 616 2446 sanctisque
634 2407 788 2446 Patribus,
809 2408 940 2450 ipsaque
959 2409 1139 2450 theologiae
1159 2419 1245 2450 penu

181 2446 370 2488 deprompto
394 2448 557 2479 conciliare
579 2451 701 2482 omnia:
721 2459 752 2483 et
771 2453 846 2484 haec
862 2453 957 2484 habes
979 2453 1075 2485 etiam
1093 2453 1126 2485 in
1146 2454 1245 2486 Com-

179 2491 332 2524 mentario
347 2498 465 2523 nostro.
482 2493 588 2531 Quam
607 2495 712 2526 lucida
730 2507 816 2535 vero,
831 2508 930 2539 quarn
949 2497 1029 2529 mira
1048 2505 1079 2530 et
1097 2506 1246 2531 constans

179 2535 337 2566 doctrinae
348 2538 552 2568 consonantia
566 2540 683 2580 passim
698 2542 890 2583 conspicitur
909 2553 983 2574 cum
1003 2543 1131 2574 caeteris
1145 2544 1246 2586 Aqui-

178 2580 258 2610 natis
282 2579 452 2620 Operibus!
473 2583 558 2614 Loca
576 2584 711 2624 plurima
728 2586 759 2617 in
783 2597 838 2618 ora
859 2587 1048 2628 paginarum
1067 2588 1246 2620 indicarunt

179 2624 323 2663 editores,
347 2635 427 2666 quae
450 2626 578 2658 mirifice
601 2628 634 2659 id
657 2630 814 2662 evincunt.

244 2669 329 2699 Loca
352 2669 417 2700 duo
441 2671 598 2711 proferam
622 2683 680 2714 ego
705 2682 735 2706 et
759 2676 912 2716 expendo.
930 2676 1043 2718 Capite
1062 2687 1084 2715 ι,
1100 2678 1137 2714 ᾗ.
1160 2688 1187 2716 x,
1205 2678 1244 2709 ad

177 2713 230 2743 illa
252 2714 360 2752 verba,
384 2715 523 2746 Meliora
546 2723 621 2748 sunt
645 2718 743 2750 ubera
771 2726 826 2751 tua
851 2722 940 2759 vino,
971 2722 1047 2752 haec
1071 2722 1243 2753 habentur:

181 2757 272 2788 Unde
291 2767 361 2789 cum
381 2759 539 2791 beatitudo
554 2762 815 2804 philosophorum
843 2767 996 2797 consistat
1015 2767 1047 2797 in
1068 2767 1242 2805 intellectu,

179 2802 337 2834 beatitudo
361 2813 435 2834 vero
463 2806 640 2845 spiritualis
666 2810 850 2850 completive
873 2816 903 2841 et
927 2812 1146 2842 consumative
1169 2821 1243 2843 con-

178 2847 269 2878 sistat
292 2848 323 2877 in
349 2848 527 2888 voluntate,
548 2856 583 2882 ut
600 2861 658 2882 suo
678 2853 746 2885 loco
761 2856 882 2894 poterit
902 2855 1067 2887 declarari
1085 2863 1143 2887 etc.
1164 2855 1244 2887 Satis

179 2891 342 2931 perspicue
365 2892 505 2924 doctrina
524 2894 687 2935 indicatur,
707 2908 805 2939 quarn
826 2899 893 2939 ipse
911 2900 1057 2931 Thomas
1076 2900 1245 2932 tradiderat

179 2935 262 2986 iniV
277 2935 355 2966 Dist.
367 2947 447 2975 xmx,
459 2946 577 2978 quaest.
590 2951 610 2978 1,
622 2948 677 2972 art.
687 2953 708 2979 1,
726 2943 922 2984 quaestiunc.
937 2952 972 2975 11:
994 2945 1179 2983 Beatstudo,
1197 2945 1243 2976 in-

179 2989 300 3020 quiens,
311 2990 393 3021 quae
407 2987 453 3012 est
468 2983 598 3015 ultimus
606 2985 690 3026 finis
704 2987 850 3026 hominis,
863 2990 894 3019 in
907 2989 1068 3021 intellectu
1083 2991 1244 3028 consistit;

179 3029 283 3054 tamen
299 3025 332 3055 id
345 3026 428 3066 quod
440 3032 486 3057 est
505 3037 546 3058 ex
558 3035 655 3069 parte
674 3031 857 3071 voluntatis,
869 3034 989 3064 scilicet
1002 3035 1156 3075 quietatio
1175 3035 1244 3066 eius

180 3069 211 3098 in
225 3068 313 3109 fine,
338 3070 422 3110 quod
438 3077 543 3111 potest
570 3073 633 3104 dici
660 3075 842 3115 delectatio,
869 3083 915 3108 est
938 3079 1031 3119 quasi
1050 3078 1244 3119 formaliter

179 3113 337 3152 complens
357 3115 510 3146 rationem
531 3117 742 3151 beatitudinis.
756 3121 844 3151 Paria
859 3122 952 3153 docet
970 3123 1022 3154 ille
1043 3123 1068 3153 1·
1084 3123 1139 3154 11⁸0
1154 3134 1184 3165 q.
1199 3133 1242 3162 tv,

179 3162 233 3186 art.
261 3167 269 3186 1
302 3163 331 3187 et
361 3168 381 3187 11
401 3159 598 3201 maximeque
622 3163 661 3193 ad
685 3174 766 3202 rem,
799 3175 862 3206 qua
886 3167 924 3197 de
953 3167 1016 3207 agit
1040 3167 1134 3199 citato
1159 3167 1243 3199 Can-

178 3200 315 3231 ticorum
329 3201 412 3239 loco,
428 3202 545 3235 faciunt
564 3216 645 3246 quae
669 3208 791 3239 disserit
805 3210 846 3240 11³
862 3211 916 3240 11⁸e
935 3221 989 3252 qu.
1007 3222 1115 3249 ccxxx,
1136 3219 1191 3243 art.
1210 3223 1241 3251 x,

178 3244 233 3295 ubi
256 3251 328 3284 post
352 3245 539 3286 Gregorium
568 3250 720 3290 Magnum
749 3253 806 3284 ait:
837 3254 937 3285 Vitam
964 3257 1241 3297 contemplativam

178 3298 210 3319 m
235 3290 370 3320 caritate
391 3291 454 3321 Dei
472 3294 630 3332 constitui,
652 3297 683 3326 in
703 3303 858 3337 quantum
878 3300 996 3340 aliquis
1014 3310 1056 3331 ex
1074 3301 1243 3333 dilectione

177 3333 240 3363 Dei
263 3334 435 3366 inardescit
462 3337 506 3367 ad
534 3339 602 3369 eius
628 3340 880 3380 pulcritudinem
912 3346 1186 3385 conspiciendam:
1213 3351 1243 3377 et

177 3378 251 3417 quia
275 3380 492 3420 unusquisque
513 3381 690 3414 delectatur
720 3395 790 3416 cum
815 3387 949 3428 adeptus
968 3388 1079 3429 fuerit
1102 3390 1135 3421 id
1157 3390 1244 3432 quod

178 3427 274 3459 amat,
283 3422 352 3453 ideo
363 3424 458 3454 vitam
470 3428 745 3467 contemplativam
757 3433 926 3463 terminari
935 3433 979 3463 ad
987 3434 1240 3473 delectationem,

178 3474 259 3504 quae
279 3472 325 3496 est
344 3468 375 3497 in
395 3468 523 3508 affectu.
544 3471 633 3508 Quae
653 3482 829 3514 sequuntur
847 3477 939 3507 verba
959 3477 1021 3515 illa,
1043 3484 1077 3509 ut
1095 3489 1154 3510 suo
1173 3479 1242 3510 loco

172 3510 291 3547 poterit
312 3510 483 3550 declarari,
504 3514 589 3545 haud
608 3516 685 3547 mihi
705 3518 851 3550 videntur
870 3531 952 3561 opus
972 3522 1111 3562 polliceri
1131 3530 1241 3564 postea

179 3552 351 3591 edendum
375 3556 428 3586 sed
452 3557 627 3590 referuntur
650 3562 689 3592 ad
713 3572 748 3593 ea
772 3574 853 3604 quae
877 3565 909 3595 in
934 3566 1047 3597 eodem
1067 3566 1241 3598 Commen-

178 3596 256 3626 tario
280 3597 464 3647 in·Cantica
488 3602 633 3644 deinceps
653 3606 783 3637 dicenda
806 3608 938 3640 fuerant.
959 3610 1034 3650 Agit
1057 3611 1177 3652 quippe
1202 3611 1242 3643 ci-

180 3645 245 3670 tato
261 3648 360 3680 caplte
374 3653 401 3681 1,
422 3644 456 3679 ὰ.
472 3646 487 3675 3
516 3647 553 3677 de
577 3648 768 3682 beatitudine
783 3661 880 3692 quam
896 3663 1009 3685 omnes
1025 3662 1189 3695 appetunt,
1205 3657 1243 3687 de

911 280 1368 321 DISSERTATIONES
1398 278 1646 315 CRITICAE

1305 358 1467 388 sensilium
1480 358 1642 387 bonorum
1653 354 1833 384 discrimine
1843 363 1878 384 ac
1889 353 2115 393 spiritualium,
2127 354 2230 394 deque
2245 355 2378 386 delecta-

1305 402 1390 432 tione
1405 402 1500 440 longe
1516 399 1680 436 differenti,
1694 408 1776 439 quae
1791 398 1921 427 illorum
1937 397 2142 438 adeptionem
2160 399 2382 441 consequitur:

1305 454 1335 476 et
1359 445 1459 485 capite
1483 455 1520 482 11,
1547 444 1581 479 ᾗ.
1607 444 1622 473 3
1644 450 1674 472 et
1698 452 1785 482 seqq.
1812 442 1892 472 vitae
1913 442 2177 482 contemplativae
2207 450 2238 474 et
2265 444 2384 475 activae

1305 490 1452 520 notiones
1476 487 1606 528 exponit
1629 497 1664 517 ac
1689 486 1888 523 differentias,
1913 485 2078 527 ipsiusque
2103 487 2382 528 contemplationis

1305 533 1505 564 dulcedinem
1529 531 1679 562 declarat:
1705 538 1735 561 et
1757 530 1858 570 capite
1877 541 1909 560 1v
1936 537 2054 561 statum
2081 532 2381 572 contemplantium,

1304 578 1458 608 illustrem
1477 575 1634 606 Ecclesiae
1654 574 1840 605 christianae
1859 575 2043 615 portionem
2063 575 2258 615 considerat,
2279 577 2382 619 deque

1304 622 1431 652 dotibus
1456 630 1569 651 eorum
1593 620 1633 649 ad
1658 619 1857 649 voluntatem
1886 619 2116 660 pertinentibus
2145 628 2327 661 pertractat:
2352 629 2383 653 et

1303 666 1404 706 capite
1424 675 1443 694 v
1465 664 1674 704 multiplicem
1694 664 1974 705 contemplationis
2000 665 2243 696 delectationem
2267 676 2382 707 expen-

1303 710 1358 747 dit,
1379 719 1460 750 quae
1484 708 1516 738 in
1541 719 1608 739 uno
1629 715 1776 739 causatur
1795 719 1831 739 ex
1851 708 2013 740 maiestate
2032 709 2103 748 Dei,
2123 710 2156 741 in
2176 710 2240 741 alio
2259 721 2296 741 ex
2315 711 2381 751 pie-

1302 761 1364 785 tate
1395 761 1426 784 et
1453 753 1485 783 in
1510 753 1573 783 alio
1603 763 1639 783 ex
1663 753 1835 793 sapientiae
1864 753 2091 794 profunditate.
2117 755 2240 786 Similia
2262 756 2382 796 passim

1303 799 1458 828 habentur
1481 804 1550 828 toto
1575 797 1607 827 in
1628 797 1743 838 Opere.
1773 797 1872 835 Quod
1891 798 1917 828 si
1936 799 2097 840 quispiam
2129 800 2301 831 contendat
2326 811 2382 833 au-

1303 850 1422 873 ctorem
1438 842 1543 882 operis
1558 842 1703 882 prodere,
1719 852 1751 873 se
1772 842 1872 873 citatis
1890 843 1994 874 verbis
2008 854 2131 875 novum
2147 845 2278 886 aliquod
2297 855 2382 886 opus

1301 887 1365 918 vita
1389 886 1506 917 comite
1534 886 1745 927 scripturum;
1774 887 1853 917 nihil
1878 887 1983 919 obstat
2010 898 2078 929 quo
2107 889 2214 920 minus
2243 900 2268 920 s.
2291 890 2381 921 Tho-

1302 942 1369 962 mas
1394 931 1563 962 Summam
1582 931 1797 972 theologicam
1821 931 1959 963 indicare
1977 933 2123 964 voluerit.
2154 934 2246 965 Hanc
2272 934 2380 966 elucu-

1301 975 1401 1007 bravit
1424 976 1494 1015 ille,
1519 983 1597 1007 teste
1620 976 1834 1007 Ptholomaeo
1854 977 1991 1008 Lucensi
2010 977 2044 1008 in
2062 977 2182 1009 Histor.
2208 978 2318 1010 eccles.
2343 979 2379 1010 li-

1301 1021 1359 1051 bro
1377 1021 1477 1059 XXII,
1496 1021 1598 1061 capite
1616 1031 1719 1060 xxxix,
1739 1026 1882 1062 tempore
1898 1021 2073 1053 Clementis
2086 1022 2151 1060 IV,
2173 1023 2229 1064 qui
2244 1023 2326 1054 sedit
2339 1024 2379 1055 ab

1301 1075 1386 1095 anno
1417 1066 1496 1096 1265
1519 1066 1559 1096 ad
1579 1065 1678 1096 finem
1697 1066 1772 1096 anni
1797 1066 1879 1097 1268
1892 1090 1900 1105 ,
1921 1073 1952 1098 et
1970 1073 2115 1108 tempore
2135 1068 2315 1099 vacationis
2332 1078 2381 1099 se·

1300 1111 1427 1151 quentis
1451 1120 1553 1151 usque
1573 1111 1612 1141 ad
1632 1111 1846 1151 septembrem
1865 1111 1939 1142 anni
1965 1121 2064 1154 1271,
2084 1117 2115 1143 et
2134 1117 2276 1153 tempore
2300 1112 2379 1143 Gre-

1299 1155 1389 1196 gorii
1401 1155 1439 1185 X
1449 1155 1646 1186 successoris
1659 1156 1806 1186 ultimam
1831 1156 1986 1187 scribebat
1997 1162 2140 1197 partem,
2159 1167 2243 1198 quae
2261 1157 2381 1188 Sacra-

1301 1200 1451 1230 mentalis
1464 1199 1593 1230 dicitur.
1611 1199 1695 1231 Hinc
1706 1210 1781 1231 vero
1792 1200 1818 1230 si
1828 1200 1900 1242 quis
1915 1200 1997 1232 intra
2011 1201 2210 1242 praedictum
2220 1212 2380 1233 annorum

1300 1243 1441 1284 spatium
1465 1244 1621 1285 explanati
1646 1255 1664 1275 a
1688 1245 1763 1275 divo
1787 1245 1917 1276 Thoma
1941 1245 2064 1277 Cantici
2085 1253 2213 1287 tempus
2233 1245 2380 1286 definiat,

1300 1298 1357 1329 per
1379 1298 1432 1318 me
1455 1289 1537 1320 licet.
1558 1289 1651 1327 Quae
1671 1289 1695 1319 si
1716 1289 1759 1320 ita
1782 1299 1815 1320 se
1838 1290 1985 1329 habeant,
2008 1290 2283 1322 evidentissimum
2304 1301 2381 1322 con-

1299 1332 1403 1364 ficitur
1423 1341 1659 1374 argumentum,
1679 1334 1827 1365 eamdem
1850 1341 1960 1366 sancto
1979 1335 2124 1374 Doctori,
2140 1335 2219 1366 dum
2239 1342 2380 1367 extremo

1299 1377 1332 1408 in
1348 1378 1543 1409 monasterio
1558 1378 1780 1409 Fossaenovae
1794 1379 1957 1410 laborabat
1975 1380 2102 1419 morbo,
2122 1390 2221 1421 seque
2235 1380 2301 1411 iam
2315 1380 2381 1411 iam

1300 1422 1494 1453 moriturum
1518 1430 1603 1454 certo
1627 1423 1830 1464 praesciebat,
1851 1434 1918 1455 non
1938 1424 2107 1455 convenire
2133 1425 2378 1466 expositionem.

1367 1467 1474 1498 Locus
1493 1467 1571 1498 alter
1590 1467 1685 1499 citato
1710 1468 1811 1509 capite
1837 1479 1846 1499 1
1872 1469 2009 1500 occurrit
2030 1470 2070 1500 ad
2089 1469 2143 1500 illa
2161 1469 2256 1500 verba
2281 1470 2317 1507 ὰ.
2341 1470 2378 1501 3:

1304 1512 1410 1542 Trahe
1434 1521 1494 1550 me,
1504 1518 1581 1553 post
1599 1517 1631 1543 te
1649 1522 1819 1544 curremus
1837 1519 1896 1544 etc.
1915 1513 1970 1544 Ait
1988 1513 2056 1545 ille:
2072 1514 2273 1552 Notandum,
2292 1514 2381 1556 quod

1298 1565 1416 1597 sponsa
1441 1566 1513 1587 cum
1538 1557 1685 1597 postulat
1712 1567 1748 1588 se
1775 1558 1878 1596 trahi,
1904 1559 2050 1590 nominat
2077 1568 2113 1590 se
2136 1560 2168 1590 in
2192 1559 2378 1601 singulari,

1299 1601 1426 1632 dicens:
1454 1601 1560 1632 Trahe
1582 1611 1633 1632 me
1650 1607 1726 1642 post
1745 1607 1785 1632 te.
1808 1602 1889 1633 Cum
1909 1602 1986 1634 dicit
2004 1603 2189 1634 huiusmodi
2207 1605 2327 1635 tractui
2344 1613 2381 1636 se

1298 1645 1438 1683 obedire,
1464 1647 1610 1677 nominat
1629 1656 1667 1677 se
1690 1647 1723 1677 in
1741 1647 1885 1687 plurali,
1910 1647 2038 1678 dicens:
2063 1647 2253 1679 Curremus.
2276 1647 2382 1680 Cuius

1299 1691 1385 1721 ratio
1408 1695 1465 1728 est,
1491 1692 1567 1732 quia
1586 1691 1678 1722 Deus
1695 1696 1852 1732 quantum
1873 1697 1920 1723 est
1937 1692 1978 1723 de
1995 1702 2042 1730 se,
2063 1701 2129 1724 uno
2148 1692 2242 1726 modo
2261 1693 2382 1732 trahit,·

1299 1736 1375 1775 quia
1398 1735 1574 1772 secundum
1594 1735 1792 1776 Dionysium
1816 1746 1847 1776 4.
1869 1736 1908 1767 de
1927 1736 2050 1768 Divinis
2069 1737 2276 1776 Nominibus,
2295 1738 2382 1770 sicut

1298 1779 1349 1810 sol
1363 1789 1426 1810 non
1447 1781 1658 1818 ratiocinans,
1675 1790 1778 1822 neque
1789 1781 2002 1822 praeeligens
2016 1782 2158 1813 immittit
2179 1782 2292 1813 radios
2303 1791 2382 1814 suos

1298 1824 1464 1855 sensibiles
1492 1829 1550 1856 etc.
1575 1824 1743 1862 Quomodo
1771 1830 1879 1856 autem
1913 1826 2160 1867 intelligendum
2188 1827 2232 1858 sit
2259 1826 2380 1858 dictum

1299 1869 1464 1910 Dionysii,
1490 1874 1521 1900 et
1548 1869 1706 1910 quomodo
1734 1879 1770 1900 se
1796 1870 1914 1901 habeat
1946 1870 2157 1912 uniformiter
2184 1871 2229 1902 ad
2253 1873 2380 1911 omnia,

1299 1913 1377 1944 alibi
1399 1913 1647 1945 declaravimus.
1668 1914 1815 1956 Dionysii
1840 1914 1962 1946 dictum
1985 1915 2047 1946 late
2071 1915 2232 1957 simulque
2255 1915 2380 1957 elegan—

1299 1957 1419 1988 tissime
1448 1958 1641 1989 declaratum
1670 1958 1767 1990 habes
1795 1959 1828 1989 in
1857 1959 1925 1990 eius
1954 1959 2060 2000 operis
2089 1959 2333 1992 Commentario
2361 1971 2380 1992 a

1299 2002 1430 2033 Thoma
1449 2003 1595 2034 confecto
1614 2003 1750 2034 lectione
1766 2003 1790 2042 1,
1805 2013 1841 2035 ac
1861 2014 1969 2035 rursus
1985 2004 1996 2035 1
2012 2014 2091 2045 par„
2106 2014 2161 2046 qu.
2177 2015 2271 2042 nvn,
2287 2011 2343 2037 art.
2362 2015 2373 2037 1

1299 2047 1393 2078 docet
1415 2046 1468 2078 ille
1487 2047 1687 2090 declaratque
1706 2048 1890 2087 bonitatem,
1915 2058 1999 2090 quae
2017 2050 2050 2080 in
2069 2049 2141 2080 Deo
2160 2055 2207 2081 est
2226 2050 2378 2091 simplici·

1299 2097 1350 2122 ter
1373 2097 1404 2123 et
1427 2091 1656 2133 uniformiter,
1689 2094 1722 2123 in
1747 2094 1908 2124 creaturis
1935 2103 2005 2125 esse
2027 2094 2248 2135 multipliciter
2276 2099 2308 2126 et
2329 2094 2378 2126 di-

1301 2137 1402 2167 visim.
1422 2137 1591 2168 Praeterire
1606 2147 1673 2168 non
1688 2137 1771 2176 licet,
1782 2137 1981 2178 praedictum
1997 2137 2131 2170 huiusce
2146 2138 2380 2173 Commentarii

1300 2187 1433 2218 textum,
1457 2181 1587 2212 Thoma
1611 2182 1650 2212 de
1674 2182 1793 2213 Lemos
1813 2182 2006 2214 admonente
2027 2182 2061 2213 in
2079 2183 2235 2224 Panoplia
2254 2182 2382 2216 Gratiae

1299 2232 1392 2256 tomo
1417 2226 1476 2264 lv,
1496 2233 1583 2266 parte
1603 2226 1648 2265 11,
1668 2226 1749 2257 libro
1775 2227 1836 2265 lv,
1856 2227 1958 2268 capite
1977 2237 2047 2267 xvi,
2067 2237 2158 2259 num.
2183 2228 2247 2259 206
2266 2227 2382 2262 audaci

1301 2279 1399 2301 manu
1419 2270 1452 2300 in
1472 2270 1670 2311 superiorem
1689 2271 1864 2302 editionem
1876 2295 1885 2310 ‚
1913 2281 1995 2313 quae
2014 2272 2130 2313 pariter
2152 2272 2307 2314 Aquinati
2326 2271 2381 2304 tri·

1302 2314 1430 2354 buitur,
1457 2314 1620 2346 invectum
1638 2315 1734 2346 fuisse
1761 2315 1794 2346 in
1821 2315 1961 2347 editione
1986 2316 2153 2348 Parisiensi
2181 2317 2255 2348 anni
2285 2317 2379 2360 ¹587.

1302 2359 1539 2400 interpolatoris
1563 2360 1735 2391 consilium
1754 2361 1854 2401 aperit
1877 2361 1945 2402 ipse
1964 2361 2150 2393 Lemosius:
2170 2361 2295 2393 tametsi
2319 2371 2380 2403 pu·

1301 2404 1433 2435 taverim
1452 2414 1524 2444 ego,
1535 2404 1740 2446 iudicemque
1760 2405 1884 2436 nobiles
1902 2405 2051 2437 Thomae
2066 2406 2225 2447 discipuli,
2241 2405 2378 2440 Thomi·

1301 2448 1396 2480 sticae
1411 2449 1450 2479 de
1461 2448 1586 2480 Gratiae
1601 2448 1739 2480 efficacia
1753 2450 1915 2481 doctrinae
1930 2450 2144 2491 preiudicium
2162 2450 2294 2491 irrogari
2307 2450 2379 2485 nulr

1300 2493 1370 2524 lum
1389 2503 1493 2534 posse.
1519 2494 1612 2524 Unde
1631 2504 1706 2525 vero
1726 2494 1981 2526 additamentum
2000 2495 2079 2526 illud
2098 2502 2267 2536 sumptum
2285 2494 2382 2533 fuerit

1301 2538 1462 2579 ignorasse
1486 2537 1610 2569 videtur
1633 2538 1779 2569 Thomas
1802 2539 1842 2570 de
1867 2540 1997 2571 Lemos.

1689 2634 1889 2672 CAPUT
1919 2636 1993 2672 111.

1301 2713 1424 2738 Postillae
1443 2713 1468 2738 in
1489 2713 1614 2738 Genesim
1634 2713 1666 2738 ab
1685 2713 1816 2746 Aquinate
1835 2718 1941 2738 auctore
1966 2721 2020 2738 non
2038 2714 2200 2746 prodierunt.
2215 2714 2308 2748 Neque
2326 2714 2378 2742 Ρι»

1373 2749 1458 2774 stillae
1477 2749 1502 2773 in
1518 2748 1708 2773 Ecclesiasten:
1728 2756 1750 2774 a.
1765 2748 1890 2774 Antonini
1905 2756 2016 2774 censura
2029 2749 2174 2775 vindicatur
2187 2750 2314 2780 adversus
2328 2750 2381 2777 Νι-

1371 2784 1479 2809 zarium.
1490 2784 1531 2808 Ab
1547 2784 1641 2809 eodem
1657 2783 1788 2817 Aquinate
1805 2784 1998 2810 Commentaria
2013 2784 2039 2809 in
2054 2784 2173 2818 quinque
2183 2785 2264 2812 libros
2278 2785 2379 2821 onais

1372 2819 1558 2845 abiudicantur.

1300 2898 1323 2928 l.
1348 2889 1649 2973 Commentaria,
1669 2899 1734 2930 sive
1758 2899 1906 2930 Postillae
1926 2901 1958 2930 in
1981 2899 2141 2938 Genesim,
2162 2901 2195 2932 in
2217 2901 2378 2934 Ecclesia-

1426 2949 1512 2982 sten,
1538 2945 1571 2974 in
1595 2943 1755 2984 integrum
1774 2944 2041 2982 Pentatheucum,
2063 2944 2164 2976 doctis
2183 2945 2379 2987 quibusdam

1298 2986 1372 3017 viris
1396 2988 1637 3027 accurantibus,
1657 2988 1844 3029 prodierunt
1863 2989 1922 3019 sub
1941 2988 2110 3030 Aquinatis
2132 2989 2274 3022 nomine.
2295 2989 2377 3032 Sup-

1298 3031 1420 3072 positos
1444 3043 1504 3074 ego
1524 3032 1629 3064 foetus
1653 3032 1941 3074 pronunciaverim.
1962 3033 2067 3064 Prima
2087 3040 2134 3065 est
2154 3034 2300 3073 Postilla,
2316 3043 2376 3066 seu

1297 3076 1467 3117 Expositio
1499 3087 1602 3108 aurea
1631 3078 1664 3108 in
1696 3077 1813 3108 librum
1840 3077 2015 3116 Geneseos,
2041 3078 2212 3114 litteralem
2244 3088 2377 3112 sensam

1297 3126 1394 3162 atque
1422 3122 1624 3163 spiritualem
1658 3122 1888 3163 complectens,·
1910 3122 2001 3154 cuius
2028 3122 2174 3164 initium,
2197 3123 2296 3156 Liber
2317 3125 2379 3166 iste

1297 3166 1417 3197 dicitur
1441 3166 1584 3197 Genesis.
1604 3166 1707 3208 Typis
1731 3166 1853 3207 vulgari
1877 3166 1970 3208 Opus
1995 3174 2104 3198 sancto
2124 3167 2257 3200 Doctori
2277 3167 2379 3200 tribu-

1298 3217 1368 3241 tum
1400 3210 1522 3251 primus
1560 3211 1680 3242 curavit
1717 3210 1878 3242 Antonius
1916 3211 2015 3252 patria
2052 3212 2210 3245 lusitanus
2243 3211 2374 3244 Ordinis

1298 3255 1436 3286 Praedic.
1457 3265 1494 3286 ex
1523 3255 1673 3296 peculiari
1703 3265 1775 3296 erga
1801 3255 1956 3296 virginem
1984 3256 2191 3289 Catharinam
2219 3257 2258 3288 de
2285 3254 2377 3288 Senis

1298 3299 1469 3330 devotione
1492 3299 1589 3340 vulgo
1619 3299 1721 3331 dictus
1750 3299 1906 3331 Senensis.
1933 3300 1968 3331 ld
1996 3310 2072 3332 vero
2095 3301 2283 3344 praestitum
2310 3302 2376 3332 Au-

1298 3343 1438 3384 tuerpiae
1458 3354 1543 3375 anno
1569 3345 1662 3386 1572,
1678 3344 1710 3383 8,
1726 3345 1812 3385 apud
1831 3344 2003 3383 Bellerum‚
2023 3344 2204 3388 iterumque
2223 3344 2374 3386 Lugduni

1297 3398 1382 3419 anno
1406 3388 1602 3430 insequente.
1623 3389 1743 3420 Decem
1763 3396 1793 3420 et
1812 3396 1934 3430 septem
1954 3389 2109 3423 Romanis
2133 3389 2229 3421 tomis
2248 3388 2377 3421 additus

1297 3439 1343 3463 est
1366 3433 1561 3474 Antuerpiae
1589 3443 1645 3464 seu
1665 3433 1774 3474 potius
1798 3433 1976 3472 Coloniae,
2005 3441 2114 3467 tomus
2137 3433 2239 3466 xvm
2263 3433 2297 3464 in
2317 3432 2373 3464 fol.

1298 3487 1382 3508 anno
1413 3478 1506 3516 1612,
1527 3477 1582 3508 ubi
1607 3485 1728 3519 prostat
1751 3478 1837 3509 idem
1864 3479 1897 3509 in
1924 3477 2072 3511 Genesim
2096 3476 2376 3517 Commentariun

1298 3531 1332 3552 ac
1366 3522 1462 3552 etiam
1494 3522 1527 3552 in
1558 3522 1698 3553 editione
1731 3522 1897 3554 Parisiensi
1934 3532 2020 3555 anno
2061 3522 2143 3554 1636
2177 3521 2302 3563 incepta
2344 3528 2376 3553 et

1298 3575 1382 3596 anno
1404 3567 1486 3597 1660
1508 3567 1677 3607 completa.
1701 3567 1768 3598 Has
1787 3573 1945 3599 memorat
1961 3566 2116 3599 editiones
2130 3575 2243 3597 omnes
2258 3565 2374 3597 Echar-

1298 3610 1367 3641 dus.
1393 3610 1490 3641 Primi
1520 3610 1649 3642 editoris
1672 3611 1805 3642 Antonii
1829 3611 1977 3643 Senensis
2004 3611 2098 3642 verba
2127 3617 2202 3641 sunt
2231 3610 2263 3641 in
2290 3610 2374 3642 calce

1298 3654 1418 3694 operis:
1433 3655 1536 3686 Hune
1557 3655 1832 3686 Commentarium
1853 3656 1885 3686 in
1903 3655 2063 3693 Genesim,
2079 3659 2241 3686 extantem
2262 3655 2295 3685 in
2314 3664 2376 3686 suo
