2788 4204
89 951 98 961 ’
114 949 238 978 Quaedam
248 954 287 969 om
296 963 301 969 .

88 983 103 998 G

88 1035 112 1051 n.
127 1035 147 1051 2.

87 1004 96 1013 '¹
106 992 142 1024 bf.
152 1003 204 1024 lect.
213 1006 299 1029 praec.y

181 1065 198 1080 α

89 1109 99 1120 “
110 1108 146 1130 Cf.
157 1108 209 1129 lect.
217 1114 232 1135 1,
243 1113 267 1128 n.
277 1107 298 1128 8.

89 1758 163 1779 'net

177 1763 191 1778 Α
212 1763 236 1784 p.
253 1762 298 1777 m.:

87 1785 143 1810 (orn.
150 1785 208 1809 esse)
218 1783 300 1804 aliam.

86 1811 98 1822 ⁴
111 1811 203 1832 Comm.
224 1816 244 1830 s.
253 1809 299 1830 Th.

86 1838 138 1859 lect.
147 1836 239 1858 v1.-Ed.
246 1835 300 1857 Did.

87 1864 128 1885 lib.
138 1870 168 1889 ιν,

180 1869 230 1890 cap.
241 1869 264 1883 v.

87 1890 99 1901 ⁸
112 1890 168 1912 Ideo
183 1895 231 1911 om.
242 1895 264 1910 1..

87 1975 98 1986 ³
111 1979 227 1995 nmmos
235 1981 240 1995 ε
257 1973 300 1994 ha-

88 2000 165 2022 beant.

91 2293 99 2302 ⁶
122 2292 210 2319 cap.n

90 2325 157 2367 seqqi

89 2352 110 2367 8.
160 2362 166 2367 .

332 222 406 259 356

328 305 471 334 scientiae.
487 322 505 326 —
522 305 548 333 5.
571 306 640 333 Pars
661 305 750 332 altera
770 304 900 332 lectionis
923 304 967 339 (cf.
991 304 1053 331 lect.
1075 312 1179 339 praec„
1202 311 1230 330 n.
1254 303 1292 337 2).
1312 303 1394 336 Quo-

328 346 419 374 modo
441 354 471 373 se
492 345 595 373 habeat
617 344 745 372 definitio
767 345 804 372 ad
819 343 1107 371 demonstrationem.
1124 343 1231 369 Textus
1252 341 1394 369 divisio.-

329 386 355 413 6.
378 384 515 413 Definitio
543 391 586 412 est
613 385 685 412 ratio
707 383 892 420 significativa
914 383 1004 420 ipsius
1025 382 1102 418 quod
1123 382 1191 418 quid
1212 386 1271 414 est,·
1292 387 1320 408 et
1347 381 1394 409 illa

327 425 400 453 ratio
422 432 465 453 est
485 434 544 453 una
565 434 626 452 non
639 424 748 452 unitate
770 422 991 455 coniunctionis,
1007 422 1058 449 sed
1078 421 1188 448 unitate
1209 420 1394 457 significatio-

328 465 373 493 nis
388 465 473 492 unius
488 465 524 492 de
538 473 597 492 una
612 473 652 498 re,
667 463 748 491 cuius
770 469 812 490 est
832 461 915 490 ratio.
937 463 973 488 Et
987 461 1054 489 ideo
1076 460 1259 497 distinguitur
1274 469 1291 488 a
1305 460 1393 489 ratio-

327 514 364 532 ne
387 514 460 541 quae
484 510 526 532 est
548 503 704 540 expositiva
726 500 939 538 significationis
961 500 1098 535 nominis,
1120 500 1164 528 vel
1181 500 1339 536 expositiva
1353 499 1397 528 rei

327 544 495 572 nominatae
516 553 567 580 per
588 543 648 571 eius
669 541 835 575 accidentia,
854 547 882 568 et
903 549 978 577 quae
1000 547 1042 568 est
1061 549 1121 567 una
1141 539 1250 567 unitate
1272 539 1394 568 coniun-

328 584 440 612 ctionis.
456 601 476 605 -
491 593 518 620 7.
539 583 604 611 Alia
624 581 753 610 definitio
779 580 955 608 definitionis
983 586 1026 608 est
1052 586 1084 608 ut
1111 580 1148 608 sit
1174 579 1248 608 ratio
1275 579 1394 608 manife-

508 787 524 825 J
563 780 774 829 accipitur
801 780 903 828 quod
929 780 1019 829 quid
1045 785 1115 825 est,
1145 779 1206 816 hic
1232 779 1396 816 ostendit

392 860 398 864 -
475 859 484 876 x
522 828 574 862 *1¹1¹*
593 834 698 883 quod
717 835 792 870 hoc
820 845 898 870 non
924 842 978 870 est
1005 833 1184 882 possibile
1214 834 1252 871 in
1273 833 1394 870 omni-

327 888 409 924 bus.
440 888 489 923 Et
508 886 557 923 ad
585 889 660 925 hoc
689 887 969 925 ostendendum
990 888 1263 936 praesupponit
1291 887 1396 935 quod

326 940 584 989 quorumdam
606 948 661 978 est
684 941 877 989 quaedam
898 941 918 962 ’¹‘
934 942 1050 978 altera
1070 953 1195 987 causa,
1212 953 1396 990 quorum-

327 994 417 1031 dam
432 1001 560 1030 autem
576 1007 655 1032 non
666 996 700 1036 ³¹³.
716 994 817 1041 Quia
836 994 946 1043 igitur
964 994 1068 1043 quod
1086 994 1176 1042 quid
1193 1003 1247 1032 est
1262 993 1397 1042 accipi—

325 1055 385 1084 tur
403 1059 471 1095 per
486 1047 869 1095 demonstrationem,
894 1048 999 1085 cuius
1014 1048 1186 1085 medium
1202 1056 1258 1086 est
1276 1054 1294 1070 ‘³‘
1311 1060 1397 1084 cau-

326 1113 367 1137 sa
388 1101 418 1147 *,
439 1101 682 1139 manifestum
703 1109 758 1138 est
776 1101 882 1150 quod
903 1109 990 1139 sunt
1012 1102 1215 1151 quaedam,
1232 1113 1398 1151 quorum

326 1153 431 1202 quod
459 1155 551 1203 quid
566 1163 622 1192 est
641 1163 791 1205 oportet
809 1155 981 1204 accipere
1001 1155 1095 1192 sicut
1113 1156 1310 1204 quoddam
1329 1154 1398 1191 im—

326 1207 535 1245 mediatum
555 1209 802 1258 principium;
823 1209 873 1246 ita
892 1210 997 1258 quod
1013 1217 1164 1258 oportet
1182 1220 1398 1258 supponere

327 1260 375 1297 de
390 1261 453 1298 tali
469 1274 508 1299 re
526 1271 563 1300 et
577 1275 656 1300 esse
671 1271 707 1300 et
720 1263 810 1312 quid
828 1271 894 1311 est,
910 1264 972 1300 vel
984 1264 1004 1285 *
1015 1264 1255 1300 manifestare
1272 1262 1399 1311 aliquo

326 1314 399 1351 alio
430 1315 549 1353 modo
578 1329 695 1366 quarn
718 1329 787 1367 per
815 1316 1194 1363 demonstrationem,
1221 1323 1313 1365 puta
1331 1327 1401 1364 per

327 1367 506 1406 effectum
534 1371 596 1407 vel
625 1383 694 1419 per
721 1370 840 1407 simile
868 1370 931 1407 vel
960 1369 1087 1418 aliquo
1116 1370 1179 1406 tali
1207 1369 1339 1406 modo.

381 1434 415 1459 2.
446 1423 515 1460 Est
543 1432 671 1461 autern
700 1422 1021 1461 considerandum
1050 1422 1155 1471 quod
1189 1423 1264 1460 hoc
1294 1421 1400 1470 quod

328 1475 427 1523 dicit,
457 1477 711 1525 quorumdam
741 1490 815 1514 non
836 1489 915 1514 esse
942 1476 1058 1514 aliam
1087 1488 1257 1522 causam,
1277 1482 1403 1524 potest

325 1530 478 1578 intelligi
506 1530 707 1580 tripliciter.
728 1531 816 1568 Uno
835 1530 968 1576 modo,
996 1530 1101 1578 quod
1122 1529 1342 1579 simpliciter
1367 1535 1402 1565 et

326 1585 498 1621 absolute
519 1597 674 1622 causam
694 1597 773 1621 non
791 1584 909 1620 habet
927 1584 985 1620 sui
1007 1596 1101 1620 esse.
1124 1584 1174 1620 Et
1201 1584 1277 1621 hoc
1297 1594 1402 1619 com-

325 1637 418 1688 petit
432 1638 502 1674 soli
515 1638 640 1687 primo
657 1637 860 1687 Principio,
872 1637 977 1685 quod
993 1645 1049 1674 est
1064 1650 1177 1675 causa
1192 1650 1274 1674 esse
1291 1643 1327 1673 et
1336 1649 1402 1674 ve-

326 1690 440 1729 ritatis
459 1691 498 1728 in
518 1691 697 1729 omnibus
712 1692 836 1729 rebus.
850 1691 954 1728 Nihil
974 1691 1077 1728 enim
1095 1691 1273 1741 prohibet
1287 1689 1401 1727 etiam

319 1749 461 1782 ‘eorum
490 1757 589 1794 quae
619 1758 664 1782 ex
695 1745 918 1783 necessitate
951 1753 1057 1792 sunt,
1088 1758 1170 1783 esse
1199 1744 1365 1793 aliquam
1383 1746 1403 1766 *

328 1811 482 1837 causam
520 1799 772 1845 necessitatis,
803 1806 844 1836 ut
875 1806 978 1848 patet
1006 1798 1045 1836 in
1071 1799 1108 1836 V
1134 1799 1352 1847 Metaphys.
1382 1799 1402 1820 *

327 1854 377 1890 Et
391 1853 492 1900 ideo,
510 1853 530 1873 ’¹‘
550 1866 639 1891 cum
654 1853 715 1890 hic
730 1853 986 1902 Philosophus
1000 1852 1194 1901 pluraliter
1212 1853 1401 1900 loquatur,

327 1919 406 1944 non
434 1907 487 1943 sic
516 1914 572 1944 est
599 1906 883 1955 intelligendum
903 1906 1008 1955 quod
1037 1906 1099 1943 hic
1127 1906 1273 1952 dicitur,
1295 1905 1402 1954 quod

328 1960 454 2009 aliqua
474 1959 557 2008 sint,
573 1974 673 2010 quae
689 1961 831 1998 nullam
851 1960 1030 1998 habent*
1050 1972 1205 1997 causam
1227 1959 1285 1997 sui
1305 1971 1400 1996 esse.

384 2016 419 2052 3.
449 2014 534 2051 Alio
572 2014 692 2052 modo
726 2021 850 2064 potest
877 2014 1029 2062 intelligi
1054 2013 1267 2051 secundum
1302 2012 1401 2050 ordi-

286 2072 292 2075 '
328 2080 419 2105 nem
440 2079 642 2105 causarum
671 2068 844 2106 eiusdem
870 2068 934 2105 rei.
957 2068 1203 2105 Manifestum
1224 2074 1279 2104 est
1298 2066 1400 2104 enim

239 2298 263 2312 n.
279 2291 301 2318 8,

179 2331 190 2335 -
209 2308 303 2340 Comm.

176 2346 228 2367 lect.
239 2351 271 2366 iv.

328 2121 368 2158 in
405 2122 517 2158 rebus
551 2122 777 2159 habentibus
811 2128 975 2170 quatuor
1004 2134 1157 2168 causaS,
1191 2120 1296 2169 quod
1323 2133 1401 2158 una

331 2187 444 2212 causa
463 2182 519 2212 est
544 2175 837 2224 quodammodo
858 2188 972 2214 causa
991 2175 1151 2212 alterius.
1174 2174 1275 2222 Quia
1295 2174 1399 2211 enim

329 2229 488 2266 materia
516 2237 572 2266 est
598 2238 754 2279 propter
782 2230 948 2268 formam
978 2237 1014 2267 et
1042 2242 1121 2267 non
1149 2241 1170 2266 e
1199 2239 1399 2275 converso,

328 2290 369 2319 ut
387 2283 570 2332 probatur
589 2282 628 2320 in
647 2284 679 2320 11
698 2284 862 2332 Physic„
885 2285 905 2306 *²
931 2283 1100 2322 definitio
1121 2295 1220 2331 quae
1240 2281 1401 2319 sumitur

330 2348 376 2373 ex
396 2349 509 2373 causa
529 2336 696 2384 formali,
718 2345 774 2374 est
801 2351 916 2375 causa
945 2337 1191 2381 definitionis,
1212 2348 1311 2384 quae
1340 2347 1400 2372 su-

330 2389 444 2426 mitur
479 2402 525 2426 ex
559 2402 673 2427 causa
707 2391 891 2428 materiali
926 2391 1098 2429 eiusdem
1134 2389 1199 2427 rei.
1230 2390 1279 2426 Et
1312 2389 1401 2437 quia

331 2451 551 2491 generatum
581 2444 823 2492 consequitur
841 2445 1007 2483 formam
1032 2458 1102 2494 per
1129 2443 1318 2480 actionem
1339 2454 1400 2490 ge-

331 2496 508 2545 nerantis,
539 2509 778 2546 consequens
798 2505 853 2547 est
881 2498 987 2548 quod
1014 2510 1130 2547 agens
1149 2497 1195 2534 sit
1213 2495 1401 2544 quodam-

387 2616 414 2651 α)
438 2617 519 2642 Cuius
538 2616 653 2641 medium
673 2619 712 2641 est
730 2616 938 2646 causa.—Quod
956 2615 997 2640 hic
1013 2616 1238 2648 praesupponhur,
1253 2620 1294 2640 est
1311 2615 1402 2640 funda-

332 2658 450 2678 mentum
469 2653 547 2677 totius
566 2652 742 2684 praecedentis
757 2652 882 2676 lectionis.
903 2651 1045 2676 Probatum
1064 2651 1194 2684 siquidem
1212 2656 1253 2676 est
1271 2651 1342 2683 quod
1357 2650 1401 2675 ubi

333 2688 424 2714 existat
443 2688 491 2713 alia
510 2695 587 2712 causa
605 2692 707 2720 praeter
726 2695 831 2712 causam
851 2694 919 2720 quae
938 2691 978 2711 est
996 2686 1052 2719 ipsa
1071 2687 1183 2712 essentia
1201 2687 1251 2716 rei,
1266 2691 1365 2718 potest,
1380 2686 1402 2710 si

333 2732 385 2749 non
405 2723 606 2748 demonstrative
625 2722 739 2756 probari,
755 2723 847 2747 saltem
861 2721 1016 2747 manifestari
1033 2729 1079 2755 per
1099 2721 1347 2746 demonstrationem
1361 2721 1402 2746 vel

333 2759 517 2792 syllogismum
531 2755 561 2783 τὸ
578 2759 649 2791 quod
668 2758 731 2791 quid
750 2763 790 2782 est
805 2756 850 2791 (cf.
863 2758 920 2782 lect.
935 2765 1020 2790 praec.
1034 2765 1060 2782 n.
1075 2756 1112 2790 9).
1128 2757 1176 2781 Hic
1189 2757 1272 2789 igitur,
1288 2756 1350 2789 quia
1365 2756 1402 2781 in-

332 2795 413 2820 tentio
428 2799 467 2819 est
481 2794 606 2826 probandi
619 2794 691 2826 quod
704 2801 757 2818 non
770 2794 796 2818 in
811 2793 934 2818 omnibus
953 2793 1037 2825 possit
1054 2793 1156 2817 ostendi
1175 2792 1305 2824 praedicto
1323 2792 1403 2816 modo

333 2830 404 2863 quod
424 2829 486 2862 quid
506 2834 557 2860 est,
577 2829 794 2861 praesupponitur
814 2829 893 2861 quod,
913 2829 935 2853 si
951 2836 1003 2853 non
1018 2828 1043 2853 in
1057 2828 1181 2852 omnibus
1200 2833 1240 2852 est
1258 2828 1307 2852 alia
1325 2835 1404 2852 causa

333 2870 434 2898 praeter
453 2865 525 2898 quod
540 2865 605 2897 quid
623 2867 663 2890 est
680 2871 787 2894 eorum,
807 2865 832 2889 in
851 2864 1009 2897 quibusdam
1023 2863 1073 2888 hoc
1087 2863 1158 2896 quod
1178 2863 1240 2895 quid
1258 2867 1299 2887 est
1317 2867 1404 2895 potest

333 2901 439 2934 quidem
459 2901 557 2925 assumi
575 2905 605 2924 ut
629 2900 762 2932 quoddam
787 2900 941 2933 principium
966 2899 1157 2929 immediatum,
1182 2903 1207 2923 at
1232 2898 1304 2923 nullo
1329 2902 1404 2930 pacto

333 2940 420 2969 potest
439 2935 619 2960 demonstrari.

387 2970 412 3004 β)
433 2971 549 2996 Potest...
558 2970 749 3003 procedi.-In
766 2970 814 2996 hac
833 2970 960 2995 sententia
978 2969 1122 3000 AGOQST
1141 2974 1167 2994 et
1188 2976 1215 3001 p.
1233 2976 1268 2994 m.
1288 2968 1402 2993 CDKLN

332 3014 386 3032 om.
400 3006 509 3031 verbum
523 3006 644 3038 procedi.
659 3007 681 3031 E
700 3007 771 3039 ponit
785 3005 899 3038 procedi
917 3010 977 3039 post
1002 3009 1103 3035 tamen,
1125 3005 1176 3030 HM
1195 3009 1220 3029 et
1238 3011 1260 3028 s.
1272 3012 1316 3029 m.
1336 3003 1403 3028 CKL

333 3047 393 3076 post
411 3042 566 3075 gener-ibim,-
580 3049 628 3066 nos
648 3042 758 3074 legimus
777 3049 837 3066 cum
856 3041 909 3066 BFI
928 3046 954 3066 et
972 3048 993 3066 s.
1008 3048 1043 3065 m.
1057 3041 1079 3065 D
1085 3047 1092 3070 ;
1108 3040 1130 3065 N
1150 3048 1171 3065 s.
1190 3047 1225 3064 m.
1247 3038 1324 3064 habet
1338 3046 1403 3071 pro-

333 3084 420 3103 cessus
431 3077 497 3110 fieri
516 3082 575 3110 post
589 3077 798 3109 posterioribus,-
810 3077 830 3101 Ρ
850 3077 908 3101 loco
922 3076 1035 3108 procedi
1054 3075 1115 3109 legit
1127 3075 1191 3109 fieri
1211 3074 1404 3100 demonstratio

334 3117 395 3146 post
412 3113 697 3146 generibus.-Deinde
723 3113 779 3137 cod.
799 3113 821 3136 L
844 3119 898 3137 om.
917 3111 1099 3145 definitiones‚·
1120 3111 1155 3136 P:
1175 3109 1339 3144 definitiones
1364 3111 1405 3135 vel

334 3148 589 3174 demonstrationes:
604 3153 629 3173 at
641 3148 682 3173 vel
699 3147 940 3173 demonstrationes
953 3148 1076 3172 omittunt
1090 3146 1148 3171 edd.
1162 3153 1196 3171 ac
1209 3151 1235 3171 et
1248 3153 1341 3170 omnes
1357 3153 1403 3170 no-

335 3184 379 3208 stri
393 3184 503 3214 codicesy
519 3191 586 3216 quos
600 3184 742 3216 sequimur.
751 3197 771 3202 -
782 3184 845 3208 ltem
860 3183 934 3208 codd.
943 3191 949 3207 τ
959 3190 1011 3215 per
1028 3189 1123 3207 causas
1134 3181 1279 3214 proximas
1286 3188 1295 3209 ‚¹
1308 3181 1342 3206 P:
1353 3188 1405 3212 per

334 3226 429 3244 causas
441 3219 553 3251 primas.
562 3232 581 3238 -
590 3219 696 3243 Variant
714 3218 789 3252 igitur
803 3219 877 3243 codd.
891 3226 906 3243 a
921 3218 1007 3249 Piana,
1022 3222 1048 3242 et
1061 3218 1188 3242 variantes
1210 3217 1332 3242 lectiones
1352 3224 1404 3241 non

335 3259 395 3279 sunt
416 3254 479 3279 levis
499 3254 633 3279 momenti.
657 3254 739 3278 Nobis
759 3254 860 3278 videtur
879 3261 938 3278 esse
958 3254 1095 3278 dicendum
1120 3253 1191 3285 quod
1211 3252 1403 3277 demonstratio

335 3296 352 3314 a
366 3289 560 3321 posterioribus
578 3294 604 3314 et
623 3289 789 3322 definitiones
808 3290 849 3314 vel
868 3289 1107 3314 demonstrationes
1126 3288 1146 3312 P
1161 3288 1239 3313 simul
1259 3287 1404 3312 consistere

336 3324 391 3349 sine
415 3325 626 3357 aequivocatione
644 3333 697 3349 non
716 3330 827 3357 queunt:
847 3325 937 3350 dicitur
961 3324 1029 3349 enirn
1050 3325 1135 3357 primo
1153 3324 1225 3357 quod
1245 3327 1332 3356 potest
1349 3321 1405 3347 fieri

336 3360 522 3385 demonstratio
540 3368 555 3385 a
574 3360 759 3393 posterioribus
778 3361 810 3385 ad
829 3360 922 3392 priora,
936 3368 964 3385 ac
979 3359 1126 3385 immediate
1144 3359 1268 3392 particula
1283 3358 1405 3384 adversa-

335 3395 387 3420 tiva
405 3395 452 3420 sed
472 3395 634 3428 interposita,
656 3396 755 3420 additur
773 3396 844 3428 quod
863 3395 1049 3420 demonstratio
1068 3395 1144 3420 debet
1168 3393 1223 3419 fieri
1242 3402 1288 3427 per
1313 3401 1404 3419 causas

337 3430 447 3463 primas,
466 3431 584 3456 videlicet
598 3431 669 3464 quod
688 3439 740 3456 non
759 3435 844 3464 potest
861 3431 1002 3464 procedere
1020 3430 1069 3455 nisi
1088 3438 1103 3455 a
1121 3430 1250 3462 prioribus
1265 3430 1297 3454 ad
1316 3433 1404 3462 poste-

337 3465 412 3491 riora.
435 3466 510 3491 Adde
524 3467 594 3499 quod
613 3474 672 3491 cum
688 3467 920 3492 demonstrationes
936 3466 1028 3491 dentur
1046 3471 1102 3491 tum
1121 3473 1137 3490 a
1159 3465 1288 3498 prioribus
1307 3465 1339 3489 ad
1357 3472 1403 3498 po-

338 3501 446 3525 steriora
459 3506 515 3526 tum
534 3509 548 3526 a
567 3501 752 3534 posterioribus
767 3502 798 3526 ad
818 3501 917 3534 priora,
936 3507 964 3526 ut
983 3502 1033 3526 late
1048 3501 1206 3526 declaratum
1221 3505 1261 3525 est
1275 3499 1300 3524 in
1319 3499 1403 3532 primo

337 3535 403 3560 libro
418 3534 491 3569 (lect.
511 3544 580 3567 xx111,
600 3536 696 3571 seqq.)‚
713 3545 764 3561 non
779 3537 879 3561 videtur
894 3537 1044 3561 sustinenda
1063 3535 1198 3561 affirmatio
1216 3535 1344 3560 exclusiva
1363 3542 1404 3560 se-

338 3571 436 3596 cundae
449 3572 542 3603 partis:
561 3571 634 3597 sed...
649 3572 888 3597 demonstrationes
900 3577 948 3597 etc.
962 3572 1081 3604 Denique
1094 3571 1144 3596 hoe
1163 3571 1188 3596 in
1206 3571 1263 3596 loco
1283 3571 1314 3596 de
1332 3570 1404 3603 quod

898 219 1282 257 POSTERIORUM
1310 219 1740 259 ANALYTICORUM
1768 222 1863 259 LIB.
1894 223 1927 258 11

1448 307 1527 329 stans
1550 306 1677 339 propter
1702 301 1779 338 quid.
1796 302 1857 330 -8.
1879 301 2016 330 Definitio
2042 301 2137 338 primo
2166 302 2257 330 modo
2280 309 2395 339 sumpta
2423 303 2519 331 solum

1449 341 1597 379 significat
1625 342 1705 378 quod
1736 341 1805 378 quid
1828 348 1885 370 est:
1907 342 1997 370 altero
2026 342 2117 369 modo
2145 348 2262 378 accepta
2288 349 2330 370 est
2358 343 2440 379 quasi
2468 344 2518 371 de-

1450 380 1621 409 monstratio
1650 381 1740 417 ipsius
1768 382 1848 418 quod
1876 381 1946 418 quid
1967 387 2024 416 est,
2047 387 2075 409 et
2096 390 2157 409 non
2185 381 2279 409 differt
2300 391 2317 410 a
2337 383 2520 411 demonstra-

1448 420 1528 448 tione
1556 421 1611 449 nisi
1638 421 1701 449 sola
1723 421 1878 457 positione.
1894 438 1913 442 -
1927 431 1954 458 9.
1979 422 2060 456 Quae
2089 420 2189 449 omnia
2220 421 2439 450 manifestantur
2467 431 2520 459 per

1450 461 1613 497 exempla.—
1628 470 1671 489 10.
1683 461 1758 489 Hinc
1773 461 1976 489 definitionum
1987 461 2059 489 aliae
2070 467 2136 488 sunt
2147 460 2330 497 accipiendae
2342 461 2415 490 sicut
2429 471 2518 499 quae-

1450 501 1517 528 dam
1539 500 1707 528 immediata
1729 500 1884 537 principia;
1906 500 1978 529 aliae
2000 507 2067 528 sunt
2095 501 2358 529 demonstrationes
2376 502 2442 529 sola
2465 511 2519 538 po-

1449 540 1553 568 sitione
1574 540 1753 575 differentes;
1775 541 1848 569 aliae
1865 540 1990 578 denique
2012 547 2079 568 sunt
2106 540 2308 569 conclusiones
2337 541 2519 569 demonstra-

1449 579 1546 608 tionis.
1561 597 1581 601 —
1599 590 1608 607 1
1619 590 1643 608 1.
1665 580 1813 617 Epilogus.

1448 672 1568 709 modo
1598 683 1713 708 causa
1741 671 1889 708 formae
1918 679 1955 708 et
1983 671 2152 709 definitio
2185 672 2426 711 definitionis.
2456 674 2520 712 Ul-

1448 725 1563 763 terius
1578 733 1708 762 autem
1732 736 1849 762 omne
1870 737 1985 773 agens
2004 726 2079 773 agit
2092 735 2248 775 propter
2262 728 2397 775 finem;
2417 728 2521 765 unde

1451 787 1486 816 et
1506 781 1525 801 ²⁸
1555 778 1725 816 definitio
1754 790 1853 826 quae
1882 790 1904 814 a
1933 779 2009 815 fine
2038 779 2216 827 sumitur,
2249 788 2304 817 est
2332 782 2520 829 quodam-

1450 832 1570 869 modo
1606 844 1720 868 causa
1757 831 1986 868 definitionis
2020 844 2119 879 quae
2158 833 2320 870 sumitur
2353 847 2376 871 a
2408 848 2524 873 causa

1451 893 1597 934 agente.
1627 884 1791 923 Ulterius
1819 888 1949 922 autem
1977 897 2056 923 non
2086 893 2140 922 est
2163 887 2373 936 procedere
2401 888 2440 925 in
2458 901 2520 937 ge—

1451 939 1605 976 neribus
1638 950 1861 976 causarum:
1894 938 1997 975 unde
2031 938 2164 976 dicitur
2200 940 2306 989 quod
2342 942 2429 979 finis
2467 950 2523 979 est

1452 1005 1567 1030 causa
1593 1004 1806 1029 causarum.
1836 993 1967 1028 Potest
1994 999 2124 1029 tamen
2151 993 2191 1030 in
2218 994 2370 1043 singulis
2388 994 2406 1025 β
2435 1008 2522 1032 cau-

1452 1058 1582 1083 sarum
1616 1045 1818 1094 generibus
1847 1057 1869 1081 a
1896 1045 2168 1094 posterioribus
2202 1048 2250 1085 ad
2278 1049 2406 1097 priora
2433 1062 2522 1098 pro-

1454 1099 1552 1146 cedi;
1566 1100 1635 1136 sed
1655 1098 1895 1136 definitiones
1916 1098 2057 1136 debent
2072 1100 2153 1137 dari
2166 1113 2236 1150 per
2250 1113 2383 1139 causas
2397 1103 2523 1152 proxi-

1453 1166 1548 1191 mas.
1565 1174 1588 1181 -
1605 1154 1654 1190 Et
1682 1151 1894 1190 secundum
1920 1153 2021 1189 hunc
2041 1165 2197 1191 sensum
2225 1154 2264 1192 in
2291 1155 2522 1205 quibusdam

1453 1207 1555 1244 libris
1592 1205 1858 1255 interponitur,
1893 1205 1999 1253 quod
2032 1206 2272 1245 definitiones
2310 1210 2523 1247 secundum

1454 1260 1622 1310 speciem
1651 1260 1772 1296 factae
1800 1259 1947 1296 nullum
1975 1259 2118 1297 habent
2145 1261 2318 1298 medium
2346 1275 2424 1311 quo
2459 1263 2523 1300 de-

1454 1321 1728 1351 monstrentur:
1759 1312 1998 1350 definitiones
2018 1321 2147 1351 autem
2167 1315 2381 1352 secundum
2405 1324 2524 1353 mate-

1455 1367 1549 1404 riam
1579 1367 1698 1403 factae
1723 1374 1884 1415 possunt
1915 1366 2057 1403 habere
2086 1367 2276 1405 medium:
2306 1369 2395 1417 quia
2428 1369 2524 1407 scili-

1456 1428 1515 1457 cet
1547 1419 1787 1457 definitiones
1829 1431 1929 1467 quae
1955 1419 2091 1456 dantur
2119 1421 2332 1459 secundum
2368 1435 2524 1461 causam

1455 1473 1692 1510 materialem
1714 1473 1733 1493 *
1770 1479 1930 1522 possunt
1961 1472 2214 1511 demonstrari
2240 1487 2310 1524 per
2338 1476 2525 1514 definitio-

1456 1539 1524 1564 nes
1552 1538 1651 1574 quae
1680 1525 1817 1563 dantur
1837 1527 1856 1547 ²⁸
1881 1526 2095 1563 secundum
2124 1539 2279 1565 causam
2308 1530 2522 1567 formalem.

1455 1580 1637 1617 Definitio
1675 1586 1805 1616 autem
1842 1590 1942 1626 quae
1980 1579 2090 1616 datur
2125 1582 2339 1618 secundum
2368 1595 2524 1620 causam

1456 1634 1670 1681 formalem,
1691 1645 1771 1670 non
1789 1638 1913 1681 potest
1931 1631 2085 1671 ulterius
2106 1633 2358 1672 demonstrari
2375 1647 2445 1685 per
2463 1636 2526 1673 ali-

1456 1687 1562 1736 quod
1576 1685 1806 1736 principium
1821 1685 2065 1723 intrinsecum
2078 1686 2140 1734 rei,
2153 1688 2259 1736 quod
2272 1689 2426 1738 proprie
2439 1702 2526 1739 per-

1456 1741 1549 1778 tinet
1572 1740 1621 1778 ad
1650 1739 1756 1788 quod
1779 1738 1872 1787 quid
1901 1746 1972 1787 est,
1999 1746 2131 1788 utpote
2154 1740 2296 1779 intrans
2323 1743 2526 1780 essentiam

1457 1794 1521 1832 rei.
1540 1794 1616 1831 Sed
1633 1793 1732 1830 etsi*
1747 1792 2028 1830 demonstretur
2040 1805 2111 1842 per
2126 1806 2280 1832 causam
2297 1795 2526 1834 efficientem

1458 1856 1494 1886 et
1521 1848 1689 1895 finalem,
1711 1846 1917 1884 dicendum
1937 1846 2006 1883 erit
2029 1847 2134 1895 quod
2158 1860 2312 1897 semper
2332 1861 2446 1886 causa
2466 1862 2527 1887 su-

1455 1901 1583 1950 perior
1602 1913 1642 1937 se
1661 1901 1777 1937 habet
1794 1907 1837 1936 ut
1857 1901 1876 1921 *
1896 1900 2064 1937 formalis
2091 1908 2264 1950 respectu
2288 1901 2484 1940 inferioris.
2500 1925 2525 1932 -

1457 1954 1655 1992 Praedicta
1674 1962 1804 1991 tamen
1817 1954 1937 1991 verba
1952 1966 2031 1990 non
2045 1954 2233 1992 habentur
2247 1955 2286 1992 in
2304 1956 2406 1993 libris
2421 1969 2526 2005 grae-

1457 2009 1509 2046 cis
1524 2013 1550 2045 ⁷.
1578 2007 1689 2046 Unde
1709 2007 1829 2055 magis
1856 2007 2007 2044 videtur
2026 2019 2109 2045 esse
2131 2009 2151 2029 '¹‘
2169 2008 2312 2057 glossa,
2333 2022 2434 2059 quae
2457 2023 2528 2060 per

1457 2075 1627 2100 errorem
1656 2061 1883 2110 scriptorum
1902 2061 2116 2098 introducta
2135 2070 2191 2099 est
2209 2063 2296 2099 loco
2315 2070 2450 2101 textus.

1509 2128 1546 2163 4.
1568 2115 1700 2152 Tertio
1729 2114 1849 2152 modo
1874 2123 2000 2164 potest
2023 2115 2174 2163 intelligi
2198 2115 2237 2153 in
2256 2125 2442 2164 quantum
2462 2118 2526 2156 ali-

1455 2182 1531 2218 qua
1550 2178 1648 2216 sunt,
1669 2181 1768 2218 quae
1788 2181 1867 2206 non
1885 2169 2028 2206 habent
2047 2181 2203 2207 causam
2223 2169 2262 2207 in
2280 2183 2418 2218 genere
2438 2172 2526 2210 sub-

1455 2223 1552 2260 iecto
1574 2224 1594 2245 *
1612 2223 1769 2260 alicuius
1788 2222 1981 2260 scientiae:
2016 2223 2112 2260 sicut
2143 2223 2183 2260 in
2205 2235 2344 2272 genere
2363 2226 2525 2275 numeri,

1455 2277 1502 2315 de
1531 2289 1608 2326 quo
1639 2284 1694 2314 est
1726 2275 1982 2323 arithmetica,
2017 2283 2073 2313 est
2107 2276 2286 2314 devenire
2324 2278 2374 2315 ad
2405 2279 2526 2316 unita-

1455 2338 1545 2377 tem,
1567 2330 1673 2368 cuius
1691 2330 1732 2367 in
1758 2331 1833 2367 hoc
1859 2342 1997 2378 genere
2017 2327 2031 2351 ὅ
2050 2343 2128 2367 non
2148 2338 2204 2368 est
2222 2331 2395 2381 accipere
2423 2333 2526 2370 aliud

1455 2384 1695 2434 principium.
1739 2385 1789 2421 Et
1825 2383 1886 2420 hic
1924 2395 2057 2421 sensus
2101 2385 2310 2422 concordat
2348 2387 2526 2436 exemplo

1456 2438 1562 2487 quod
1581 2438 1838 2487 Philosophus
1858 2437 2059 2486 subiungit,
2076 2437 2206 2475 dicens
2225 2439 2329 2487 quod
2350 2439 2527 2477 arithme-

1455 2491 1550 2528 ticus
1569 2491 1749 2540 supponit
1767 2497 1779 2512 ‘
1797 2491 1888 2540 quid
1905 2497 1960 2528 est
1976 2491 2099 2528 unitas
2119 2498 2156 2529 et
2173 2493 2263 2540 quia
2281 2498 2344 2530 est.
2365 2494 2415 2532 Et
2433 2493 2530 2532 sicut

1455 2614 1520 2647 quid
1542 2617 1582 2639 est
1599 2618 1670 2638 totus
1685 2618 1726 2638 est
1743 2620 1845 2643 sermo,
1860 2613 1932 2645 quod
1946 2620 1993 2645 per
2007 2612 2167 2638 definitiones
2181 2612 2350 2646 significatum
2365 2614 2527 2640 definitiones

1455 2655 1542 2674 autem
1555 2654 1722 2682 opponuntur
1736 2648 2012 2679 demonstrationibus,
2030 2653 2158 2680 quatenus
2178 2648 2227 2674 hae
2244 2649 2285 2674 vel
2305 2657 2320 2674 a
2338 2650 2473 2681 posteriori
2485 2651 2528 2676 vel

1456 2693 1471 2710 a
1484 2685 1563 2717 priori
1579 2685 1714 2714 ducuntur,
1728 2691 1775 2717 per
1790 2691 1881 2709 causas
1895 2683 2057 2708 immediatas
2071 2684 2113 2709 vel
2127 2684 2252 2709 medietas
2267 2683 2314 2717 (cf.
2330 2685 2374 2710 lib.
2384 2693 2402 2716 1,
2421 2685 2483 2718 ib.);
2502 2690 2528 2711 at

1456 2725 1544 2745 contra
1563 2718 1725 2744 definitiones
1750 2719 1846 2744 debent
1865 2718 1918 2743 dari
1938 2726 1952 2743 a
1970 2718 2047 2750 priori
2067 2723 2093 2743 et
2111 2726 2158 2751 per
2176 2726 2267 2749 causas
2286 2719 2463 2750 immediatas,
2479 2728 2528 2746 seu

1451 2754 1613 2787 proximas;
1625 2760 1664 2779 est
1679 2755 1747 2779 enim
1762 2753 1875 2779 definitio
1889 2754 1953 2778 ratio
1967 2753 2135 2778 manifestans
2149 2759 2255 2787 propter
2268 2755 2338 2787 quid,
2352 2760 2382 2780 ut
2393 2755 2457 2781 infra
2472 2765 2497 2782 n.
2511 2765 2526 2790 7

1457 2791 1556 2815 dicitur.
1567 2791 1644 2814 Hisce
1659 2790 1690 2814 de
1704 2789 1788 2814 causis
1808 2789 1840 2814 ad
1859 2796 1968 2814 sensum
1994 2790 2068 2814 codd.
2089 2789 2221 2822 exegimus
2239 2795 2356 2815 nostram
2375 2792 2528 2823 lectionem,

1457 2833 1536 2858 quam
1555 2825 1706 2849 Dominicus
1726 2833 1740 2850 a
1759 2825 1877 2849 Flandria
1893 2825 1969 2849 etiam
1988 2824 2066 2850 habet
2081 2823 2116 2858 (11
2133 2825 2248 2855 Foster„
2269 2833 2314 2858 qu.
2332 2833 2392 2858 vni,
2407 2828 2476 2852 artic.
2491 2827 2528 2862 1).

1510 2862 1538 2895 γ)
1557 2860 1701 2886 Ρναεάίετα
1719 2862 1806 2885 tamen
1827 2860 1906 2885 verba
1930 2867 1982 2885 non
2002 2860 2134 2886 habentur
2153 2861 2179 2885 in
2199 2861 2274 2886 librIs
2298 2862 2441 2895 graecis.—
2455 2863 2528 2888 Hane

1455 2905 1480 2922 s.
1493 2896 1614 2921 Thomae
1625 2895 1877 2920 animadversionem
1887 2903 1939 2920 non
1954 2896 2012 2928 lego
2022 2903 2108 2928 neque
2117 2896 2142 2921 in
2152 2896 2327 2922 Lincolniensi
2338 2897 2375 2930 (in
2384 2898 2404 2923 11
2415 2898 2528 2929 Postera,

1457 2939 1513 2964 cap.
1527 2939 1560 2962 11,
1580 2931 1595 2964 ἓ
1610 2931 1661 2956 Est
1678 2934 1766 2956 autem
1786 2931 1962 2964 quorumdam
1982 2936 2030 2956 etc.
2045 2931 2089 2956 fol.
2106 2930 2153 2964 34,
2169 2932 2218 2956 col.
2241 2932 2267 2966 2)
2294 2940 2380 2966 neque
2398 2934 2423 2958 in
2442 2933 2468 2959 b.
2482 2935 2528 2959 ΑΙ-

1457 2968 1532 2992 beno
1546 2967 1631 3000 Magn.
1646 2967 1692 2999 (ib.
1705 2966 1792 2992 Tract.
1802 2974 1830 2997 11,
1845 2974 1900 2999 cap.
1912 2974 1937 3000 9,
1950 2974 2009 2999 pag.
2023 2966 2083 3000 629,
2096 2967 2146 2992 col.
2163 2967 2198 2999 2).
2211 2967 2327 3000 Uterque
2341 2969 2410 2994 enim
2425 2969 2530 3002 exponit

1457 3003 1571 3036 praefata
1588 3002 1676 3033 verba,
1689 3009 1757 3035 quae
1776 3002 1801 3027 in
1815 3007 1885 3027 textu
1904 3010 1997 3035 graeco
2011 3002 2080 3027 haud
2099 3002 2204 3035 reperiri
2224 3011 2246 3028 s.
2261 3003 2378 3029 Thomas
2398 3004 2465 3036 dicit,
2480 3005 2527 3030 sed

1457 3038 1520 3064 haec
1534 3038 1665 3063 annotatio
1680 3046 1702 3062 s.
1709 3038 1827 3063 Doctoris
1840 3038 1865 3062 in
1878 3043 1970 3063 neutro
1984 3038 2100 3063 recurrit.
2115 3038 2252 3064 Praeterea
2266 3046 2352 3072 neque
2366 3045 2528 3066 commenta-

1458 3078 1528 3099 tores
1542 3073 1674 3099 s.Thoma
1688 3074 1845 3106 posteriores
1859 3074 1891 3098 de
1903 3073 1951 3098 hac
1966 3073 2021 3098 eius
2034 3073 2198 3098 annotatione
2212 3074 2353 3107 generatim
2368 3075 2528 3100 mentionem

1458 3109 1562 3134 faciunt.
1583 3109 1616 3133 Et
1634 3113 1721 3134 tamen
1739 3116 1831 3133 verum
1850 3114 1891 3134 est
1909 3109 2022 3142 praefata
2040 3109 2134 3140 verba,
2155 3117 2222 3142 quae
2241 3109 2299 3134 ideo
2317 3109 2344 3134 in
2364 3115 2452 3136 nostra
2470 3118 2528 3136 ver-

1457 3145 1531 3170 sione
1546 3145 1611 3169 intra
1629 3144 1805 3177 parenthesim
1820 3144 1970 3175 clausimus,
1984 3152 2037 3169 non
2057 3144 2145 3169 haberi
2158 3145 2183 3169 in
2198 3145 2268 3170 libris
2283 3145 2394 3178 graecis;
2409 3146 2528 3179 quinimo

1459 3181 1483 3205 in
1499 3179 1746 3205 commentatoribus
1765 3179 1864 3212 graecis
1879 3179 2032 3211 Themistio,
2048 3179 2201 3213 Philopono,
2215 3181 2364 3213 Anonymo,
2381 3181 2527 3206 Alexandro

1458 3215 1575 3249 Aphrod.
1590 3220 1615 3240 et
1628 3215 1768 3246 Eustratio,
1783 3215 1948 3248 Argyropulo
1969 3213 2011 3248 (in
2030 3215 2056 3240 h.
2070 3214 2142 3250 lac.),
2176 3215 2277 3240 nullum
2298 3217 2451 3242 eorumdem
2469 3224 2527 3242 ver-

1458 3252 1553 3276 borum
1577 3251 1716 3283 vestigium
1735 3256 1848 3283 apparet.
1873 3250 1944 3284 Ergo
1969 3251 2035 3275 bene
2059 3250 2239 3276 animadvertit
2257 3259 2279 3276 s.
2298 3251 2429 3277 Thomas:
2453 3251 2528 3278 Unde

1458 3287 1546 3320 magis
1563 3286 1672 3311 videtur
1690 3290 1739 3311 etc.

1511 3321 1536 3354 δ)
1559 3322 1640 3347 Cuius
1660 3322 1686 3347 in
1705 3321 1754 3346 hoc
1772 3321 2063 3355 genere.—Recipirnus
2082 3321 2219 3346 lectionem
2238 3321 2322 3352 codd„
2337 3329 2390 3348 exc.
2404 3322 2468 3353 GQ,
2482 3323 2528 3355 qui

1458 3358 1491 3383 ad
1510 3358 1574 3383 alios
1592 3363 1679 3382 tamen
1698 3357 1832 3387 accedunt,
1847 3357 1930 3390 magis
1945 3365 2024 3390 quam
2044 3358 2076 3382 ad
2090 3357 2119 3387 P,
2134 3357 2206 3382 cuius
2226 3358 2301 3382 lectio
2319 3363 2374 3382 est:
2386 3358 2424 3382 ad
2438 3358 2527 3383 unita·

1459 3396 1510 3418 tem
1529 3394 1594 3418 eius.
1611 3393 1639 3418 In
1660 3393 1708 3418 hoc
1727 3393 1795 3418 enim
1815 3399 1912 3425 genere
1930 3392 2054 3418 ema-G:
2067 3393 2143 3418 cuius
2157 3399 2209 3418 non
2229 3395 2268 3418 est
2281 3393 2401 3424 accipere
2418 3393 2528 3426 aliquod

1455 3429 1619 3461 principium
1640 3428 1665 3453 in
1685 3435 1733 3453 suo
1751 3435 1856 3461 genere.
1873 3428 1909 3454 Et
1926 3428 1969 3454 hic
1987 3433 2048 3459 etc.;
2063 3428 2100 3459 Q:
2115 3428 2141 3453 in
2159 3428 2234 3454 cuius
2252 3435 2349 3461 genere
2367 3433 2415 3454 etc.

1512 3464 1534 3497 ε)
1554 3463 1744 3489 Arithmeticus
1762 3463 1896 3496 supponit.
1906 3477 1925 3483 -
1934 3463 2054 3488 ABFILS
2072 3468 2098 3489 et
2112 3471 2137 3496 p.
2147 3471 2183 3489 m.
2197 3463 2317 3494 CDKNQ
2327 3471 2382 3489 om.
2390 3463 2524 3496 supponit,

1459 3499 1505 3524 sed
1519 3504 1559 3524 est
1573 3499 1698 3524 mendum
1717 3498 1881 3524 manifestum
1897 3498 1938 3532 (cf.
1954 3498 1998 3523 lib.
2012 3499 2030 3530 1,
2050 3499 2107 3524 lect.
2127 3506 2196 3529 xvm,
2211 3507 2237 3524 n.
2250 3498 2293 3531 4);
2306 3499 2328 3524 D
2344 3506 2428 3524 s.vm.:
2444 3505 2526 3530 prae-

1457 3534 1592 3567 supponit.
1604 3534 1699 3559 ·-Infra
1717 3534 1755 3559 H:
1774 3542 1826 3559 non
1847 3537 1886 3560 est
1903 3534 1959 3559 alia
1977 3541 2059 3559 causa
2083 3534 2108 3559 si
2125 3537 2165 3560 est
2188 3534 2339 3568 ignorando
2358 3532 2526 3568 manifestari

1454 3573 1576 3602 possunt,
1597 3570 1635 3595 ita
1655 3574 1702 3595 etc.

2548 789 2557 797 '
2575 787 2607 808 Et
2627 793 2655 809 ex
2674 787 2760 814 codd.,

2548 820 2598 862 {³2¹3
2610 819 2641 841 Q,
2657 813 2696 841 qui
2706 814 2760 835 hab.

2552 1485 2562 1494 ·
2577 1483 2693 1507 Codd.-r
2707 1487 2730 1506 et
2744 1490 2764 1506 ι.

2552 1517 2585 1533 m.
2595 1517 2622 1532 n:
2638 1516 2705 1532 cau.
2716 1516 2764 1532 me-

2552 1544 2605 1559 ram
2615 1539 2698 1559 nater.
2715 1543 2729 1559 r
2743 1540 2765 1558 et

2552 1570 2644 1613 κᾶω.
2655 1564 2678 1586 h.
2688 1564 2732 1585 lae.

2554 1593 2562 1600 ·
2609 1591 2714 1612 ἀει-ηις
2725 1590 2766 1612 de-

2546 1617 2682 1645 finitionem
2703 1622 2766 1645 quae

2552 1643 2627 1665 datur
2633 1650 2644 1670 ;
2656 1649 2672 1665 κ
2687 1649 2707 1665 ι.
2718 1649 2749 1665 m.
2759 1650 2764 1664 2

2553 1669 2733 1718 d-esrlae'ee'ggtan
2742 1675 2766 1698 p.

2553 1805 2651 1854 25¹3&
2656 1804 2768 1854 &idn-1¹1?

2555 1912 2564 1920 ·
2572 1917 2588 1933 κ
2596 1914 2619 1933 et
2627 1916 2688 1939 μω.
2695 1916 2767 1932 som.

2554 1939 2589 1964 ut,-
2597 1944 2632 1960 Δις
2642 1939 2670 1959 nt
2677 1942 2752 1959 causa
2758 1944 2768 1962 ,-

2553 1970 2631 2012 pi'om.
2639 1963 2767 1993 ursorum-

2652 2026 2670 2052 Υ

2555 2053 2564 2063 ·
2578 2059 2593 2074 ι.
2606 2058 2656 2074 om.
2666 2057 2728 2074 esee.

2552 2238 2565 2250 ⁸
2580 2237 2617 2260 Cf.
2631 2237 2672 2260 lib.
2686 2237 2705 2263 1,
2715 2237 2768 2259 lect.

2552 2275 2592 2296 xv,
2601 2274 2624 2290 n.
2632 2274 2645 2296 3
2654 2270 2677 2290 et
2685 2270 2734 2290 not.
2745 2263 2768 2298 β.

2652 2337 2667 2364 δ
