2788 4204
341 221 413 256 124

1077 209 1195 244 PERI
1226 206 1572 242 HERMENEIAS
1611 207 1704 243 LIB.
1736 208 1767 243 ΙΙ

333 287 480 330 Φανερὸν
506 287 543 319 δὲ
569 286 622 319 ὅτι
646 288 703 318 καὶ
731 284 840 323 ἀληθῆ
870 283 986 335 ἀληθεῖ
1011 282 1069 314 οὐκ
1095 278 1275 326 ἐνδέχεται
1302 281 1395 313 ἑναν-
1450 283 1655 314 Manifestum
1679 291 1725 315 est
1748 291 1865 323 autern,
1886 286 2040 326 quoniam
2061 293 2091 317 et
2106 297 2212 317 veram
2235 297 2325 317 verae
2349 297 2414 317 non
2439 297 2513 317 con-

401 334 478 363 τίαν
498 329 583 363 εἶναι
609 331 686 363 οὔτε
705 326 807 370 δόξαν
828 329 906 361 οὔτε
929 327 1112 371 απόφασιν.
1133 325 1311 358 Ἐναντίαι
1334 326 1394 368 μέν

400 376 464 420 γάρ
485 378 518 407 αἱ
538 378 610 420 περὶ
629 375 676 407 τά
695 373 907 416 ἀντικειμενα
929 385 968 404 πε
981 374 1001 417 μὶ
1019 372 1137 403 ταῦτα
1156 366 1192 401 δὲ
1216 365 1394 414 ἐνδέχεται

403 421 575 458 ἀληθεύειν
609 420 667 452 τὸν
703 416 821 450 αὐτόν·
865 416 935 458 ἅμα
967 384 1004 447 ge*
1035 413 1093 446 οὐκ
1131 409 1311 458 ἐνδέχεται
1347 414 1395 445 τοὶ

402 466 541 499 ἐναντία
568 463 779 508 ύποίρχειντῷ
806 459 912 501 αὐτῷ.

570 625 623 657 uia
639 622 748 656 subtili
766 622 973 665 indagatione
991 620 1134 653 ostendit
1147 618 1237 663 quod
1250 629 1310 651 nec
1327 629 1394 650 ma-

382 708 387 715 ,
423 684 464 714 ’ἢ
570 673 666 705 teriae
689 672 909 709 contrarietas,
935 681 993 702 nec
1017 670 1083 701 veri
1108 668 1244 712 falsique
1276 666 1394 711 qualis-

384 711 391 762 ἰ
420 689 537 768 3193}
550 731 698 763 cunque
723 719 890 762 oppositio
917 718 1177 750 contrarietatem
1198 716 1394 759 opinionum

391 770 396 782 ’
432 763 491 789 *A*
505 763 554 813 Q
570 768 749 807 constituit,
763 767 820 800 sed
837 766 926 811 quod
941 765 1047 810 aliqua
1060 766 1127 798 veri
1141 764 1277 808 falsique
1292 774 1395 807 oppo-

392 806 416 819 '⁸
430 810 451 822 Ψ
553 809 646 849 sitio
664 815 696 849 id
714 815 804 855 facit,
825 815 899 848 ideo
917 826 1004 847 nunc
1022 813 1236 847 determinare
1254 811 1394 845 intendit

334 866 436 911 qualis
452 867 493 898 sit
509 865 562 898 illa
579 866 647 897 veri
663 864 799 908 falsique
816 865 994 908 oppositio,
1009 875 1090 907 quae
1109 863 1305 906 opinionum
1319 872 1394 893 con-

333 915 528 947 trarietatem
545 913 724 946 constituit.
742 913 791 945 Ex
806 912 869 945 hoc
893 912 981 945 enim
1006 911 1126 944 directe
1150 910 1333 954 quaestioni
1348 921 1394 941 sa-

333 962 419 995 tisfit.
432 963 472 995 Et
483 961 621 995 intendit
634 960 723 1005 quod
735 960 804 993 sola
816 961 984 1004 oppositio
998 960 1194 1003 opinionum
1211 958 1393 991 secundum

333 1011 582 1044 affirmationem
602 1019 634 1043 et
646 1010 856 1053 negationem
874 1008 1021 1041 eiusdem
1039 1007 1078 1041 de
1095 1007 1213 1040 eodem
1231 1016 1290 1040 etc.
1315 1018 1393 1039 con-

333 1061 438 1093 stituit
455 1061 715 1093 contrarietatem
733 1070 854 1091 earum.
873 1057 970 1091 Unde
988 1056 1126 1090 intendit
1142 1056 1278 1100 probare
1298 1056 1393 1088 istam

333 1109 580 1143 conclusionem
607 1120 664 1153 per
688 1119 787 1152 quam
810 1107 850 1140 ad
876 1107 1060 1151 quaesitum
1087 1105 1282 1150 respondet:
1310 1105 1393 1148 Opi-

332 1160 448 1191 niones
466 1158 637 1201 oppositae
658 1156 840 1190 secundum
861 1155 1112 1188 affirmationem
1132 1164 1164 1187 et
1183 1154 1393 1198 negationem

333 1206 480 1239 eiusdem
498 1205 537 1239 de
555 1204 672 1238 eodem
690 1214 766 1237 sunt
784 1204 982 1242 contrariae;
1007 1212 1038 1236 et
1055 1212 1293 1247 consequenter
1310 1202 1393 1242 illae,

338 639 363 660 ¹·
388 634 559 695 faa&

334 1267 416 1299 quae
440 1263 517 1287 sunt
541 1254 713 1298 oppositae
737 1252 919 1285 secundum
943 1251 1194 1284 affirmationem
1217 1251 1394 1284 contrario-

332 1316 406 1337 rum
425 1303 686 1347 praedicatorum
711 1301 751 1334 de
775 1301 904 1341 eodem,
928 1312 995 1333 non
1012 1309 1089 1332 sunt
1106 1301 1294 1339 contrariae,
1319 1299 1394 1343 quia

333 1354 378 1386 sic
402 1352 593 1385 affirmativa
623 1362 699 1383 vera
730 1349 861 1382 haberet
892 1349 972 1382 duas
1004 1349 1200 1388 contrarias,
1232 1347 1321 1392 quod
1346 1356 1395 1381 est

333 1400 544 1446 impossibile.
570 1400 684 1432 Unum
708 1400 795 1432 enim
820 1399 877 1430 uni
897 1406 945 1430 est
961 1398 1170 1430 contrarium.

401 1460 429 1482 2.
455 1449 575 1482 Probat
602 1457 712 1481 autem
736 1448 831 1479 istam
860 1445 1107 1479 conclusionem
1137 1445 1238 1478 tribus
1262 1445 1395 1477 rationi-

333 1499 402 1532 bus.
417 1499 554 1531 —Prima
578 1506 641 1530 est:
666 1497 839 1540 opiniones
863 1496 897 1527 in
921 1494 1039 1539 quibus
1063 1494 1170 1538 primo
1195 1502 1244 1526 est
1271 1493 1395 1526 fallacia

333 1555 409 1579 sunt
429 1546 622 1583 contrariae;
641 1544 813 1587 opiniones
829 1543 1001 1586 oppositae
1015 1541 1197 1574 secundum
1211 1540 1396 1574 affirmatio-

332 1607 408 1628 nem
433 1604 464 1628 et
490 1594 698 1637 negationem
730 1591 877 1624 eiusdem
907 1591 946 1624 de
971 1590 1088 1623 eodem
1118 1599 1194 1623 sunt
1218 1590 1251 1623 in
1276 1590 1394 1634 quibus

332 1645 440 1689 primo
469 1652 518 1676 est
541 1642 682 1681 fallacia;
707 1652 784 1684 ergo
810 1640 983 1684 opiniones
1016 1640 1187 1683 oppositae
1212 1638 1395 1672 secundum

332 1692 582 1726 affirmationem
596 1699 627 1723 et
640 1689 850 1733 negationem
867 1687 1015 1720 eiusdem
1032 1686 1072 1720 de
1089 1686 1205 1719 eodem
1223 1695 1300 1719 sunt
1317 1698 1395 1719 con-

332 1742 481 1773 trariae.-
492 1740 614 1772 Sensus
631 1738 764 1770 maioris
781 1745 844 1769 est:
862 1736 1037 1780 opiniones
1054 1747 1137 1780 quae
1155 1735 1263 1779 primo
1280 1734 1395 1768 ordine

332 1798 465 1822 naturae
485 1796 560 1820 sunt
580 1787 710 1820 termini
730 1785 883 1825 fallaciae,
908 1785 990 1818 idest
1012 1785 1214 1828 deceptionis
1232 1795 1288 1817 seu
1309 1795 1395 1816 erro-

331 1839 385 1878 ris,
403 1846 479 1870 sunt
492 1837 686 1870 contrariae:
707 1844 784 1867 sunt
803 1835 902 1874 enim,
919 1845 995 1866 cum
1009 1834 1081 1878 quis
1095 1833 1215 1866 fallitur
1231 1845 1288 1866 seu
1302 1842 1394 1872 errat,

333 1886 400 1919 duo
417 1886 558 1925 termini,
575 1884 697 1917 scilicet
717 1895 734 1916 a
759 1894 825 1927 quo
846 1881 996 1922 declinat,
1021 1891 1053 1914 et
1069 1881 1108 1915 ad
1127 1893 1225 1925 quern
1242 1881 1395 1914 labitur.-

332 1936 441 1968 Huius
466 1934 599 1967 rationis
624 1934 657 1965 in
679 1932 785 1965 littera
801 1932 908 1975 primo
932 1931 1067 1975 ponitur
1087 1931 1203 1970 maior,
1221 1941 1296 1963 curn
1319 1929 1395 1962 dici-

332 1993 402 2016 tur:
422 1983 476 2016 Sed
491 1983 523 2015 in
542 1981 650 2026 quibus
662 1982 761 2026 primo
770 1980 903 2025 fallacia
923 1987 962 2013 est
971 1992 983 2019 ;
1006 1979 1206 2013 adversative
1220 1979 1308 2012 enim
1322 1990 1395 2011 con-

332 2033 462 2065 tinuans
480 2042 666 2064 sermonem
679 2041 777 2073 supra
794 2028 899 2069 dictis,
920 2029 1096 2061 insinuavit
1112 2040 1179 2061 non
1197 2036 1247 2061 tot
1263 2039 1395 2060 enume-

331 2090 415 2114 ratas
441 2081 613 2124 opiniones
638 2090 707 2111 esse
731 2078 918 2117 contrarias,
938 2077 994 2110 sed
1017 2089 1070 2110 eas
1095 2078 1127 2109 in
1153 2076 1270 2121 quibus
1288 2077 1395 2120 primo

331 2129 456 2162 fallacia
485 2138 533 2161 est
561 2127 662 2161 modo
687 2127 847 2171 exposito.
873 2125 1001 2159 Deinde
1030 2124 1139 2158 subdit
1167 2125 1396 2169 probationem

332 2179 469 2211 minoris
499 2177 612 2210 talem:
642 2175 756 2209 eadem
781 2174 1069 2219 proportionaliter
1093 2182 1186 2214 sunt,
1211 2185 1250 2206 ex
1278 2172 1396 2218 quibus

332 2236 408 2260 sunt
424 2226 651 2270 generationes
668 2234 700 2258 et
717 2236 755 2257 ex
777 2223 895 2268 quibus
912 2232 988 2256 sunt
1007 2222 1167 2262 fallaciae;
1191 2221 1248 2255 sed
1265 2233 1397 2266 genera-

332 2276 438 2309 tiones
456 2284 532 2307 sunt
549 2287 587 2307 ex
604 2274 765 2317 oppositis
783 2272 965 2306 secundum
983 2271 1234 2305 affirmationem
1251 2279 1282 2304 et
1299 2282 1396 2314 nega-

332 2326 474 2363 tionem;
491 2334 568 2366 ergo
586 2331 618 2355 et
634 2321 776 2355 fallaciae
794 2330 871 2354 sunt
887 2333 926 2353 ex
942 2321 1104 2364 oppositis
1117 2319 1299 2353 secundum
1317 2318 1398 2352 affir-

333 2373 512 2405 mationem
530 2380 561 2404 et
580 2371 800 2414 negationem.
828 2369 932 2410 Quod
953 2378 1020 2402 erat
1046 2377 1252 2412 assumptum
1279 2369 1313 2401 in
1336 2369 1398 2401 mi-

333 2432 423 2453 nore.
441 2419 537 2453 Unde
551 2430 677 2462 ponens
689 2419 846 2451 maiorem
863 2418 960 2451 huius
973 2416 1230 2461 prosyllogismi‚
1242 2417 1300 2449 ait:
1311 2416 1398 2450 Haec

333 2475 450 2508 autem,
471 2467 593 2500 scilicet
613 2466 747 2506 fallacia,
764 2473 804 2499 est
824 2478 858 2499 ex
874 2466 929 2507 his,
947 2465 1070 2498 scilicet
1085 2466 1242 2505 terminis,
1263 2476 1398 2508 propor-

335 2517 498 2552 tionaliter
517 2526 636 2556 tamen,
650 2528 685 2549 ex
701 2516 807 2560 quibus
826 2521 897 2548 sunt
913 2522 938 2548 et
951 2516 1159 2558 generationes.
1178 2515 1219 2547 Et
1235 2514 1397 2547 subsumit

334 2568 511 2600 minorem:
536 2566 585 2598 Ex
603 2565 739 2610 oppositis
761 2576 846 2604 vero,
870 2564 992 2597 scilicet
1009 2563 1190 2597 secundum
1210 2562 1396 2596 affirmatio-

334 2627 411 2648 nem
424 2623 456 2648 et
472 2614 692 2658 negationem,
706 2622 738 2646 et
752 2614 979 2656 generationes
999 2612 1091 2645 fiunt.
1112 2613 1154 2645 Et
1170 2611 1303 2645 demum
1322 2623 1397 2644 con·

335 2663 451 2696 cludit:
477 2663 581 2705 Quare
593 2663 681 2695 etiam
686 2661 829 2706 fallacia,
847 2661 980 2701 scilicet,
998 2669 1047 2693 est
1059 2672 1097 2693 ex
1110 2660 1272 2704 oppositis
1285 2671 1398 2693 secun-

336 2712 415 2745 dum
432 2711 682 2744 affirmationem
699 2719 731 2743 et
746 2710 955 2754 negationem
973 2708 1120 2741 eiusdem
1138 2707 1177 2741 de
1194 2707 1321 2741 eodem.

404 2772 431 2804 3.
449 2760 501 2794 Ad
523 2759 719 2793 evidentiam
744 2758 841 2791 huius
866 2757 1068 2802 probationis
1088 2757 1170 2790 scito
1195 2756 1285 2801 quod
1309 2755 1397 2790 idem

335 2809 457 2843 faciunt
484 2810 518 2842 in
550 2819 704 2852 processu
734 2806 918 2840 intellectus
947 2806 1092 2850 cognitio
1125 2814 1158 2838 et
1188 2804 1311 2838 fallacia
1339 2816 1396 2838 seu

336 2869 435 2897 error,
459 2856 548 2901 quod
568 2856 602 2888 in
626 2866 780 2899 processu
805 2863 938 2887 naturae
966 2854 1134 2897 generatio
1158 2862 1190 2886 et
1218 2853 1396 2897 corruptio.

336 2907 428 2940 Sicut
444 2917 586 2949 namque
599 2903 814 2948 perfectiones
832 2903 993 2936 naturales
1006 2901 1272 2946 generationibus
1289 2902 1397 2946 acqui-

335 2963 461 2994 runtur,
479 2952 744 2996 corruptionibus
768 2951 940 2990 desinunt;
960 2951 1004 2983 ita
1021 2951 1209 2994 cognitione
1229 2949 1398 2994 perfectio-

336 3014 393 3035 nes
413 3001 646 3035 intellectuales
670 3001 892 3045 acquiruntur,
910 2998 1072 3032 erroribus
1091 3008 1200 3032 autem
1225 3010 1282 3031 seu
1308 2998 1398 3031 dece-

337 3051 503 3095 ptionibus
528 3052 730 3083 amittuntur.
752 3050 793 3082 Et
816 3048 903 3088 ideo,
923 3049 1007 3081 sicut
1023 3057 1090 3080 tam
1106 3049 1273 3091 generatio
1298 3058 1397 3092 quam

337 3101 504 3144 corruptio
529 3109 578 3132 est
601 3100 684 3131 inter
708 3098 958 3131 affirmationem
975 3106 1007 3131 et
1026 3098 1246 3141 negationem,
1266 3105 1302 3130 ut
1326 3108 1398 3140 pro-

337 3150 425 3193 prios
458 3149 636 3188 terminos,
669 3156 705 3180 ut
736 3147 853 3180 dicitur
882 3147 914 3180 V
949 3146 1084 3191 Physic.;
1109 3147 1151 3179 ita
1180 3155 1246 3179 tam
1275 3157 1397 3189 cogno-

337 3209 425 3231 scere
454 3197 590 3242 aliquid,
620 3207 718 3241 quam
753 3195 818 3228 falli
846 3196 929 3228 circa
954 3194 1049 3236 illud,
1077 3203 1126 3228 est
1150 3195 1233 3228 inter
1257 3194 1396 3227 affirma-

338 3247 462 3279 tionem
489 3255 521 3279 et
549 3246 773 3289 negationem,
798 3253 834 3277 ut
862 3245 1014 3288 proprios
1039 3244 1214 3277 terminos:
1240 3244 1283 3276 ita
1308 3242 1397 3288 quod

338 3294 371 3328 id
395 3294 434 3328 ad
459 3294 548 3338 quod
565 3295 672 3338 primo
690 3293 818 3336 attingit
842 3305 1045 3337 cognoscens
1064 3291 1186 3337 aliquid
1206 3293 1238 3324 in
1255 3291 1398 3326 secunda

339 3345 529 3387 operatione
546 3342 728 3376 intellectus
746 3351 794 3387 est
817 3343 960 3375 veritatis
977 3341 1164 3381 affirmatio,
1183 3349 1215 3374 et
1232 3339 1322 3384 quod
1342 3351 1399 3384 per

339 3403 373 3424 se
398 3393 504 3435 primo
532 3391 680 3424 abiicitur
707 3399 756 3424 est
780 3390 866 3423 illius
898 3390 1038 3433 negatio.
1064 3390 1105 3423 Et
1133 3389 1280 3422 similiter
1308 3387 1398 3434 quod

340 3452 397 3483 per
416 3452 449 3473 se
474 3441 580 3484 primo
601 3439 705 3484 perdit
721 3440 777 3484 qui
794 3439 913 3472 fallitur
933 3448 981 3472 est
997 3438 1140 3472 veritatis
1165 3437 1348 3478 affirmatio,
1369 3446 1400 3470 et

341 3487 430 3531 quod
447 3489 553 3531 primo
573 3489 707 3521 incurrit
723 3497 772 3521 est
788 3488 930 3520 veritatis
948 3488 1089 3530 negatio.
1107 3487 1207 3520 Recte
1223 3498 1302 3530 ergo
1320 3486 1399 3520 dixit

342 3534 430 3578 quod
447 3534 545 3567 iidem
563 3544 638 3567 sunt
657 3536 786 3568 termini
811 3535 894 3568 inter
913 3546 996 3578 quos
1021 3535 1129 3578 primo
1148 3542 1198 3567 est
1221 3535 1399 3578 generatio,

1513 327 1603 367 tingit
1622 338 1688 358 esse
1705 329 1904 366 contrariam,
1929 340 1986 360 nec
2005 330 2193 370 opinionem
2216 341 2273 361 nec
2293 330 2513 361 contradictio-

1517 381 1601 401 nem.
1626 371 1809 402 contrariae
1833 373 1928 410 enim,
1954 384 2035 414 quae
2061 374 2139 404 circa
2156 374 2303 414 opposita
2326 381 2414 412 sunt;
2435 375 2514 404 circa

1517 415 1627 445 eadem
1651 423 1757 446 autem
1786 417 1939 456 contingit
1965 428 2076 448 verum
2105 418 2206 448 dicere
2230 418 2397 455 eumdem;
2418 418 2514 448 simul

1516 466 1622 489 autem
1646 470 1712 490 non
1737 460 1890 500 contingit
1913 461 2016 491 eidem
2038 462 2138 492 inesse
2163 462 2325 492 contraria.

1450 628 1482 652 et
1506 618 1550 651 illi
1574 619 1658 652 inter
1681 631 1764 664 quos
1789 629 1837 653 est
1861 622 1968 664 primo
1992 621 2133 662 fallacia,
2164 623 2239 667 quia
2256 622 2429 666 utrobique
2454 631 2514 655 ter-

1449 668 1530 700 mini
1557 677 1634 700 sunt
1662 668 1833 702 affirmatio
1861 677 1893 702 et
1915 671 2056 713 negatio.
2120 675 2123 677 ’

1516 727 1547 758 4.
1572 716 1701 750 Deinde
1721 728 1797 750 cum
1821 717 1913 751 dicit:
1941 718 1972 751 Si
1994 730 2060 762 ergo
2084 719 2164 763 quod
2188 719 2298 752 bonum
2314 726 2355 752 est
2370 727 2440 759 etc„
2466 720 2512 751 in-

1449 763 1554 796 tendit
1569 764 1706 808 probare
1726 766 1885 798 maiorem
1902 766 2088 810 principalis
2113 768 2257 799 rationis.
2283 767 2324 800 Et
2348 768 2424 811 quia
2448 768 2512 799 iam

1449 812 1624 846 declaravit
1652 813 1741 857 quod
1766 825 1821 853 ea,
1853 814 1886 846 in
1911 814 2029 858 quibus
2054 815 2162 858 primo
2187 824 2235 847 est
2263 814 2405 855 fallacia,
2436 823 2513 848 sunt

1449 861 1621 895 affirmatio
1642 871 1673 894 et
1693 863 1834 905 negatio,
1855 862 1929 895 ideo
1947 863 2059 903 utitur,
2076 863 2150 896 loco
2167 864 2299 896 maioris
2316 863 2512 907 probandae,

1449 911 1585 951 scilicet,
1615 912 1788 955 opiniones
1821 912 1855 943 in
1891 911 2008 956 quibus
2040 913 2148 955 primo
2184 920 2233 944 est
2266 911 2407 952 fallacia,
2436 920 2513 944 sunt

1449 960 1638 1000 contrariae,
1670 971 1727 992 sua
1759 959 1990 1000 conclusione,
2014 959 2147 1001 scilicet,
2176 961 2512 1004 opinionesopposi-

1448 1018 1498 1041 tae
1523 1008 1705 1041 secundum
1725 1007 1975 1041 affirmationem
1993 1018 2024 1042 et
2043 1010 2253 1053 negationem
2272 1008 2420 1042 eiusdem
2437 1017 2514 1041 sunt

1449 1058 1636 1091 contrariae.
1672 1057 1887 1101 Aequivalere
1918 1058 2006 1091 enim
2029 1058 2094 1090 iam
2119 1057 2317 1091 declaratum
2341 1066 2398 1090 est.
2424 1057 2514 1090 Fecit

1449 1115 1558 1139 autem
1582 1106 1646 1139 hoc
1666 1114 1841 1139 consuetae
1861 1106 2008 1139 brevitati
2026 1106 2172 1147 studens,
2190 1107 2347 1151 quoniam
2371 1102 2422 1138 sic‘
2436 1118 2511 1150 pro-

1449 1153 1608 1195 cedendo,
1633 1163 1665 1187 et
1684 1153 1800 1198 probat
1819 1155 1989 1195 maiorem,
2015 1163 2046 1187 et
2069 1154 2247 1198 respondet
2271 1154 2391 1188 directe
2416 1165 2513 1198 quae-

1449 1204 1559 1242 stioni,
1584 1212 1615 1236 et
1635 1203 1776 1247 applicat
1791 1202 1831 1236 ad
1848 1203 2057 1247 propositum
2073 1203 2181 1235 simul.
2203 1202 2323 1236 Probat
2340 1214 2418 1246 ergo
2437 1202 2512 1235 loco

1449 1253 1581 1285 maioris
1607 1251 1854 1285 conclusionem
1874 1251 2094 1296 principaliter
2117 1252 2277 1284 intentam
2300 1251 2513 1295 quaestionis,

1450 1300 1554 1341 hanc,
1579 1300 1723 1333 scilicet:
1749 1300 1937 1345 Opiniones
1953 1305 1955 1307 ’
1971 1301 2144 1344 oppositae
2169 1299 2352 1333 secundum
2376 1298 2513 1332 affirma-

1450 1350 1574 1382 tionem
1610 1357 1643 1382 et
1673 1350 1882 1392 negationem
1906 1349 2054 1382 eiusdem
2078 1358 2155 1382 sunt
2179 1349 2376 1388 contrariae;
2396 1356 2428 1380 et
2447 1358 2514 1380 non

1450 1397 1541 1437 illae,
1566 1408 1648 1441 quae
1672 1406 1749 1430 sunt
1772 1398 1943 1442 oppositae
1961 1397 2143 1430 secundum
2168 1397 2407 1430 contrariorum
2431 1395 2515 1428 affir-

1450 1446 1630 1479 mationem
1661 1445 1701 1479 de
1731 1446 1858 1480 eodem.
1890 1447 1932 1479 Et
1951 1446 2090 1479 intendit
2109 1445 2207 1479 talem
2231 1446 2402 1478 rationem.
2428 1445 2514 1489 Opi-

1450 1496 1507 1528 nio
1529 1506 1605 1527 vera
1630 1503 1662 1527 et
1685 1496 1755 1527 eius
1787 1496 1890 1538 magis
1915 1494 1992 1527 falsa
2017 1503 2093 1527 sunt
2117 1495 2296 1527 contrariae
2321 1495 2514 1538 opiniones;

1443 1544 1622 1588 roppositae
1653 1542 1835 1577 secundum
1856 1542 2107 1576 affirmationem
2138 1552 2170 1576 et
2200 1544 2410 1587 negationem
2438 1552 2515 1576 sunt

1450 1603 1525 1625 vera
1554 1601 1586 1624 et
1610 1593 1680 1625 eius
1711 1592 1815 1635 magis
1844 1591 1940 1632 falsa;
1965 1603 2043 1635 ergo
2068 1592 2242 1635 opiniones
2267 1592 2440 1636 oppositae
2466 1602 2515 1624 se-

1451 1640 1597 1674 cundum
1626 1640 1877 1674 affirmationem
1910 1650 1942 1674 et
1970 1641 2180 1684 negationem
2212 1650 2288 1674 sunt
2324 1640 2513 1673 contrariae.

1452 1691 1559 1723 Maior
1575 1690 1731 1734 probatur
1751 1702 1790 1723 ex
1806 1702 1846 1723 eo
1871 1689 1978 1735 quod,
1996 1701 2079 1734 quae
2099 1689 2280 1734 plurimum
2296 1689 2416 1723 distant
2433 1689 2516 1722 circa

1451 1739 1538 1772 idem
1570 1747 1647 1771 sunt
1677 1739 1852 1777 contraria;
1884 1750 1960 1771 vera
1994 1747 2103 1771 autem
2133 1747 2164 1772 et
2201 1739 2271 1771 eius
2303 1738 2406 1782 magis
2438 1736 2516 1770 falsa

1451 1787 1632 1831 plurimum
1649 1786 1769 1820 distant
1789 1788 1872 1820 circa
1891 1786 1990 1827 idem,
2003 1795 2040 1819 ut
2059 1795 2156 1830 patet.
2178 1787 2290 1820 Minor
2308 1797 2388 1819 vero
2401 1785 2517 1830 proba-

1451 1844 1504 1868 tur
1516 1847 1555 1868 ex
1572 1847 1613 1868 eo
1637 1835 1727 1880 quod
1752 1835 1904 1879 opposita
1928 1834 2110 1868 secundum
2134 1836 2344 1878 negationem
2368 1833 2516 1868 eiusdem

1451 1883 1492 1917 de
1523 1883 1641 1918 eodem
1669 1893 1720 1916 est
1742 1895 1800 1928 per
1828 1895 1862 1916 se
1892 1883 1972 1917 falsa
1999 1892 2147 1927 respectu
2184 1895 2262 1916 suae
2290 1882 2516 1916 affirmationis

1450 1943 1554 1965 verae.
1580 1932 1709 1976 Opinio
1737 1942 1847 1966 autem
1875 1944 1934 1976 per
1964 1943 1998 1965 se
2021 1931 2100 1965 falsa
2129 1933 2233 1976 magis
2260 1931 2339 1965 falsa
2362 1940 2411 1964 est
2435 1942 2514 1976 qua-

1452 1993 1582 2026 cunque
1607 1981 1677 2014 alia.
1703 1981 1976 2026 Unumquodque
2000 1981 2087 2014 enim
2117 1980 2207 2025 quod
2232 1989 2281 2014 est
2301 1991 2359 2025 per
2382 1992 2417 2014 se
2440 1979 2515 2021 tale,

1452 2031 1555 2073 magis
1576 2029 1638 2063 tale
1658 2039 1707 2063 est
1730 2029 1878 2074 quolibet
1897 2029 1987 2074 quod
2009 2038 2057 2062 est
2080 2040 2138 2073 per
2157 2028 2245 2063 aliud
2265 2029 2337 2062 tale.

1520 2089 1549 2120 5.
1570 2078 1668 2112 Unde
1696 2078 1736 2112 ad
1765 2079 1987 2123 suprapositas
2019 2078 2192 2122 opiniones
2224 2078 2258 2111 in
2289 2078 2516 2122 propositione

1453 2128 1653 2172 quaestionis
1670 2127 1809 2168 rediens,
1826 2137 1863 2160 ut
1886 2139 1925 2160 ex
1949 2126 2011 2160 illis
2032 2126 2259 2171 exemplariter
2275 2125 2393 2160 clarius
2413 2127 2517 2159 inten-

1453 2186 1523 2210 tum
1541 2176 1706 2217 ostendat,
1738 2187 1756 2209 a
1779 2176 1973 2220 probatione
1997 2176 2133 2208 minoris
2164 2175 2297 2208 inchoat
2324 2174 2380 2208 tali
2403 2173 2516 2208 modo.

1453 2226 1525 2259 Sint
1549 2233 1691 2270 quatuor
1714 2225 1899 2269 opiniones,
1924 2223 2007 2257 duae
2030 2230 2136 2264 verae,
2161 2223 2295 2264 scilicet,
2318 2223 2445 2256 bonum
2468 2229 2518 2255 est

1452 2274 1588 2314 bonum,
1608 2273 1735 2307 bonum
1757 2285 1825 2306 non
1849 2282 1898 2306 est
1921 2272 2060 2313 malum,
2085 2281 2118 2306 et
2141 2272 2224 2305 duae
2247 2271 2360 2312 falsae,
2383 2269 2517 2311 scilicet,

1452 2322 1577 2356 bonum
1593 2334 1662 2355 non
1679 2331 1728 2356 est
1743 2322 1880 2362 bonum,
1897 2331 1939 2363 et,
1956 2322 2082 2355 bonum
2097 2330 2148 2355 est
2163 2320 2297 2354 malum.
2317 2319 2451 2355 Clarum
2469 2328 2518 2353 est

1452 2380 1562 2405 autem
1578 2370 1667 2416 quod
1685 2372 1788 2415 prima
1805 2382 1879 2404 vera
1896 2380 1945 2404 est
1963 2372 2088 2404 ratione
2105 2371 2167 2411 sui,
2183 2368 2327 2403 secunda
2343 2377 2452 2402 autem
2469 2377 2518 2402 est

1451 2432 1527 2454 vera
1543 2420 1726 2454 secundum
1751 2419 1919 2460 accidens,
1939 2419 2034 2460 idest,
2053 2420 2179 2453 ratione
2195 2418 2345 2458 alterius,
2365 2418 2442 2462 quia
2457 2417 2518 2450 sci-

1452 2468 1527 2502 licet
1543 2480 1610 2502 non
1624 2480 1694 2502 esse
1711 2468 1835 2501 malum
1849 2477 1898 2501 est
1914 2469 2129 2501 coniunctum
2141 2468 2204 2512 ipsi
2218 2466 2322 2500 bono:
2340 2465 2415 2499 ideo
2428 2466 2518 2499 enim

1452 2518 1512 2551 ista
1536 2526 1584 2550 est
1607 2529 1693 2558 vera,
1718 2516 1844 2550 bonum
1867 2528 1935 2550 non
1959 2525 2008 2549 est
2036 2515 2175 2556 malum,
2204 2516 2280 2560 quia
2307 2515 2434 2548 bonum
2468 2523 2518 2548 est

1452 2566 1588 2607 bonum,
1613 2575 1646 2599 et
1662 2577 1729 2599 non
1749 2578 1766 2599 e
1787 2574 1916 2606 contra3
1937 2577 2016 2609 ergo
2033 2566 2138 2610 prima
2158 2576 2241 2609 quae
2265 2572 2315 2597 est
2333 2563 2516 2597 secundum

1452 2627 1486 2648 se
1510 2626 1604 2655 vera,
1629 2623 1678 2648 est
1708 2615 1812 2659 magis
1835 2626 1911 2648 vera
1942 2625 2041 2659 quam
2073 2609 2234 2646 secunda:
2268 2613 2344 2657 quia
2373 2613 2406 2645 in
2430 2623 2515 2645 uno-

1452 2675 1585 2708 quoque
1615 2675 1734 2706 genere
1763 2674 1846 2708 quae
1877 2662 2060 2696 secundum
2089 2674 2123 2696 se
2157 2671 2206 2695 est
2228 2673 2304 2695 vera
2333 2670 2382 2694 est
2411 2660 2516 2704 magis

1451 2723 1536 2746 vera.
1567 2711 1644 2745 Illae
1673 2721 1782 2744 autem
1811 2711 1894 2745 duae
1922 2711 2020 2744 falsae
2051 2711 2169 2744 eodem
2200 2709 2302 2744 modo
2336 2708 2516 2743 censendae

1452 2769 1543 2801 sunt,
1573 2759 1662 2805 quod
1693 2760 1816 2793 scilicet
1843 2761 1947 2804 magis
1970 2759 2049 2793 falsa
2072 2768 2136 2800 est,
2164 2770 2247 2804 quae
2275 2757 2458 2791 secundum
2480 2769 2516 2791 se

1452 2819 1502 2843 est
1520 2809 1607 2842 falsa.
1629 2809 1726 2842 Unde
1739 2809 1815 2854 quia
1834 2809 1939 2853 prima
1955 2819 2078 2848 earum,
2091 2807 2225 2848 scilicet,
2241 2806 2367 2840 bonum
2383 2817 2452 2840 non
2468 2814 2518 2840 est

1453 2859 1596 2899 bonum,
1621 2869 1703 2903 quae
1721 2867 1770 2891 est
1788 2859 1949 2901 negativa,
1966 2867 2015 2891 est
2034 2868 2091 2901 per
2114 2868 2148 2889 se
2172 2865 2204 2890 et
2228 2867 2296 2889 non
2324 2856 2450 2889 ratione
2473 2854 2518 2888 al-

1453 2908 1553 2940 terius
1577 2906 1665 2947 falsa,
1685 2906 1784 2940 relata
1808 2905 1848 2940 ad
1872 2905 1960 2939 illam
1981 2905 2218 2943 affirmativam,
2238 2903 2364 2937 bonum
2395 2912 2444 2936 est
2462 2902 2518 2937 bo—

1453 2965 1552 2996 num;
1577 2964 1609 2989 et
1632 2954 1794 2995 secunda,
1826 2954 1959 2995 scilicet,
1983 2954 2109 2987 bonurn
2133 2962 2182 2986 est
2205 2951 2341 2993 malum,
2365 2963 2448 2997 quae
2468 2960 2518 2985 est

1453 3003 1644 3036 affirmativa
1669 3003 1830 3043 contrarii,
1847 3002 1887 3036 ad
1911 3002 2062 3035 eamdem
2081 3000 2180 3034 relata
2204 3009 2253 3033 est
2268 2999 2347 3033 falsa
2364 3010 2423 3044 per
2438 3000 2518 3033 acci-

1453 3051 1548 3092 dens,
1579 3051 1663 3085 idest
1686 3052 1811 3084 ratione
1835 3051 1966 3084 alterius
1990 3051 2074 3096 (ista
2098 3050 2204 3090 enim,
2229 3049 2367 3088 scilicet,
2391 3047 2517 3082 bonum

1453 3109 1501 3133 est
1518 3099 1652 3140 malum,
1668 3111 1736 3132 non
1754 3098 1940 3132 immediate
1960 3098 2146 3132 falsificatur
2165 3098 2204 3131 ab
2224 3097 2277 3131 illa
2296 3107 2382 3138 vera,
2395 3096 2518 3131 scilicet

1453 3148 1578 3182 bonum
1602 3157 1651 3181 est
1673 3148 1810 3188 bonum,
1834 3147 1891 3181 sed
1916 3147 2079 3181 mediante
2103 3146 2157 3180 illa
2181 3146 2242 3179 alia
2265 3145 2359 3187 falsa,
2383 3145 2516 3186 scilicet,

1453 3197 1578 3230 bonum
1595 3208 1662 3230 non
1679 3206 1729 3230 est
1744 3196 1898 3241 bonum);
1915 3196 2037 3230 idcirco
2050 3197 2154 3240 magis
2174 3195 2252 3229 falsa
2269 3204 2419 3239 respectu
2436 3193 2518 3228 affir-

1453 3246 1606 3279 mationis
1626 3256 1720 3278 verae
1738 3254 1787 3278 est
1810 3245 1941 3288 negatio
1962 3243 2109 3278 eiusdem
2129 3254 2228 3288 quarn
2248 3242 2419 3277 affirmatio
2439 3253 2515 3276 con-

1453 3294 1550 3327 trarii.
1572 3292 1676 3334 Quod
1696 3302 1763 3326 erat
1786 3302 1993 3337 assumptum
2022 3293 2056 3326 in
2079 3293 2216 3326 minore.

1519 3344 1551 3375 6.
1570 3341 1666 3375 Unde
1685 3341 1813 3375 rediens
1829 3341 1869 3375 ad
1889 3352 1987 3385 supra
2006 3341 2129 3385 positas
2147 3339 2203 3385 (ut
2219 3339 2343 3374 dictum
2364 3338 2427 3382 est)
2443 3338 2514 3382 opi-

1454 3391 1581 3430 niones,
1598 3389 1693 3424 infert
1711 3390 1832 3434 primas
1848 3389 1928 3423 duas
1947 3401 2039 3423 veras
2059 3389 2232 3433 opiniones
2252 3388 2378 3422 dicens:
2396 3386 2428 3421 si
2449 3397 2515 3430 ergo

1452 3439 1532 3483 quod
1555 3438 1666 3472 bonum
1689 3445 1730 3472 est
1745 3445 1771 3472 et
1787 3439 1897 3472 bonum
1913 3445 1954 3472 est
1971 3445 1998 3472 et
2020 3450 2080 3472 non
2099 3444 2139 3471 est
2161 3437 2292 3477 malum,⁴
2307 3444 2340 3470 et
2362 3434 2426 3468 hoc
2443 3435 2514 3479 qui-

1455 3487 1541 3528 dem,
1565 3487 1687 3521 scilicet
1704 3487 1794 3532 quod
1818 3487 1896 3521 dicit
1919 3487 2024 3531 prima
2048 3487 2173 3530 opinio,
2189 3494 2239 3519 est
2266 3495 2380 3518 verum
2404 3494 2516 3516 secun-

1455 3535 1535 3569 dum
1563 3548 1608 3576 se,
1633 3535 1716 3570 idest
1740 3536 1864 3569 ratione
1889 3536 1955 3575 sui;
1979 3534 2060 3568 illud
2083 3545 2173 3574 vero,
2186 3532 2309 3566 scilicet
2329 3530 2418 3576 quod
2438 3530 2516 3565 dicit
