2548 4192
919 279 973 314 IN
1003 278 1041 314 S.
1063 278 1304 315 THOMAM
1332 278 1656 324 AQUINATEM

561 358 773 395 CAPUT
810 358 879 394 IX.

183 465 306 490 Rationes
324 463 451 488 humanas
470 467 495 487 et
513 461 729 495 philosophorum
745 461 906 486 auctoritates
926 461 1030 486 adhibet
1053 461 1170 486 Thomas
1191 463 1258 486 mul-

253 499 331 532 tiplici
350 498 448 522 ratione
473 502 615 530 permotus.
635 497 824 522 Aristotelicum
850 496 1041 530 philosophiam
1067 497 1154 522 nititur
1173 498 1254 522 conci-

254 531 316 559 liare
334 541 394 558 cum
413 533 544 558 Catholica
563 531 706 564 Religione.
718 533 791 563 Quae
809 532 946 565 praecipua
966 533 1064 565 profert
1078 532 1257 565 philosophica

253 570 422 599 documenta,
442 568 562 593 facillime
585 568 657 593 vario
681 576 710 593 ac
734 568 867 601 multiplici
892 567 1108 601 philosophorum
1133 569 1257 594 sistemati

255 605 336 638 aptari
355 609 474 638 possunt.

184 710 207 741 1.
231 703 437 787 Nondum
461 709 592 741 fortasse
627 709 739 740 sileant
769 709 944 740 adversarii.
975 709 1065 750 ipsa,
1086 710 1256 751 inquiunt,

313 755 419 796 Opera
441 755 600 792 Thomae,
625 763 707 796 quae
731 765 790 784 nos
814 754 989 784 evolvenda
1011 754 1193 794 indicimus,
1212 756 1257 786 di-

182 800 332 841 ligentius
355 800 599 840 perlustrentur:
625 799 736 839 utique
759 809 831 839 pars
855 799 1012 837 maxima,
1036 799 1172 830 velimus
1200 811 1256 831 no-

182 845 290 882 limus,
314 844 346 874 in
369 844 518 874 humanis
542 844 727 882 rationibus,
752 844 785 873 in
809 843 1078 884 philosophorum
1103 845 1204 882 dictis,
1224 845 1256 875 in

183 889 327 920 doctrina
350 889 528 919 Aristotelis
551 888 732 919 insumitur.
750 888 1036 928 Opulentissimam
1059 888 1257 929 philosophi-

182 944 254 965 cam
277 933 507 974 supellectilem
529 933 615 964 haud
639 943 699 973 ego
723 933 903 972 negaverim
926 932 959 962 in
983 932 1142 974 Operibus
1167 934 1256 964 Tho-

181 985 272 1009 mae:
295 985 326 1009 at
349 978 446 1008 simul
477 978 585 1018 ips'um
608 985 711 1018 partes
743 986 855 1007 omnes
888 977 1068 1018 theologiae
1097 979 1258 1008 revelatae

182 1023 324 1063 explesse
348 1022 471 1053 fatearis
494 1029 529 1053 tu
553 1029 695 1062 oportet;
717 1031 791 1051 cum
810 1021 938 1062 propria
955 1028 985 1052 et
1000 1031 1149 1061 germana
1172 1022 1257 1062 prin-

183 1067 266 1108 cipia
289 1067 367 1104 eius,
394 1077 469 1097 cum
492 1076 575 1107 opus
600 1066 669 1104 fuit,
694 1065 936 1106 praetermiserit
959 1075 1158 1106 numquam,
1177 1066 1256 1097 Scri-

181 1118 349 1152 pturarum
372 1111 490 1141 scilicet
510 1110 750 1149 auctoritatem,
771 1109 973 1141 traditionem
993 1110 1122 1140 patrum
1146 1117 1176 1140 et
1199 1111 1257 1141 Ec-

181 1155 295 1186 clesiae
319 1156 450 1185 decreta.
474 1155 509 1184 ld
533 1164 606 1184 sane
630 1152 668 1184 ab
693 1154 851 1195 Aquinate
878 1154 1063 1194 praestitum
1093 1164 1205 1184 censor
1228 1162 1259 1186 et

183 1206 348 1230 accusator
369 1199 549 1238 theologiae
572 1198 789 1229 Thomisticae
808 1197 938 1228 inficiari
962 1208 1027 1228 non
1051 1198 1161 1237 potuit,
1179 1199 1257 1229 Bru-

182 1241 304 1280 ckerus,
321 1244 405 1274 ultro
422 1242 621 1274 consentiens
644 1243 677 1273 in
699 1242 876 1283 theologica
898 1242 1124 1283 disceptatione
1139 1243 1257 1283 passim

181 1289 362 1330 quaesitum
377 1284 487 1328 fuisse
511 1298 528 1318 a
552 1288 681 1318 Thoma
697 1287 941 1328 Scripturarum
966 1292 997 1317 et
1019 1288 1153 1318 Patr-um
1183 1297 1256 1318 con-

181 1330 531 1369 sensumjcur‘srero
565 1332 721 1362 humanas
754 1331 891 1362 rationes
925 1337 956 1361 et
987 1331 1257 1372 philosophorum

151 1384 155 1385 ⁷
181 1374 375 1409 documenta
399 1387 465 1407 non
490 1374 700 1407 adhibuisset?
720 1376 755 1406 ld
774 1385 874 1416 genus
898 1382 1084 1415 argumenta
1107 1383 1143 1406 ut
1166 1387 1255 1407 usur-

181 1428 270 1463 paret
289 1428 422 1462 utraque
448 1422 636 1461 exposcebat
659 1420 821 1461 theologia
850 1421 991 1451 revelata
1020 1426 1051 1451 et
1075 1422 1254 1460 naturalis,

181 1466 245 1497 alio
263 1474 371 1497 tamen
394 1465 510 1497 etalio
535 1465 645 1496 modo.

248 1510 389 1542 Primam
412 1510 544 1541 huiusce
568 1508 691 1540 consilii
715 1519 844 1540 causam
865 1508 932 1549 ipse
949 1509 1089 1540 edisserit
1111 1509 1255 1540 Thomas

182 1555 194 1586 1
217 1565 262 1596 p.,
278 1565 319 1597 q.
343 1561 440 1592 1,.art.
465 1565 520 1585 vm
536 1555 576 1585 ad
593 1561 632 1585 2:
661 1554 780 1590 Utitur,
798 1553 965 1594 inquiens,
990 1564 1086 1584 sacra
1109 1554 1256 1585 doctrina

184 1601 280 1631 etiam
305 1600 432 1630 ratione
446 1599 609 1630 humana:
628 1609 691 1629 non
707 1598 832 1639 quidem
849 1598 893 1628 ad
901 1598 1105 1638 probandam
1111 1599 1254 1640 fidem...

180 1644 239 1676 sed
261 1644 305 1675 ad
320 1643 593 1685 manifestandum
618 1644 728 1684 aliqua
744 1643 822 1680 alia,
840 1652 923 1683 quae
946 1643 1123 1673 traduntur
1146 1645 1178 1674 in
1195 1644 1256 1674 hac

178 1698 277 1720 sacra
293 1689 474 1719 doctrina...
484 1688 528 1719 Et
544 1688 618 1718 inde
641 1693 698 1725 est,
715 1687 800 1728 quod
815 1689 910 1718 etiam
927 1687 1172 1718 auctoritatibus
1182 1689 1255 1728 phi-

180 1733 385 1774 losophorum
418 1743 514 1764 sacra
554 1732 701 1763 doctrina
731 1733 843 1762 utitur.
871 1732 941 1772 Ipsa
974 1742 1089 1772 nempe
1122 1732 1256 1763 revelata

180 1778 333 1818 dogmata
363 1783 418 1808 aut
440 1777 588 1818 mysteria
621 1776 693 1807 fidei
718 1775 904 1807 notionibus
934 1776 1126 1817 quibusdam
1150 1777 1254 1817 impli-

180 1822 243 1853 cita
265 1832 301 1852 ac
324 1822 435 1852 vestita
459 1828 685 1862 proponuntur
714 1820 887 1858 credenda,
908 1830 986 1861 quas
1018 1820 1193 1861 plurimum
1218 1821 1254 1852 il-

180 1866 312 1897 lustrare
334 1866 417 1896 valet
441 1865 519 1896 ratio
544 1865 704 1896 naturalis.
724 1864 920 1895 Huiusmodi
950 1871 1024 1895 sunt
1047 1865 1254 1904 Substantia,

180 1911 342 1948 Essentia,
361 1910 583 1947 Subsistentia,
601 1910 757 1946 Persona,
783 1909 971 1940 Absolutum
996 1915 1027 1940 et
1050 1910 1253 1947 Relativum,

180 1955 323 1992 Natura,
350 1954 574 1995 Suppositum‚
601 1954 820 1990 Indivffluum,
847 1955 954 1991 Actio,
980 1954 1107 1992 Passio,
1135 1955 1256 1996 agendi

181 2000 391 2040 Principium,
416 1999 614 2036 Accidentia,
642 1999 779 2039 Species,
796 1999 950 2036 Habitus,
977 1999 1162 2030 Facultates
1185 2001 1254 2030 ani-

181 2054 254 2075 mae
275 2049 305 2075 et
330 2045 494 2085 energiae,
507 2044 656 2074 Liberum
668 2043 850 2080 arbitrium,
868 2043 1065 2080 Intellectus,
1090 2044 1253 2082 Voluntas,

181 2088 320 2126 Iudicia,
348 2088 463 2125 Ideae,
490 2089 626 2119 Amores
648 2087 847 2128 affectusque
869 2089 985 2124 animi,
1013 2088 1252 2128 Spontaneum,

188 2133 424 2170 Voluntarium‚
436 2133 674 2170 Necessarium,
689 2132 898 2174 Contingens,
911 2131 1137 2173 Indifferentia
1148 2140 1179 2163 et
1195 2133 1254 2164 alia

177 2177 211 2208 id
227 2187 327 2217 genus
344 2177 520 2208 innumera.
539 2177 742 2208 inferioribus
766 2177 914 2207 humanis
935 2177 1106 2217 disciplinis
1128 2188 1163 2208 ac
1185 2178 1253 2218 phi-

177 2221 392 2262 losophorum
409 2222 609 2252 documentis
634 2221 733 2252 utitur
757 2221 929 2261 theologia,
947 2232 1040 2252 voces
1066 2221 1253 2253 huiusmodi

178 2273 215 2297 ut
239 2266 295 2297 rite
313 2273 460 2306 exponat,
478 2276 609 2307 remque
629 2266 803 2297 subiectam
819 2273 900 2296 recte
920 2265 1066 2297 definiat:
1087 2267 1176 2307 quod
1194 2267 1253 2297 nisi

175 2310 358 2351 diligentius
382 2317 562 2351 praestaret,
589 2321 692 2352 neque
717 2321 835 2341 errores
859 2310 1001 2341 invectos
1025 2310 1098 2341 satis
1128 2312 1253 2342 convel-

175 2355 264 2391 leret,
281 2365 385 2396 neque
409 2356 447 2386 ab
472 2355 639 2386 emersuris
663 2362 870 2395 praecaveret.

245 2399 351 2431 Causa
388 2399 483 2430 altera
516 2410 553 2430 ex
586 2410 624 2430 eo
657 2399 836 2439 theologiae
869 2409 1000 2429 munere
1024 2399 1252 2440 proficiscitur,

178 2444 269 2485 quod
293 2445 380 2475 circa
414 2454 543 2474 errores
566 2445 748 2475 contrarios
779 2444 1010 2481 destruendos,
1031 2451 1061 2474 et
1095 2445 1175 2475 circa
1198 2455 1252 2475 ra-

178 2490 290 2525 tiones,
309 2498 392 2529 quae
416 2494 529 2519 contra
555 2490 720 2519 veritatem
745 2494 961 2529 opponuntur,
986 2489 1158 2519 solvendas
1181 2499 1250 2520 ver-

177 2539 273 2563 satur.
291 2532 465 2572 Religionis
489 2532 606 2571 hostes,
627 2532 808 2563 cuiusmodi
833 2532 919 2563 fuere
947 2533 1077 2573 pagani,
1104 2534 1252 2564 adversus

176 2577 380 2608 christianam
403 2576 500 2607 fidem
533 2577 600 2607 sola
625 2577 795 2614 naturalis,
822 2577 888 2607 imo
917 2577 1048 2607 carnalis
1081 2578 1252 2618 sapientiae

177 2631 265 2652 arma
288 2622 468 2652 vertebant:
493 2621 571 2662 quin
596 2622 691 2652 etiam
715 2621 876 2652 haereticis
897 2621 1049 2652 familiare
1073 2621 1106 2652 id
1129 2629 1192 2660 est,
1218 2629 1254 2653 ut

178 2666 356 2706 Scripturae
379 2666 482 2696 verbis
504 2676 593 2696 more
617 2676 677 2697 suo
700 2666 875 2706 depravatis
896 2673 951 2696 aut
973 2676 1138 2706 perperam
1161 2666 1252 2697 intel-

177 2710 266 2741 lectis
290 2717 472 2740 commenta
495 2710 647 2741 misceant
670 2711 829 2741 humanae
853 2710 994 2747 rationis,
1010 2718 1046 2741 ut
1064 2711 1210 2741 traditam
1234 2722 1252 2742 a

177 2754 353 2785 maioribus
377 2754 474 2784 fidem
498 2765 514 2785 e
539 2755 784 2795 simplicioribus
808 2755 976 2786 eradicent.
996 2755 1079 2785 Hinc
1104 2755 1253 2796 sapientis

177 2799 319 2838 theologi
353 2799 523 2829 consilium
546 2799 678 2840 quidem
708 2810 774 2830 esse
798 2810 864 2830 non
893 2806 1017 2840 potest,
1043 2807 1078 2830 ut
1101 2800 1181 2830 circa
1204 2810 1253 2831 se-

177 2843 316 2874 cundam
342 2845 523 2880 veritatem,
544 2854 626 2884 quae
650 2851 779 2874 naturae
802 2844 913 2874 lumen
943 2844 1081 2880 excedit,
1099 2845 1251 2875 adversa-

179 2888 264 2917 rium
281 2888 460 2918 rationibus
479 2889 663 2919 convincat:
681 2889 738 2919 sed
759 2894 793 2919 ut
809 2890 878 2919 eius
894 2890 1035 2919 rationes
1056 2887 1164 2931 (verba
1180 2896 1253 2920 sunt

178 2931 326 2962 Doctoris
350 2930 523 2974 Thomae),
549 2943 631 2973 quas
654 2938 767 2964 contra
792 2934 957 2963 veritatem
988 2933 1099 2970 habet,
1127 2934 1253 2971 solvat;

177 2985 251 3006 cum
269 2976 396 3006 veritati
401 2976 487 3017 fidei
503 2978 586 3007 ratio
604 2978 765 3008 naturalis
781 2978 947 3008 contraria
965 2987 1033 3008 esse
1056 2988 1118 3008 non
1139 2979 1251 3018 possit.

180 3019 300 3050 Mirum
324 3029 398 3059 ergo
423 3031 489 3050 esse
513 3031 580 3051 non
604 3022 706 3058 debet,
731 3021 756 3051 si
780 3021 890 3052 locum
914 3021 1149 3062 amplissimum
1173 3022 1253 3052 inter

182 3063 424 3103 disceptationes
457 3065 650 3104 theologicas
683 3065 825 3096 obtinere
857 3066 959 3096 valeat
988 3065 1129 3097 humana
1153 3067 1251 3105 ratio,

180 3108 410 3148 philosophicis
432 3108 615 3149 disciplinis,
636 3116 665 3140 et
681 3109 950 3151 philosophorum
967 3110 1166 3141 documentis
1182 3121 1253 3141 mu-

180 3152 257 3189 nita,
279 3159 315 3182 ut
338 3152 444 3183 obices
468 3159 576 3183 contra
606 3152 703 3183 fidem
727 3164 763 3185 ex
786 3154 855 3194 ipsa
887 3154 1007 3185 ratione
1032 3155 1172 3185 humana
1196 3165 1252 3195 op-

181 3197 277 3237 positi
301 3196 421 3227 felicius
445 3204 678 3235 removeantur,
695 3208 730 3229 ac
754 3198 833 3229 nihil
856 3208 922 3229 esse
946 3199 979 3229 in
1003 3199 1096 3229 rebus
1120 3200 1159 3229 ad
1188 3209 1252 3229 cre-

183 3241 325 3271 dendum
348 3241 519 3281 propositis
551 3241 656 3272 lucide
679 3242 873 3280 innotescat,
898 3243 987 3283 quod
1011 3243 1156 3274 credibile
1187 3253 1253 3273 non

180 3285 231 3323 sit,
249 3295 284 3315 ac
308 3285 333 3315 si
357 3285 486 3315 rationis
509 3285 668 3316 humanae
690 3286 804 3317 lumini
828 3294 1025 3327 repugnaret.

247 3330 360 3370 Neque
379 3336 536 3369 praeterea
557 3330 724 3360 revelatam
742 3331 936 3370 theologiam
953 3331 1081 3361 dedecet
1097 3331 1135 3360 ad
1151 3330 1253 3370 ipsam

180 3375 358 3410 veritatem,
371 3383 452 3414 quae
469 3373 624 3404 rationem
641 3374 770 3410 excedit,
782 3375 1025 3415 quodammodo
1041 3374 1252 3415 manifestan-

177 3418 255 3448 dam
273 3419 415 3448 rationes
438 3418 565 3458 aliquas
588 3419 775 3449 verisimiles
799 3419 966 3449 inducere:
988 3428 1069 3459 quae
1091 3418 1180 3448 tertia
1196 3418 1251 3455 rei,

180 3472 244 3503 qua
269 3463 307 3492 de
331 3462 465 3502 agimus,
483 3472 575 3492 causa
599 3469 654 3492 est.
672 3462 761 3492 Fidei
786 3472 925 3503 namque
942 3462 1138 3492 severitatem
1161 3462 1253 3502 quid-

181 3506 214 3536 ni
231 3507 354 3546 mitiget
368 3507 609 3537 accommodata
625 3506 664 3536 ad
681 3506 794 3536 mentis
806 3513 930 3536 nostrae
946 3513 1075 3546 captum
1091 3506 1252 3536 rationum

181 3551 400 3581 verisimilium
424 3550 573 3588 facilitas,
602 3557 638 3581 ut
659 3551 747 3581 velut
770 3550 872 3580 mellis
906 3550 1071 3581 cuiusdam
1101 3550 1253 3580 suavitate

180 3593 302 3625 inducti
326 3595 492 3632 homines,
519 3595 557 3625 ad
582 3595 751 3625 salutarem
783 3594 856 3625 fidei
881 3594 1055 3624 amaritiem
1083 3601 1252 3634 perpotan-

180 3638 258 3669 dam
286 3640 539 3680 gustandamque
572 3637 761 3670 illiciantur?
780 3639 848 3669 Iam
875 3638 962 3669 vides
994 3638 1184 3669 latissimum
1206 3648 1253 3668 ra-

2223 292 2389 317 cccxxvn

1313 356 1408 387 tionis
1431 357 1591 387 humanae
1614 367 1730 395 usum,
1751 357 1922 398 ipsumque
1946 358 2137 390 laudabilem
2160 361 2193 391 in
2222 372 2306 393 sacra
2330 364 2387 395 do-

1313 398 1420 431 ctrina.
1446 401 1513 432 Cur
1536 411 1610 442 ergo
1635 402 1716 432 hanc
1739 409 1861 442 partem
1890 402 1954 432 suis
1979 403 2011 433 in
2036 404 2194 443 Operibus
2223 407 2261 436 ab
2285 409 2385 449 Aqui-

1312 452 1384 475 nate
1407 446 1564 485 expletam
1587 456 1725 483 accuses,
1741 447 1951 485 calumnieris,
1968 446 2108 478 reiicias?

1379 490 1602 520 Animadverte
1632 492 1774 521 rationes
1801 491 2042 530 huiuscemodi,
2067 502 2150 533 quae
2174 494 2212 523 ad
2241 495 2385 527 veritates

1312 534 1462 564 revelatas
1479 535 1723 575 quodammodo
1739 535 1982 566 manifestandas
1998 537 2203 574 inducuntur,
2220 540 2326 569 vocari
2343 542 2382 571 ab

1311 578 1470 618 Aquinate
1493 579 1571 609 locis
1588 579 1687 610 citatis
1705 581 1902 617 verisimiles,
1918 581 2112 620 probabiles,
2130 582 2259 620 debiles,
2278 585 2382 626 insuf-

1300 623 1461 663 ficientes,
1479 628 1663 660 extraneas,
1690 634 1756 654 non
1779 625 1823 654 ad
1846 625 2095 656 convincendum
2125 627 2298 665 adhibitas,
2325 629 2380 659 sed

1310 667 1354 697 ad
1365 667 1517 708 fidelium
1542 669 1730 698 exercitium
1755 674 1785 699 et
1807 670 1968 699 solatium.
1993 669 2198 701 calumniam
2221 681 2296 711 ergo
2318 673 2378 703 im-

1310 712 1539 751 pudentissime
1559 712 1736 742 Bruckerus
1755 713 1920 753 inrogavit,
1942 714 1998 754 qui
2018 714 2165 745 Thomae
2187 716 2384 757 theologiam

1311 762 1420 786 notare
1444 766 1539 786 ausus
1570 763 1616 786 est
1646 756 1743 787 veluti
1773 764 1875 787 totam
1895 758 2167 799 philosophicam,
2193 761 2255 791 imo
2277 763 2383 802 genti-

1311 801 1391 830 lem:
1408 800 1441 830 in
1465 810 1529 841 qua
1552 800 1794 840 Scripturarum
1820 807 1850 832 et
1878 802 2011 832 Patrum
2045 813 2218 835 consensus
2250 807 2383 836 rationi-

1311 845 1369 875 bus
1391 845 1640 885 methaphysicis
1661 850 1692 875 et
1715 846 1977 885 philosophorum
2003 849 2190 879 testimoniis
2214 850 2382 890 confirme-

1311 894 1385 926 tur,
1407 898 1623 929 magnumque
1641 894 1787 929 ponatur
1809 899 1923 920 sacrae
1941 891 2107 922 doctrinae
2126 894 2326 932 praesidium
2347 896 2379 926 in

1310 934 1492 963 Aristotelis
1515 933 1729 973 philosophia.
1755 933 1930 964 Enormem
1961 935 2153 966 calumniam
2183 937 2243 967 alia
2271 938 2379 978 proffi-

1311 984 1386 1016 gant
1408 977 1658 1007 luculentissima
1685 977 1831 1007 Thomae
1855 979 1948 1008 verba
1972 979 2004 1008 in
2030 987 2124 1020 caput
2148 991 2158 1010 1
2182 982 2343 1021 Epistolae
2367 984 2380 1014 1

1312 1021 1351 1051 ad
1375 1021 1531 1059 Corinth„
1549 1021 1682 1051 lectione
1706 1028 1754 1051 111:
1781 1035 1794 1049 ‹
1817 1022 1913 1052 Aliud
1938 1029 1993 1061 est,
2011 1024 2192 1064 inquientis,
2210 1027 2324 1057 docere
2347 1029 2380 1058 in

1313 1077 1328 1092 »
1350 1066 1508 1105 sapientia
1534 1066 1630 1102 verbi,
1649 1075 1856 1106 quocumque
1879 1067 1977 1097 modo
2010 1067 2219 1108 intelligatur:
2240 1078 2271 1101 et
2293 1071 2379 1102 aliud

1314 1121 1328 1135 »
1352 1111 1399 1139 uti
1427 1110 1584 1149 sapientia
1619 1110 1706 1139 verbi
1728 1109 1759 1139 in
1785 1111 1941 1141 docendo.
1966 1111 2019 1141 llle
2043 1113 2075 1142 in
2104 1115 2261 1153 sapientia
2295 1116 2383 1146 verbi

1314 1166 1328 1180 a>
1351 1153 1452 1190 docet,
1470 1152 1526 1194 qui
1551 1153 1736 1193 sapientiam
1761 1154 1846 1184 verbi
1870 1155 1982 1195 accipit
1991 1165 2054 1195 pro
2072 1158 2248 1198 principali
2270 1160 2380 1191 radice

1314 1210 1328 1224 ι»
1350 1207 1430 1228 suae
1446 1197 1631 1228 doctrinae:
1650 1198 1692 1228 ita
1708 1198 1824 1228 scilicet
1847 1200 1935 1238 quod
1953 1209 1988 1229 ea
2004 1200 2110 1230 solum
2127 1204 2280 1242 approbet
2295 1214 2379 1244 quae

1314 1254 1329 1269 2»
1351 1241 1437 1272 verbi
1461 1241 1647 1281 sapientiam
1671 1242 1849 1280 continent,
1873 1244 2019 1283 reprobet
2041 1251 2148 1275 autem
2172 1256 2208 1276 ea
2228 1257 2309 1287 quae
2332 1259 2380 1278 sa-

1314 1299 1328 1314 »
1351 1286 1504 1327 pientiam
1520 1286 1606 1316 verbi
1630 1296 1695 1316 non
1711 1286 1836 1317 habent.
1855 1287 1895 1317 Et
1917 1288 1978 1318 hoc
1984 1288 2070 1328 fidei
2086 1296 2132 1319 est
2147 1293 2377 1331 corruptivum.

1314 1344 1328 1358 2
1355 1331 1465 1361 Utitur
1488 1336 1595 1361 autem
1617 1332 1774 1371 sapientia
1804 1332 1910 1369 verbi,
1928 1333 1983 1373 qui
2004 1335 2175 1373 suppositis
2200 1345 2294 1366 verae
2299 1337 2385 1376 fidei

1313 1387 1328 1402 ιι
1342 1375 1587 1417 fundamentis,
1616 1375 1642 1405 si
1674 1385 1738 1416 qua
1771 1385 1843 1405 vera
1873 1376 1906 1406 in
1939 1377 2088 1407 doctrinis
2117 1378 2384 1420 philosophorum

1314 1432 1328 1447 »
1351 1419 1500 1458 inveniat,
1518 1421 1550 1450 in
1568 1420 1750 1460 obsequium
1757 1420 1843 1461 fidei
1864 1423 2009 1452 assumit.
2028 1434 2043 1449 »
2064 1422 2233 1454 innumera
2256 1431 2330 1455 sunt
2350 1424 2383 1455 id

1311 1474 1411 1504 genus
1434 1471 1600 1504 praecepta
1623 1464 1655 1494 in
1680 1464 1839 1504 Operibus
1862 1465 2019 1497 Thomae.
2300 1487 2303 1491 -

1377 1509 1574 1539 Postremam
1599 1519 1727 1539 causam
1759 1509 1940 1549 suppeditat
1964 1510 2018 1540 illa
2041 1511 2221 1552 theologiae
2244 1518 2381 1543 natura-

1311 1554 1352 1584 lis
1375 1553 1569 1583 consociatio
1599 1563 1673 1583 cum
1697 1554 1856 1591 revelata,
1883 1564 1965 1595 quae
1994 1554 2027 1585 in
2050 1555 2210 1595 Operibus
2233 1557 2382 1588 Thomae

1311 1597 1448 1628 maxime
1463 1604 1602 1638 apparet.
1614 1597 1744 1628 Divinas
1758 1598 1912 1636 veritates,
1924 1609 2005 1639 quae
2021 1600 2060 1629 ad
2077 1601 2211 1630 eandem
2226 1601 2384 1641 pertinent

1310 1642 1506 1682 theologiam
1522 1642 1708 1680 naturalem,
1725 1642 1841 1672 indicat
1858 1643 2000 1683 Aquinas
2024 1644 2105 1674 libro
2121 1645 2132 1675 1
2160 1645 2280 1675 Contra
2304 1656 2379 1686 gen-

1311 1693 1367 1724 tes,
1385 1697 1452 1727 cap.
1464 1694 1513 1717 111:
1534 1687 1700 1724 Quaedam
1717 1693 1803 1724 sunt,
1819 1687 1977 1727 inquiens,
1995 1688 2111 1727 divina,
2128 1690 2172 1719 ad
2187 1700 2269 1730 quae
2285 1692 2381 1720 etiam

1311 1732 1394 1761 ratio
1427 1732 1588 1762 naturalis
1614 1733 1805 1772 pertingere
1832 1737 1958 1772 potest:
1984 1734 2067 1764 sicut
2095 1739 2142 1764 est
2163 1735 2268 1765 Deum
2293 1744 2380 1773 esse,

1310 1776 1415 1805 Deum
1441 1785 1509 1806 esse
1534 1785 1633 1806 unum
1663 1781 1693 1806 et
1716 1777 1782 1806 alia
1806 1777 2002 1814 huiusmodi,
2026 1788 2108 1818 quae
2128 1780 2222 1809 etiam
2241 1780 2381 1819 philoso-

1304 1820 1364 1860 phi
1386 1819 1636 1850 demonstrative
1659 1821 1698 1850 de
1721 1821 1790 1850 Deo
1808 1822 2039 1861 probaverunt,
2057 1823 2145 1853 ducti
2163 1824 2308 1854 naturali
2331 1824 2379 1854 lu-

1311 1865 1396 1894 mine
1419 1865 1562 1895 rationis.
1581 1864 1767 1895 Latissimus
1791 1872 1876 1905 patet
1900 1876 2045 1906 campus,
2071 1867 2103 1896 in
2127 1877 2193 1907 quo
2218 1868 2382 1908 exspatiari

1310 1908 1419 1939 debuit
1442 1908 1577 1939 sublime
1601 1909 1766 1949 ingenium
1789 1910 1955 1947 Thomae,
1974 1921 2033 1941 usu
2058 1910 2140 1942 facto
2170 1912 2298 1942 rationis
2322 1913 2381 1943 hu-

1310 1963 1422 1984 manae
1448 1960 1478 1983 et
1501 1953 1796 1994 philosophicarum
1821 1954 2068 1994 disciplinarum.
2099 1956 2172 1986 Huc
2202 1956 2287 1986 enim
2310 1967 2381 1996 spe-

1310 2004 1394 2028 ctant
1418 1998 1568 2038 Supremi
1592 1998 1743 2029 Numinis
1767 1999 1946 2036 existentia,
1966 1999 2097 2040 eiusque
2122 2000 2280 2038 attributa,
2298 2001 2380 2031 Sim-

1304 2043 1445 2083 plicitas,
1462 2042 1633 2083 PerfectiO,
1650 2043 1796 2080 Bonitas,
1814 2043 1973 2084 Infinitas‚
1992 2044 2205 2081 Immensitas,
2222 2045 2378 2076 Immuta-

1308 2087 1426 2125 bilitas,
1446 2088 1640 2124 Aeternitas,
1662 2088 1786 2124 Unitas,
1804 2088 1954 2125 Scientia,
1986 2089 2117 2126 Veritas,
2146 2090 2308 2127 Voluntas,
2326 2091 2378 2120 Li-

1308 2132 1425 2169 bertas,
1446 2132 1663 2169 Providentia,
1690 2132 1829 2169 Iustitia,
1857 2133 2092 2170 Misericordia,
2120 2133 2375 2174 Omnipotentia,

1311 2177 1452 2213 Creatio,
1473 2186 1645 2217 rerumque
1660 2177 1853 2216 spiritalium
1871 2183 1901 2207 et
1916 2187 2144 2217 corporearum
2167 2178 2372 2209 Gubernatio.

1308 2222 1395 2251 Haec
1419 2221 1529 2251 omnia
1552 2228 1588 2251 ut
1610 2221 1791 2258 illustraret,
1818 2221 2026 2252 luculentiora
2051 2222 2194 2262 collegit,
2221 2233 2302 2263 quae
2330 2233 2376 2253 sa-

1307 2265 1478 2305 pientiores
1508 2265 1651 2306 gentium
1675 2265 1858 2306 philosophi
1883 2266 2072 2296 tradiderant
2095 2267 2303 2297 documenta:
2324 2267 2377 2297 ad-

1308 2310 1417 2350 ditque
1450 2310 1516 2350 ipse
1540 2320 1598 2350 pro
1623 2309 1672 2340 sui
1704 2310 1850 2340 acumine
1874 2310 1991 2350 ingenii
2022 2310 2144 2350 egregia
2173 2318 2376 2351 argumenta:

1308 2354 1539 2395 oppositosque
1564 2364 1694 2392 errores,
1711 2364 1794 2395 quos
1818 2354 1963 2384 homines
1987 2354 2087 2395 impii,
2105 2362 2233 2385 naturae
2256 2356 2378 2386 lumine

1307 2400 1482 2436 abutentes,
1498 2399 1693 2436 invexerunt,
1710 2398 1880 2438 omnigena
1904 2399 2079 2429 eruditione
2104 2399 2223 2430 refellit.
2242 2400 2311 2430 Hac
2330 2411 2376 2430 ra-

1307 2443 1393 2473 tione
1418 2443 1442 2473 si
1467 2443 1688 2483 philosophica
1712 2443 1835 2480 dixeris,
1858 2450 1888 2474 et
1910 2443 2058 2473 humanis
2083 2444 2256 2474 rationibus
2280 2451 2311 2475 et
2334 2452 2378 2475 te-

1307 2487 1463 2518 stimoniis
1480 2487 1745 2528 philosophorum
1764 2487 1912 2518 scatentia
1929 2487 1991 2518 divi
2007 2488 2154 2518 Thomae
2178 2488 2294 2528 Opera,
2315 2499 2379 2530 qua

1307 2531 1424 2563 scilicet
1456 2539 1543 2572 parte
1567 2532 1759 2573 theologiam
1794 2532 1976 2562 naturalem
2002 2533 2274 2572 complectuntur;
2300 2533 2378 2563 nihil

1307 2583 1354 2607 est
1376 2577 1466 2617 quod
1489 2576 1549 2617 ipsi
1572 2576 1650 2606 verti
1673 2576 1751 2606 vitio
1776 2577 1901 2614 debeat,
1928 2587 2003 2607 cum
2026 2577 2133 2617 potius
2158 2577 2191 2607 id
2215 2577 2272 2607 nisi
2298 2578 2376 2618 egis-

1307 2627 1363 2659 set,
1380 2620 1607 2653 absolutissimi
1630 2621 1771 2660 theologi
1795 2628 1898 2661 partes
1922 2631 2033 2651 omnes
2058 2631 2123 2651 non
2148 2622 2309 2661 explesset.

1374 2665 1426 2696 Ob
1451 2665 1577 2696 easdem
1607 2665 1758 2695 hactenus
1783 2666 1890 2696 allatas
1916 2675 2043 2703 causas,
2069 2666 2296 2706 philosophicis
2320 2666 2375 2696 do-

1308 2710 1464 2741 cumentis
1488 2710 1627 2740 abundat
1650 2720 1721 2750 pars
1745 2709 1839 2740 altera
1859 2710 2010 2740 Summae
2033 2711 2239 2751 theologicae,
2263 2710 2316 2740 ubi
2337 2710 2376 2740 de

1307 2754 1451 2785 moribus
1466 2754 1649 2792 hominurn,
1667 2755 1770 2795 deque
1786 2754 1953 2784 virtutibus
1970 2765 2004 2784 ac
2021 2754 2102 2784 vitiis
2119 2754 2288 2784 disseritur.
2300 2754 2374 2794 Agit

1308 2799 1451 2840 Aquinas
1474 2809 1533 2839 pro
1557 2809 1617 2829 suo
1642 2799 1812 2839 praecipuo
1837 2808 1967 2829 munere
1992 2799 2030 2828 de
2047 2799 2255 2838 peculiaribus
2279 2798 2374 2828 mori-

1307 2845 1367 2874 bus
1391 2843 1472 2882 illis,
1498 2853 1579 2884 quos
1604 2843 1782 2874 Christiana
1806 2843 1928 2882 Religio
1962 2843 2101 2883 exposcit
2135 2853 2169 2872 ac
2202 2842 2376 2872 informant

1307 2887 1402 2925 fides,
1429 2898 1516 2928 spes,
1538 2887 1669 2918 charitas
1694 2895 1894 2927 caeteraeque
1918 2887 2167 2927 supernaturales
2189 2887 2317 2916 virtutes
2338 2896 2374 2916 ac

1308 2932 1455 2962 sublimia
1481 2932 1564 2962 dona
1590 2932 1723 2972 Spiritus
1750 2932 1864 2962 sancti:
1890 2931 1985 2961 simul
2008 2941 2082 2961 vero
2107 2932 2207 2961 ethica
2231 2931 2371 2970 philoso-

1301 2978 1381 3017 phia
1406 2976 1538 3007 traditur
1553 2976 1669 3014 omnis,
1692 2986 1773 3016 quae
1794 2976 1869 3006 iuris
1893 2983 2020 3006 naturae
2037 2975 2196 3015 principiis
2220 2974 2372 3005 innititur.

1309 3024 1453 3051 Acumen
1477 3020 1614 3060 ingenii,
1638 3021 1726 3060 quod
1750 3021 1807 3050 hac
1835 3020 1867 3050 in
1898 3026 1983 3060 parte
2007 3019 2106 3058 fulget
2131 3026 2160 3049 et
2182 3019 2374 3049 soliditatem

1309 3065 1493 3095 eruditionis
1518 3065 1744 3095 commendant
1774 3064 1823 3094 vel
1846 3064 1906 3104 ipsi
1934 3063 2119 3106 scriptores,
2145 3063 2200 3103 qui
2225 3063 2374 3102 peculiari

1308 3109 1439 3139 minime
1456 3109 1634 3139 ferebantur
1650 3109 1755 3139 studio
1773 3118 1843 3147 erga
1860 3108 2031 3138 Thomam.
2050 3108 2118 3147 Ipse
2135 3107 2293 3137 Bruckeus
2309 3107 2371 3137 ait:

1307 3154 1348 3184 Id
1353 3153 1459 3195 facile
1469 3153 1681 3190 concedimus,
1692 3154 1720 3183 si
1736 3153 1928 3192 respiciatur
1937 3152 1980 3182 ad
1989 3152 2071 3182 alios
2085 3152 2306 3188 Scholasticos,
2318 3152 2373 3191 qui

1308 3199 1340 3227 in
1365 3203 1558 3238 argumento
1583 3198 1700 3227 morali
1719 3197 1829 3227 aridos
1844 3197 2035 3236 plerumque
2051 3201 2080 3226 et
2101 3205 2284 3236 exsangues
2307 3196 2370 3225 edi-

1307 3242 1425 3276 derunt
1453 3246 1620 3272 tractatus.
1647 3241 1755 3272 Critici
1785 3240 1938 3281 anonymi
1966 3240 2134 3280 repetenda
2161 3240 2254 3269 verba
2278 3245 2371 3277 sunt,

1307 3295 1389 3325 quae
1422 3285 1454 3315 in
1488 3285 1629 3315 examine
1661 3285 1812 3316 vitiorum
1841 3285 2019 3324 theologiae
2047 3284 2210 3313 habentur.
2234 3284 2374 3313 Disserit

1313 3330 1450 3359 Titomas
1472 3329 1511 3359 de
1539 3330 1707 3359 virtutibus
1733 3329 1984 3369 theologalibus,
2011 3328 2111 3368 deque
2135 3327 2309 3357 moralibus
2333 3336 2374 3357 ac

1307 3375 1346 3403 iis
1370 3373 1409 3403 de
1432 3374 1645 3413 argumentis,
1663 3383 1745 3412 quae
1762 3378 1838 3403 sunt
1854 3373 1968 3413 affinia
1986 3378 2016 3402 et
2031 3381 2185 3402 connexa.
2206 3371 2372 3407 Quaestio-

1308 3427 1384 3447 num
1410 3426 1564 3447 numerus
1579 3417 1728 3457 definitus
1745 3422 1800 3453 est,
1822 3417 1986 3446 inutilibus
1998 3417 2258 3456 praetermissis:
2276 3425 2373 3455 quae-

1308 3471 1345 3491 ve
1368 3462 1548 3501 agitantur,
1567 3470 1685 3490 nexum
1704 3462 1835 3491 invicem
1856 3461 1971 3490 habent
1986 3461 2196 3500 quaestiones,
2214 3469 2315 3499 neque
2329 3459 2374 3490 ad

1306 3506 1443 3534 alteram
1458 3505 1503 3545 fit
1526 3505 1663 3544 gradus,
1681 3506 1744 3534 nisi
1755 3506 1866 3544 priore
1888 3504 2025 3534 dilucide
2043 3505 2198 3543 exposita,
2215 3514 2254 3534 ac
2272 3504 2374 3534 solide

1306 3549 1473 3588 dirempta.
1498 3548 1684 3578 Beniamino
1709 3548 1887 3586 Maurerio,
1914 3548 2007 3587 Regis
2033 3548 2207 3578 Galliarum
2232 3548 2371 3587 Legato,

1307 3593 1470 3623 lectionem
1501 3594 1639 3623 Thomae
1655 3593 1823 3633 Aquinatis
1846 3593 1996 3622 suadebat
2019 3592 2149 3622 Grotius
2166 3593 2198 3622 in
2223 3591 2371 3622 Secunda

1302 3642 1399 3677 parte
1421 3637 1588 3668 Secundae
1605 3638 1723 3677 partis,
1741 3637 1795 3667 ubi
1818 3636 1988 3667 hominum
2011 3635 2114 3666 officia
2134 3643 2374 3676 pertractantur.
