2548 4192
887 271 941 308 IN
973 272 1011 308 s.
1033 271 1276 307 THOMAM
1302 262 1627 319 AQUINA'TEM

152 352 192 382 ad
215 350 333 382 calcem
356 350 399 381 sic
415 350 501 380 idem
518 349 599 380 Alva
622 349 760 389 legebat:
785 350 929 390 Explicit
951 350 1011 380 III
1024 360 1108 391 pars
1130 350 1224 380 Sum-

150 405 223 426 mae
245 405 271 426 s.
293 395 432 425 Thomae
453 394 494 424 de
522 395 650 434 Aquino
678 393 757 424 ord.
782 394 898 425 Praed.
922 405 1037 435 quam,
1064 400 1099 424 ut
1123 395 1224 424 inten-

149 440 254 478 debat,
273 449 335 470 non
358 439 525 479 complevit
540 443 643 468 morte
653 444 864 478 praeventus:
880 440 972 469 cuius
987 439 1223 479 Suppletionem

151 494 193 515 ex
214 485 332 524 scripto
356 483 496 514 eiusdem
529 483 680 513 Doctoris
703 483 860 523 magister
887 483 1054 514 Henricus
1079 483 1119 513 de
1144 483 1224 513 Gor-

150 529 259 560 richen
284 528 386 558 bonae
409 528 582 557 memoriae
605 527 797 566 compilavit.
815 527 934 557 Mirum
953 534 999 558 est
1018 527 1094 557 haec
1109 527 1225 557 Alvam

149 574 182 604 in
199 571 360 603 codicibus
377 581 452 602 mss.
468 570 599 611 legisse;
615 570 746 611 proprio
763 581 891 601 rursum
908 571 1066 602 addiscere
1082 571 1224 611 potuisse

150 615 365 657 experimento
389 615 423 646 in
446 615 549 656 prima
572 615 793 655 Supplementi
817 615 1003 656 quaestione
1022 616 1062 646 de
1075 615 1225 656 partibus

143 661 362 703 poenitentiae
386 661 418 690 in
442 660 575 700 speciali
598 664 629 690 et
645 660 754 699 primo
773 659 814 690 de
832 661 1023 690 contritione
1038 660 1108 699 agi;
1126 670 1161 690 ac
1178 659 1223 689 ni-

148 705 324 736 hilominus
346 704 444 735 veluti
469 715 500 735 se
516 704 662 744 ignarum
679 703 822 744 prodere,
844 704 899 734 ubi
904 704 1015 745 fuerit
1032 704 1113 735 illud
1132 704 1223 734 Com-

143 751 342 791 plementum
366 748 492 780 Tertiae
516 748 623 789 partis,
647 750 690 779 a‘n
715 749 747 778 in
766 749 949 789 principio,
972 749 1066 790 fine,
1098 748 1225 786 medio,·

148 795 317 836 ipsamque
340 799 438 824 totam
468 794 608 824 Tertiam
627 798 756 833 partem
782 793 813 823 in
842 794 1053 833 suspicionem
1076 792 1222 823 vocasse!

147 840 323 871 Doctorem
341 838 530 877 theologum
546 836 774 868 Coloniensem
789 847 874 867 anno
895 847 976 877 ¹420
992 837 1223 876 renunciatum,

150 883 358 924 eiusdemque
366 881 584 913 Universitatis
598 881 899 912 Vicecancellarium
910 881 1006 912 fuisse
1012 881 1225 912 Gorcomium

148 935 180 959 et
202 926 368 969 Gymnasii
392 926 630 957 Bursaemontis
655 925 830 966 collegam,
862 925 966 967 inquit
989 925 1087 964 Alva,
1112 925 1224 956 annuit

146 972 321 1004 Echardus.

215 1017 304 1048 Num
329 1025 403 1056 ergo
427 1016 494 1055 ipse
518 1024 624 1045 revera
653 1013 748 1044 fuerit
770 1013 989 1053 supplementi
1013 1010 1224 1053 compilator?

149 1062 184 1092 Id
207 1061 273 1091 iam
297 1060 414 1091 dixerat
437 1065 509 1090 ante
531 1058 647 1089 Alvam
670 1058 703 1088 in
727 1067 784 1087 sua
803 1057 999 1088 Bibliotheca
1022 1057 1147 1096 Belgica
1169 1066 1224 1086 an-

148 1116 192 1137 no
222 1106 303 1144 1643
333 1104 417 1145 typis
446 1102 529 1134 edita
561 1101 705 1132 Valerius
733 1101 886 1132 Andreas.
920 1101 955 1131 Id
979 1101 1017 1131 ab
1041 1101 1112 1140 ipso
1137 1110 1224 1131 exce-

148 1156 243 1191 ptum
265 1147 434 1179 verisimile
458 1153 504 1177 est
528 1156 564 1176 ex
588 1145 692 1176 indice
715 1145 858 1176 codicum
883 1155 957 1176 mss.
983 1147 1015 1175 in
1032 1145 1225 1175 bibliothecis

147 1193 257 1234 Belgii
280 1193 523 1232 vicinarumque
546 1190 793 1230 provinciarum
822 1199 909 1220 anno
938 1190 1020 1220 1500
1044 1188 1150 1219 adhuc
1169 1198 1223 1218 ex-

148 1238 305 1275 tantium,
326 1245 424 1277 quem
447 1235 582 1265 loannes
612 1234 791 1265 Bunderius
814 1233 944 1270 Ordinis
967 1232 1224 1264 Praedicatorum

148 1280 360 1313 concinnavit.
385 1280 420 1310 Id
439 1286 530 1310 antea
553 1278 684 1309 fortasse
708 1277 876 1309 tradiderat
899 1277 1091 1310 Guillelmus
1111 1276 1224 1308 Corni-

140 1325 215 1357 'ficis
240 1325 383 1356 eiusdem
411 1323 541 1355 Ordinis
563 1323 821 1358 Praedicator-um
851 1332 936 1354 anno
965 1323 1046 1352 1525
1073 1322 1223 1359 demtus,

132 1370 205 1413 ,qui
218 1364 463 1412 ‘praedictorum
482 1367 631 1398 codicum
646 1367 756 1398 titulos
773 1366 910 1408 collegit,
928 1378 946 1398 a
959 1366 1120 1397 Bunderio
1137 1372 1224 1406 post-

148 1425 186 1446 ea
207 1414 241 1445 in
265 1413 411 1445 ordinem
434 1412 588 1443 redactos.
612 1412 704 1443 Adde
737 1412 971 1452 manuscriptos
1004 1410 1128 1442 codices
1153 1409 1223 1440 nul-

145 1459 207 1498 los,
231 1465 309 1490 teste
334 1457 492 1496 Echardo,
509 1456 638 1487 indicari
658 1466 763 1497 posse,
780 1456 946 1488 laudatum
962 1455 1222 1496 Supplementum

146 1509 355 1545 praestantes,
379 1502 435 1543 qui
466 1501 593 1532 saeculo
616 1511 671 1532 x111
695 1507 726 1532 et
753 1511 805 1531 xiv
829 1501 942 1532 exarati
973 1499 1108 1530 fuerint:
1138 1499 1223 1530 unde

145 1558 251 1590 neque
273 1547 404 1578 Alberto
427 1546 590 1584 Brixiensi‚
614 1556 718 1586 neque
741 1546 834 1576 Petro
859 1546 897 1576 de
915 1544 1064 1576 Alvernia
1078 1543 1223 1575 collectio

146 1592 201 1624 illa
224 1590 396 1623 adiudicari
419 1599 514 1632 posse
536 1590 670 1621 videtur.
695 1589 795 1630 Atqui
819 1590 996 1633 superiores
1016 1589 1081 1619 duo
1099 1589 1223 1619 codices

146 1645 183 1668 ac
205 1636 315 1668 tertius
338 1635 372 1666 in
405 1634 571 1666 Parisiensi
599 1635 756 1665 Navarrea
788 1634 980 1665 bibliotheca
1012 1639 1151 1664 servatus
1184 1633 1224 1663 ad

145 1681 368 1722 insequentem
378 1679 542 1711 saeculum
557 1678 871 1720 quintumdecimum
885 1684 1037 1719 spectant,
1046 1687 1113 1718 quo
1128 1677 1224 1708 etiam

146 1724 280 1756 florebat
302 1724 459 1755 Henricus
483 1723 523 1754 de
546 1723 743 1754 Gorrichem.
769 1723 875 1754 Huius
899 1732 974 1763 ergo
998 1721 1135 1752 auctoris
1154 1721 1222 1752 fue-

146 1769 187 1801 rit
205 1779 299 1811 opus.
324 1769 424 1807 Quod
446 1778 521 1799 cum
544 1767 623 1798 nihil
646 1767 732 1798 aliud
756 1777 823 1798 esse
847 1773 979 1805 constet,
1004 1776 1103 1808 quam
1129 1765 1223 1796 Com-

147 1814 300 1846 mentarii
322 1814 355 1844 in
378 1818 531 1854 quartum
550 1812 790 1843 Sententiarum
807 1811 923 1842 librum
938 1817 1071 1852 partem,
1087 1810 1222 1841 totidem

145 1857 367 1899 transcriptam
394 1856 514 1895 verbis;
544 1857 610 1887 ulla
633 1862 715 1887 certe
738 1855 818 1886 ratio
842 1865 909 1886 non
942 1862 1026 1895 erat,
1058 1855 1099 1885 ob
1123 1865 1222 1895 quam

144 1908 310 1940 nostrates,
325 1901 425 1932 veluti
441 1900 606 1932 Gorcomii
622 1900 742 1941 gloriae
758 1899 944 1939 invidentes,
961 1910 1044 1940 opus
1063 1899 1149 1930 istud
1163 1899 1221 1930 sibi

142 1945 347 1978 vindicarent.
385 1945 431 1988 Ita
457 1944 668 1976 nihilominus
700 1942 762 1988 (an
786 1944 868 1975 serio
897 1955 938 1975 an
960 1942 1053 1987 ioco)
1082 1943 1221 1984 suspica-

141 1991 235 2022 batur
256 1991 367 2022 Petrus
391 1989 429 2021 de
452 1989 543 2021 Alva.

521 2091 720 2133 CAPUT
748 2095 840 2132 VII.

141 2185 285 2219 Scriptores
304 2183 420 2209 nonnulli
433 2183 586 2215 referuntur,
605 2182 649 2216 qui
669 2183 805 2207 Summam
812 2182 1109 2215 TheologiaeaThoma
1118 2183 1219 2209 luniore

214 2225 240 2246 et
257 2218 466 2245 Commentarios
485 2218 510 2243 in
530 2218 673 2243 Sententias
692 2218 724 2243 ab
750 2218 843 2243 eodem
862 2218 969 2244 Seniore
997 2218 1127 2244 confectos
1153 2219 1219 2244 arbi-

213 2255 271 2281 trati
290 2259 358 2280 sunt.
377 2254 505 2288 Opposita
524 2253 728 2287 chronographia
745 2254 896 2279 vindicatur.

142 2338 167 2371 1.
189 2331 382 2415 Tempus
405 2340 471 2371 iam
492 2340 676 2379 innotescit,
699 2350 766 2382 quo
797 2340 1103 2381 praestantissimum
1126 2342 1219 2382 Opus

269 2384 464 2416 elucubravit
486 2395 579 2415 verus
602 2391 714 2416 auctor
736 2395 760 2416 s.
784 2385 941 2423 Thomas,
966 2386 1110 2416 extremis
1133 2386 1220 2416 vide-

140 2428 215 2460 licet
236 2429 319 2460 vitae
342 2429 409 2460 eius
433 2429 533 2460 annis.
554 2428 684 2460 Certam
699 2429 998 2470 chronographiam,
1015 2430 1124 2471 inepto
1142 2441 1219 2461 con-

143 2473 215 2504 silio
239 2473 346 2512 ducti,
374 2473 523 2504 nonnulli
551 2483 662 2504 vexare
686 2474 754 2504 ausi
786 2480 870 2504 sunt.
895 2473 1003 2504 Refert
1031 2484 1086 2505 eos
1110 2481 1221 2506 auctor

141 2517 313 2548 Elucidarii
336 2517 490 2558 Deiparae
513 2517 547 2547 in
571 2517 754 2548 defensione
778 2518 964 2558 cantabrica,
984 2518 1039 2559 qui
1059 2519 1220 2550 laudatam

147 2562 344 2604 Titeologiae
356 2562 522 2593 Summam
547 2562 668 2602 opinati
685 2568 759 2593 sunt
782 2572 800 2592 a
820 2562 944 2593 iuniore
967 2563 1097 2593 Thoma
1114 2563 1220 2594 confe-

143 2612 244 2637 ctam:
269 2607 307 2637 ab
332 2606 510 2647 eodemque
533 2606 598 2636 iam
622 2613 721 2638 aetate
745 2613 896 2647 provecto
912 2606 1171 2638 Commentarios
1187 2607 1220 2638 in

143 2657 282 2692 quatuor
304 2651 544 2684 Sententiarum
561 2651 659 2682 libros
674 2651 884 2682 elucubratos.
909 2652 994 2682 Tam
1012 2652 1150 2683 absonae
1165 2652 1220 2682 ad-

142 2694 244 2726 haesit
266 2695 361 2726 etiam
384 2695 563 2736 opinationi
585 2695 704 2726 Paulus
727 2695 899 2736 Sherlogus
922 2695 955 2726 in
975 2696 1172 2738 Anteloquio
1189 2707 1220 2727 x1

143 2739 178 2770 in
201 2739 373 2771 Canticum
387 2739 605 2771 Canticorum.
631 2739 682 2771 sic
698 2740 742 2771 ait
755 2747 829 2771 sect.
845 2751 878 2779 n,
894 2750 983 2771 num.
1006 2751 1053 2781 14.
1074 2753 1089 2769 α
1109 2741 1144 2771 In
1159 2751 1219 2772 nu-

145 2795 162 2812 »
183 2794 258 2825 pera
282 2784 420 2815 editione
444 2794 581 2825 operum
603 2784 854 2824 Bellovacensis,
876 2794 958 2826 quae
974 2785 1080 2816 studio
1095 2785 1219 2816 theolo-

145 2840 161 2856 ›
183 2838 300 2869 gorum
322 2828 484 2860 Vedastini
514 2829 637 2869 collegii
661 2829 834 2860 Duacensis
867 2840 890 2860 s.
915 2829 1076 2860 Benedicti
1092 2830 1220 2870 prodiit,

146 2884 162 2900 ι
183 2872 266 2904 itum
296 2879 343 2904 est
365 2873 398 2903 in
429 2873 572 2904 examine
595 2873 691 2914 elogii
718 2874 900 2904 Bellarmini
931 2873 965 2904 in
995 2884 1067 2904 eam
1097 2881 1219 2905 senten-

146 2928 163 2944 »
183 2916 279 2956 tiam,
309 2927 391 2958 quae
415 2927 433 2947 a
456 2918 571 2948 iuvene
600 2918 693 2949 beato
718 2918 878 2959 Aquinate
908 2918 1121 2959 compositam
1153 2929 1220 2949 esse

147 2972 163 2988 »
185 2959 351 2991 Summam
375 2967 530 2992 autumat.
556 2961 658 2992 Cuius
682 2962 876 3002 opinationis
892 2963 1023 3004 aliquod
1038 2973 1104 2993 esse
1118 2963 1220 2994 valeat

146 3016 163 3032 a»
185 3003 419 3043 fulcimentum,
430 3006 519 3046 quod
528 3006 638 3037 beatus
648 3006 780 3045 Doctor,
793 3017 892 3048 quam
906 3007 939 3037 in
950 3007 1045 3048 111p.‚
1057 3018 1110 3049 qu.
1124 3018 1218 3047 xxvn,

147 3060 163 3076 >
186 3054 242 3078 art.
266 3057 292 3078 11
321 3049 471 3092 sustinuit
507 3050 734 3090 cogitationem
758 3051 797 3081 de
826 3051 910 3081 laesa
932 3051 992 3082 Dei
1021 3052 1178 3083 Genitrice
1201 3062 1220 3082 a

147 3105 163 3120 x
185 3098 316 3132 peccato
339 3092 499 3132 originali,
523 3094 688 3125 maturiori
711 3095 829 3126 iudicio
857 3096 967 3126 senior
988 3097 1164 3127 retractavit
1185 3096 1218 3127 in

147 3149 163 3164 2
186 3137 198 3166 I
223 3136 328 3174 Sent.,
353 3136 423 3167 dist.
440 3147 523 3176 xmv,
547 3148 602 3178 qu.
619 3149 647 3176 1,
671 3145 727 3170 art.
743 3148 781 3170 111
805 3139 845 3169 ad
871 3141 905 3170 3:
930 3140 974 3170 Et
992 3141 1082 3175 talis.
1103 3140 1217 3181 inquit,

147 3193 163 3209 2
179 3180 255 3222 fuit
271 3182 403 3221 puritas
430 3181 542 3212 beatae
569 3182 727 3224 Virginis,
751 3193 835 3224 quae
851 3189 986 3224 peccato
1009 3185 1166 3226 originali
1188 3191 1220 3216 et

148 3237 164 3253 a
186 3225 308 3256 actuali
331 3226 482 3256 immunis
495 3225 579 3266 fuit.
601 3238 617 3253 »
643 3226 728 3257 Hinc
751 3237 841 3258 num.
862 3229 898 3258 15
925 3228 1066 3259 demum:
1089 3229 1218 3260 Certius

145 3279 215 3300 esse
244 3269 441 3300 Vincentium
465 3279 485 3299 a
509 3270 600 3300 beato
628 3270 748 3302 Thoma
772 3277 954 3303 mutuatum
979 3282 1066 3311 esse,
1088 3273 1217 3313 quando

146 3315 180 3344 in
203 3313 384 3344 studiorum
418 3314 551 3344 exordio
578 3314 743 3345 Summam
777 3316 961 3356 confecerit.
987 3317 1149 3347 Vedastini
1172 3317 1217 3347 illi

145 3357 295 3388 monachi
318 3357 351 3387 in
374 3357 526 3398 prologo,
551 3368 649 3399 quem
676 3359 844 3390 Duacenae
868 3360 994 3400 Speculi
1018 3360 1217 3391 Vincentiani

144 3401 277 3433 editioni
301 3412 386 3432 anno
416 3403 498 3441 1624
517 3409 678 3433 accuratae
693 3403 913 3443 praefixerunt,
927 3404 1132 3435 Vincentium
1147 3404 1216 3434 Bel-

145 3446 345 3477 lovacensem
369 3446 409 3476 ad
428 3456 549 3477 annum
570 3456 652 3488 1274
667 3447 829 3487 pervenire
851 3447 994 3488 potuisse
1010 3455 1132 3488 putant,
1148 3448 1215 3479 imo

146 3496 178 3521 et
199 3490 352 3532 Aquinati
376 3490 472 3521 fuisse
495 3490 711 3531 superstitem:
735 3501 799 3532 qua
822 3491 926 3531 posita
949 3491 1215 3532 chronographia,

144 3533 293 3565 facillime
316 3535 444 3575 impacti
468 3541 576 3565 sancto
600 3535 731 3566 Doctori
754 3535 861 3576 plagii,
878 3535 916 3566 de
932 3545 998 3576 quo
1014 3535 1047 3566 in
1063 3536 1122 3566 alia
1138 3536 1217 3566 mihi

145 3579 306 3618 agendum
320 3579 556 3618 Dissertatione‚
580 3580 740 3610 maculam
763 3579 895 3620 abstergi
919 3589 1012 3620 posse
1031 3580 1215 3611 edisserunt.

144 3622 238 3654 Hanc
265 3623 511 3655 Vedastinorum
543 3623 777 3655 monachorum
808 3623 995 3665 opinionem
1017 3624 1216 3655 validissimis

2237 287 2357 314 CXCVII

1281 352 1473 390 argumentis
1497 352 1609 383 refellit
1631 352 1805 390 Echardus,
1830 353 1885 394 qui
1908 353 1941 383 in
1965 354 2108 385 eiusdem
2123 355 2352 387 Bellovacensis

1280 395 1385 435 elogio
1416 403 1487 426 tum
1510 397 1635 428 obitum
1665 397 1732 427 eius
1756 403 1827 427 ante
1851 407 1972 428 annum
2001 399 2082 429 1263
2111 409 2177 429 non
2208 401 2355 432 accidisse

1279 440 1403 478 probat,
1419 447 1490 471 tum
1505 441 1613 481 ipsum
1630 440 1839 471 clarissimum
1848 442 1954 472 virum
1965 442 2151 484 insequente
2170 454 2254 474 anno
2272 446 2355 485 1264

1278 483 1343 513 vita
1366 485 1497 515 demum
1521 485 1647 516 mortali
1663 485 1823 525 migrasse.
1849 488 1891 516 At
1915 497 1951 516 ex
1974 496 2059 517 anno
2076 487 2233 518 Vincentii
2247 488 2351 519 Bello-

1278 528 1419 558 vacensis
1430 529 1608 567 emortuali,
1620 529 1684 560 sive
1703 539 1801 570 quem
1817 530 1980 561 constituit
1994 531 2156 562 Echardus
2176 532 2240 562 sive
2256 542 2354 573 quem

1279 572 1428 603 monachi
1456 573 1618 604 Vedastini
1642 573 1847 612 definierunt,
1873 575 2001 614 colligas
2020 585 2188 617 nunquam
2210 576 2352 607 Theolo-

1279 615 1347 655 giae
1371 616 1539 648 Summam
1563 628 1580 648 a
1599 618 1722 648 iuniore
1738 618 1867 649 Thoma
1886 619 2063 650 confectam
2082 630 2158 651 esse.
2177 619 2352 651 Commen-

1279 666 1349 690 tum
1372 661 1456 691 istud
1480 668 1536 700 est,
1561 662 1650 703 quod
1673 669 1784 693 auctor
1805 663 1975 694 Elucidarii
1998 670 2029 694 et
2046 664 2164 695 Paulus
2181 664 2352 705 Sherlogus

1279 705 1505 744 excogitarunt.

1346 749 1382 779 11.
1408 749 1598 780 Otiosorum
1621 750 1792 780 hominum
1816 751 1943 782 sistema
1974 752 2157 784 convellunt
2180 752 2352 794 synchroni

1279 792 1455 832 scriptores.
1480 794 1684 825 Ptolomaeus
1709 795 1859 825 Lucensis
1879 805 1946 826 rem
1970 796 2207 836 diligentissime
2223 796 2351 829 conficit

1279 846 1420 867 omnem.
1441 838 1528 868 Haec
1541 838 1636 868 habet
1650 838 1703 868 lib.
1720 839 1807 869 XXII
1823 839 1905 869 Hist.
1915 840 2002 877 eccl„
2012 841 2111 880 capite
2127 849 2228 872 xxxrx:
2254 854 2268 870 ‹
2282 842 2351 872 Hu-

1281 892 1295 907 »
1318 881 1367 911 ius
1391 879 1580 923 (Clementis
1605 882 1647 912 IV
1678 882 1803 912 Summi
1833 882 2009 926 Pontificis)
2033 890 2176 925 tempore
2200 884 2233 927 (a
2256 886 2306 916 die
2333 887 2349 916 5

1281 936 1296 950 »
1319 925 1436 955 mensis
1460 925 1607 956 februarii
1631 926 1705 955 anni
1735 927 1828 964 1265,
1852 937 1918 967 quo
1942 928 1982 957 ad
2006 928 2178 959 Summum
2201 929 2351 960 Sacerdo-

1281 980 1295 994 »
1318 968 1401 998 tium
1424 976 1550 999 evectus
1574 967 1634 1012 est)
1658 970 1762 1000 dictus
1777 971 1899 1001 Doctor
1921 971 2237 1011 scripsitSummam,
2254 984 2353 1015 quam

1281 1024 1295 1039 »
1319 1013 1351 1042 in
1381 1013 1459 1043 Tres
1476 1019 1590 1053 partes
1609 1013 1747 1044 divisit...
1762 1014 1853 1044 Istius
1877 1024 1951 1054 ergo
1975 1015 2126 1047 Summae
2145 1018 2223 1048 Tres
2235 1024 2350 1058 partes

1281 1068 1295 1082 2»
1318 1056 1409 1096 quasi
1433 1057 1556 1096 scripsit
1578 1064 1722 1097 tempore
1745 1057 1834 1088 istius
1857 1059 2018 1090 Pontificis
2042 1066 2072 1090 et
2088 1062 2246 1101 sequentis
2261 1073 2351 1093 vaca-

1280 1112 1295 1126 »
1318 1099 1423 1130 tionis.
1443 1112 1457 1127 a>
1484 1101 1579 1131 Diem
1602 1101 1714 1132 clausit
1737 1109 1912 1132 extremum
1929 1102 2077 1134 Clemens
2097 1115 2181 1135 anno
2203 1106 2283 1136 1268
2302 1107 2352 1137 die

1280 1153 1320 1183 29
1345 1144 1542 1174 novembris:
1568 1146 1751 1186 vacavitque
1775 1146 1920 1176 Romana
1944 1147 2038 1177 Sedes
2056 1149 2095 1178 ad
2110 1159 2230 1179 annum
2249 1161 2351 1191 usque

1284 1197 1360 1228 1271
1390 1188 1539 1228 diemque
1569 1199 1578 1218 1
1608 1189 1808 1229 septembris,
1824 1200 1890 1231 quo
1905 1191 2075 1230 Gregorius
2091 1193 2132 1231 X,
2148 1203 2222 1223 cum
2238 1194 2349 1225 absens

1278 1231 1370 1270 foret,
1395 1232 1512 1263 electus
1536 1232 1606 1270 fuit,
1626 1243 1711 1263 anno
1735 1233 1920 1274 insequente
1949 1245 2029 1276 1272
2047 1236 2096 1266 die
2114 1246 2154 1278 27
2170 1238 2272 1268 martii
2288 1238 2351 1269 dia-

1279 1275 1402 1306 demate
1431 1286 1519 1307 sacro
1550 1277 1723 1308 redimitus.
1754 1278 1838 1308 Hinc
1868 1285 1989 1318 septem
2017 1289 2117 1310 annos
2141 1280 2252 1312 habes:
2284 1292 2350 1323 quo

1278 1320 1430 1360 temporis
1442 1321 1544 1361 spatio
1554 1321 1706 1352 Summae
1722 1332 1797 1352 suae
1813 1322 2028 1363 Theologicae
2043 1325 2121 1355 Tres
2130 1331 2244 1365 partes
2259 1328 2352 1367 quasi

1277 1365 1453 1405 scripserit,
1478 1365 1577 1405 ipsius
1601 1376 1717 1406 nempe
1732 1366 1845 1406 Operis
1869 1373 1991 1407 partem
2013 1368 2183 1407 maiorem,
2207 1370 2351 1401 Thomas

1278 1409 1432 1449 Aquinas.
1456 1409 1560 1450 Pergit
1583 1420 1722 1452 namque
1746 1411 1951 1442 Ptolomaeus
1975 1412 2055 1442 libro
2075 1413 2188 1451 XXIII,
2206 1414 2306 1454 capite
2320 1425 2351 1445 x1

1278 1453 1322 1483 sic
1346 1453 1512 1484 adnotare:
1541 1467 1556 1482 α
1575 1455 1737 1495 Tempore
1757 1454 1852 1485 huius
1868 1455 2029 1487 Pontificis
2046 1454 2204 1499 (Gregorii
2220 1456 2263 1500 X)
2279 1459 2351 1489 scri-

1280 1510 1296 1525 »
1318 1497 1381 1538 psit
1403 1498 1548 1529 ultimam
1567 1504 1696 1539 partem
1721 1499 1889 1537 Summae,
1914 1510 1996 1541 quae
2020 1500 2273 1532 Sacramentalis
2294 1512 2351 1532 vo-

1280 1555 1295 1570 »
1319 1548 1426 1580 catur;
1449 1542 1525 1583 quia
1548 1543 1588 1574 de
1611 1543 1831 1574 Sacramentis
1853 1544 1972 1574 ibidem
1995 1544 2098 1585 agitur
2121 1552 2152 1576 et
2174 1546 2214 1576 de
2236 1546 2350 1577 Incar-

1280 1599 1295 1614 »
1318 1587 1448 1617 natione
1477 1587 1579 1625 Verbi,
1595 1587 1628 1618 in
1651 1598 1715 1629 qua
1731 1588 1853 1618 articuli
1869 1587 1942 1619 fidei
1957 1589 2159 1620 continentur
2174 1591 2352 1621 secundum

1280 1644 1295 1659 »
1317 1630 1416 1671 ipsius
1440 1631 1687 1662 humanitatem:
1713 1632 1768 1662 sed
1791 1642 1857 1663 non
1882 1633 2053 1674 complevit
2076 1640 2178 1664 morte
2202 1644 2352 1674 praeven-

1280 1688 1295 1703 »
1317 1681 1369 1705 tus
1386 1687 1401 1702 »
1429 1673 1528 1718 (anno
1558 1685 1640 1718 1274
1664 1676 1714 1706 die
1739 1687 1758 1718 7
1782 1675 1911 1719 martii).
1936 1677 2081 1718 Tempus
2100 1678 2278 1718 innotescit,
2294 1679 2351 1710 sci-

1277 1719 1350 1750 licet
1363 1726 1564 1759 postremum
1578 1719 1660 1751 vitae
1679 1721 1880 1759 decennium,
1897 1731 1963 1762 quo
1978 1722 2122 1752 Thomas
2137 1722 2352 1764 Theologicae

1278 1763 1417 1794 edendae
1446 1763 1598 1794 Summae
1629 1764 1799 1795 consi¹ium
1831 1765 1929 1806 cepit,
1959 1765 2129 1808 ipsumque
2154 1767 2350 1799 elucubravit

1277 1807 1380 1848 Opus.
1406 1807 1495 1838 Dum
1517 1815 1692 1839 versaretur
1714 1809 1747 1839 in
1771 1809 1858 1840 Italia
1875 1816 1949 1850 post
1967 1820 2088 1841 annum
2117 1811 2196 1841 1265
2215 1821 2350 1843 manum

1278 1851 1421 1882 admovit
1444 1852 1557 1892 Operi:
1582 1853 1614 1883 in
1639 1853 1718 1883 illud
1748 1853 1872 1884 Parisiis
1895 1854 2108 1893 incumbebat,
2133 1856 2212 1886 dum
2235 1856 2352 1887 iterum

1277 1905 1362 1926 anno
1400 1897 1482 1937 1269
1525 1897 1695 1937 regendam
1732 1898 1869 1938 suscepit
1901 1898 2147 1930 Saniacobaeam
2187 1899 2349 1931 scholam:

1276 1940 1448 1981 ipsumque
1479 1947 1516 1972 ut
1538 1942 1578 1971 ad
1601 1942 1875 1982 complementum
1898 1943 2069 1983 redigeret,
2093 1943 2126 1973 in
2151 1944 2273 1974 Italiam
2296 1955 2351 1975 an-

1277 1994 1320 2015 no
1350 1994 1427 2027 1271
1456 1986 1571 2024 redux,
1594 1985 1777 2017 insudabat:
1809 1993 1841 2017 at
1874 1993 1976 2018 morte
2004 1994 2175 2028 praevento
2204 1988 2352 2019 ultimam

1277 2039 1343 2060 non
1367 2029 1456 2060 licuit
1478 2039 1612 2061 manum
1645 2030 1749 2061 eidem
1771 2030 1946 2072 imponere.
1973 2031 2018 2062 Ita
2040 2042 2115 2062 vero
2140 2032 2180 2062 ad
2202 2032 2235 2062 id
2259 2032 2351 2073 Opus

1277 2073 1512 2104 conficiendum
1540 2081 1681 2105 mentem
1705 2085 1900 2117 operamque
1923 2075 2117 2115 conferebat,
2142 2082 2178 2107 ut
2201 2076 2296 2107 simul
2320 2084 2351 2108 et

1276 2118 1400 2149 scholas
1423 2125 1559 2159 regeret,
1584 2119 1639 2150 ubi
1664 2119 1877 2151 diversabatur
1900 2126 1930 2150 et
1953 2120 1991 2150 ab
2015 2120 2083 2150 aliis
2107 2120 2235 2151 edendis
2258 2121 2349 2152 lucu-

1275 2162 1472 2193 brationibus
1491 2173 1557 2194 non
1573 2170 1715 2203 cessaret,
1732 2174 1810 2205 quas
1831 2164 1947 2205 partim
1961 2164 2175 2195 recensuimus
2200 2175 2235 2196 ac
2251 2175 2347 2205 porro

1275 2207 1458 2238 notabimus
1481 2207 1566 2238 alias.

1343 2251 1434 2282 Hanc
1458 2252 1604 2282 eamdem
1627 2252 1778 2292 temporis
1803 2253 1958 2294 epocham
1986 2252 2125 2283 indicant
2145 2252 2346 2285 confirmant-

1275 2306 1338 2336 que
1363 2295 1474 2326 caeteri
1498 2296 1644 2336 Operum
1676 2297 1822 2327 Thomae
1845 2297 1960 2328 vetusti
1983 2297 2256 2336 nomenclatores,
2290 2298 2346 2339 qui

1276 2340 1388 2370 diserte
1412 2340 1565 2371 adnotant
1595 2341 1735 2371 Tertiam
1765 2341 1918 2372 Summae
1941 2346 2070 2382 partem
2100 2341 2196 2372 fuisse
2226 2342 2347 2372 incom-

1276 2384 1394 2424 pletam
1409 2384 1447 2414 ab
1464 2394 1503 2414 eo
1519 2391 1622 2415 morte
1638 2391 1808 2425 praevento
1824 2386 1974 2416 relictam.
1992 2385 2140 2416 Trivetus
2161 2385 2220 2417 ait:
2239 2387 2348 2417 Morte

1276 2433 1383 2459 autem
1394 2434 1594 2469 praeventus
1621 2430 1761 2460 Tertiam
1782 2431 1878 2461 totius
1893 2428 2036 2473 (Operis)
2053 2435 2084 2460 et
2099 2430 2244 2461 ultimam
2261 2428 2344 2473 (par-

1275 2471 1356 2515 tem)
1381 2483 1443 2503 non
1472 2473 1647 2514 complevit.
1677 2474 1854 2505 Bernardus
1878 2470 2112 2505 Gnidonisz‘ln
2129 2485 2193 2515 qua
2217 2473 2348 2518 (Tertia
2374 2481 2376 2483 ’

1276 2515 1378 2559 parte)
1401 2517 1561 2548 scribendi
1577 2523 1607 2548 et
1630 2519 1715 2549 vitae
1732 2528 1812 2549 suae
1833 2519 1938 2560 finem
1946 2518 2051 2560 fecit,
2078 2524 2108 2550 et
2130 2524 2232 2550 morte
2248 2529 2346 2560 prae—

1277 2566 1390 2592 ventus
1413 2561 1635 2602 incompletam
1660 2563 1798 2604 reliquit.
1830 2563 1889 2594 His
1911 2563 2065 2594 vetustior
2090 2563 2283 2603 Reginaldus
2308 2564 2346 2594 de

1275 2605 1438 2645 Priverno,
1455 2606 1586 2637 intimus
1609 2606 1756 2637 Thomae
1781 2607 1897 2647 socius,
1911 2607 2033 2648 insigne
2049 2607 2181 2638 demum
2204 2608 2345 2639 testimo-

1276 2650 1368 2680 nium
1391 2650 1545 2690 perhibet,
1563 2661 1581 2681 a
1595 2651 1842 2682 Bartholomaeo
1858 2652 1897 2682 de
1921 2651 2033 2692 Capua
2048 2652 2198 2692 allegatus
2221 2652 2254 2682 in
2270 2653 2346 2683 Pro-

1277 2704 1366 2725 cessu
1391 2695 1640 2726 canonizationis
1657 2696 1743 2736 apud
1770 2696 1916 2727 Bollandi
1938 2696 2185 2727 Continuatores
2206 2706 2286 2727 num
2302 2707 2343 2738 79

1276 2745 1488 2780 testaturque:
1509 2739 1719 2780 Suspendisse
1741 2740 1936 2782 Aquinatem
1959 2751 2087 2782 organa
2110 2742 2292 2782 scriptionis
2311 2741 2344 2771 in

1281 2784 1390 2814 Tertia
1411 2789 1507 2824 parte
1521 2784 1674 2815 Summae
1697 2786 1730 2816 in
1747 2790 1887 2816 tractatu
1911 2785 1951 2816 de
1970 2786 2179 2816 Poenitentia.
2197 2787 2227 2815 A
2250 2795 2345 2826 quae-

1276 2827 1379 2858 stione
1402 2838 1514 2858 Lxxxrv
1538 2828 1666 2860 initium
1690 2829 1787 2860 sumit
1809 2829 1860 2860 hic
1883 2829 1923 2860 de
1951 2830 2149 2860 Poenitentia
2178 2835 2344 2860 tractatus:

1276 2872 1426 2913 idemque
1458 2883 1589 2903 mancus
1613 2873 1890 2914 incompletusque
1919 2874 2031 2904 desinit
2069 2874 2101 2904 in
2140 2873 2344 2913 nonagesima

1277 2917 1472 2957 quaestione.
1505 2917 1596 2955 Quae
1620 2928 1694 2948 cum
1726 2918 1895 2948 certissima
1919 2924 1949 2948 et
1972 2917 2131 2958 explorata
2158 2917 2263 2947 haberi
2292 2918 2345 2948 de-

1276 2961 1380 3000 beant,
1398 2961 1470 3002 quis
1486 2971 1553 2992 non
1572 2962 1703 2992 miretur
1732 2962 1792 2993 dici
1817 2963 1855 2992 ab
1872 2968 1999 2992 auctore
2015 2961 2184 2992 Elucidarii
2203 2961 2344 3001 potuisse

1276 3006 1421 3036 iuvenem
1437 3005 1601 3036 Thomam
1616 3006 1815 3037 elucubrasse
1833 3006 2055 3046 Theologicam
2069 3006 2254 3043 Summam,·
2269 3015 2343 3046 pro-

1275 3056 1467 3090 vectumque
1482 3056 1512 3080 et
1526 3060 1634 3081 senem
1651 3050 1907 3081 Commentarios
1923 3050 2054 3080 edidisse
2069 3051 2101 3080 in
2117 3050 2342 3090 quatuorSen-

1275 3095 1449 3124 tentiarum
1475 3094 1602 3125 libros?
1624 3094 1761 3125 Maxima
1784 3094 1868 3124 subit
1895 3094 1989 3124 etiam
2012 3094 2138 3124 miratio
2162 3103 2233 3124 eam
2251 3093 2342 3124 Sher-

1273 3138 1351 3178 logo
1368 3138 1518 3168 insedisse
1534 3138 1753 3179 opinationem
1768 3138 1806 3168 de
1822 3138 1984 3168 nonnullis
1999 3138 2158 3168 doctrinae
2177 3138 2342 3178 capitibus,

1275 3192 1356 3223 quae
1382 3182 1526 3212 Thomas
1549 3183 1710 3213 tradiderit
1731 3182 1764 3212 in
1787 3183 1920 3213 Summa
1947 3192 1982 3212 ac
2005 3182 2163 3213 revocavit
2189 3182 2223 3212 in
2248 3182 2341 3213 Com-

1274 3226 1454 3257 mentario!
1476 3226 1591 3257 Gerrae
1615 3233 1690 3257 sunt
1708 3237 1742 3257 ac
1761 3236 1863 3267 nugae
1887 3232 1918 3257 et
1941 3226 2066 3257 somnia
2088 3226 2266 3257 vanissima.

1622 3331 1831 3368 CAPUT
1865 3331 1990 3367 VIII.

1272 3421 1311 3445 De
1330 3426 1421 3452 graeca
1439 3418 1558 3443 versione
1571 3418 1695 3443 Summae
1710 3418 1891 3450 Theologicae.
1911 3418 1975 3448 Quis
1994 3417 2070 3442 fuerit
2089 3422 2176 3442 auctor
2194 3417 2338 3450 inquiritur.

1548 3453 1641 3478 Versio
1659 3453 1787 3478 armenica
1802 3453 1917 3486 aliaeque
1935 3453 2062 3485 vulgares.

1272 3536 1294 3567 1.
1321 3528 1624 3609 praestantissimi
1643 3534 1756 3575 Operis
1775 3534 1873 3564 totius
1891 3534 2070 3564 versionem
2087 3544 2232 3574 graecam
2250 3544 2340 3574 prae-

1390 3586 1473 3610 stant
1496 3579 1619 3610 codices
1642 3589 1701 3609 ms.
1726 3578 1847 3619 plures,
1867 3578 1923 3619 qui
1946 3579 2149 3609 adservantur
2171 3578 2204 3609 in
2227 3578 2339 3609 biblio-

1272 3623 1379 3655 thecis.
1405 3623 1574 3655 Vaticanos
1598 3629 1743 3654 numerat
1766 3622 1898 3653 Iacobus
1922 3622 2095 3662 Echardus,
2115 3623 2231 3663 Regios
2254 3623 2341 3654 Pari-

1280 3701 1292 3715 1
