2788 4204
73 461 84 472 ·
93 460 163 482 Num.
175 466 202 482 ιι.

73 513 85 524 ”
92 513 164 535 Num.
178 518 208 534 12.

71 729 135 750 ἘΙ
155 735 183 750 ex
204 728 286 752 codd..

73 762 122 777 exc.
129 761 151 780 ο,
159 754 199 783 qui
209 761 257 776 om.
266 756 288 775 et

70 782 102 804 de
115 787 162 810 quo
174 781 203 803 A.

11 835 25 840 s
170 821 188 847 λ

70 884 83 896 ’
91 883 132 906 Sic
146 889 194 905 om.
207 889 232 904 u.

67 1046 285 1075 ⁴Quodom.codd.‚

71 1079 123 1096 exc.
131 1079 171 1096 nu.

55 1152 82 1173 ,⁴
95 1151 132 1175 Cf.
146 1153 199 1174 lect.
216 1157 284 1178 xxvi,

69 1184 93 1201 n.
103 1185 126 1206 ⁴-

61 1353 248 1384 ⁴03oeneeu

1085 265 1196 301 CAP.
1209 274 1212 277 ’
1227 265 1370 312 XXIII,
1401 265 1552 302 LECT.
1582 266 1766 303 XXXVI

315 343 398 388 bus;
428 342 610 389 secundo,
631 342 795 379 ostendit
824 342 1023 390 quomodo
1047 341 1268 379 huiusmodi
1295 355 1383 391 pro-

315 395 522 444 positiones
544 408 584 432 se
603 396 769 433 habeant
796 395 845 432 ad
866 394 1226 441 demonstrationes;
1246 395 1315 432 ibi:
1334 397 1386 432 Et

315 449 632 496 quemadmodum
651 448 688 484 in
717 448 801 484 aliis
822 449 841 469 *
855 455 938 493 etc.;
959 448 1080 495 tertio,
1107 448 1284 496 epilogat3
1314 448 1380 485 ibi:

314 503 362 538 In
390 502 582 538 ostensivis
602 501 751 549 quidem
778 501 896 550 igitur
916 501 936 522 ἢ
955 508 1025 538 etc.

376 566 432 591 io.
454 554 554 591 Dicit
573 565 661 600 ergo
682 553 819 602 prim0,
841 554 945 601 quod
965 554 1118 602 quando
1149 562 1298 602 oportet
1318 554 1381 590 de-

315 615 526 643 monstrare
565 606 730 654 aliquam
766 607 1051 643 conclusionem
1091 608 1380 653 affirmativam,

314 667 417 708 puta,
444 660 563 696 Omne
580 661 615 696 B
643 665 697 696 est
722 660 769 705 A,
791 672 945 696 necesse
967 668 1022 696 est
1041 661 1211 710 accipere
1241 661 1382 709 aliquid

315 713 420 764 quod
438 712 565 761 primo
585 712 823 761 praedicetur
843 713 890 750 de
907 715 936 750 B
958 726 1075 762 quam
1090 717 1135 761 A,
1154 723 1189 751 et
1204 715 1224 735 ³¹²
1237 714 1282 750 de
1304 726 1381 762 quo

313 767 349 803 A
378 765 491 804 etiam
518 765 778 814 praedicetur,
809 773 845 802 et
872 766 918 803 sit
944 767 1035 803 illud
1056 767 1106 813 C;
1136 775 1172 804 et
1195 767 1228 804 si
1245 767 1381 804 iterum

313 818 454 868 aliquid
474 819 530 866 sit,
552 819 599 856 de
619 831 696 868 quo
716 821 750 855 A
769 831 839 868 per
857 819 960 868 prius
978 821 1217 868 praedicetur
1231 818 1244 841 λ
1265 833 1381 870 quam

314 872 362 910 de
392 872 435 918 C,
456 872 510 909 sic
528 885 688 921 semper·
707 873 971 921 procedendo;
1001 873 1054 910 sic
1072 874 1092 895 ²*
1110 886 1181 911 nec
1207 874 1381 922 proposi·

312 925 364 963 tio
393 938 464 962 nec
491 926 674 962 terminus
703 926 917 973 significans
946 927 1101 975 aliquod
1129 940 1196 964 ens
1224 927 1382 975 accipie-

312 986 373 1016 tur
399 977 438 1016 in
467 978 764 1016 demonstrando
794 987 897 1017 extra
924 979 1051 1028 ipsum
1074 982 1128 1027 A,
1154 980 1243 1028 quia
1267 992 1380 1028 opor-

312 1031 404 1069 tebit
423 1032 527 1081 quod
543 1034 576 1069 A
590 1033 829 1082 praedicetur
843 1033 891 1070 de
907 1045 953 1070 eo
972 1046 1042 1082 per
1056 1045 1108 1079 se,
1126 1041 1162 1069 et
1176 1033 1226 1069 ita
1244 1033 1349 1081 quod
1361 1036 1379 1053 '⁵

313 1085 548 1123 contineatur
567 1086 638 1122 sub
659 1098 705 1123 eo
736 1093 772 1122 et
798 1098 877 1123 non
897 1085 942 1123 sit
969 1087 1017 1122 ab
1039 1098 1085 1122 eo
1106 1086 1377 1131 extrinsecum3

313 1138 380 1175 sed
409 1139 599 1187 oportebit
617 1151 770 1187 semper
798 1139 1032 1176 condensare
1062 1138 1189 1175 media
1206 1140 1235 1174 *.
1259 1139 1307 1174 Et
1325 1139 1378 1174 lo-

312 1191 439 1240 quitur
465 1191 514 1228 ad
549 1191 833 1228 similitudinem
861 1191 1082 1237 hominum,
1109 1191 1175 1240 qui
1201 1189 1380 1227 videntur

311 1255 393 1280 esse
422 1244 643 1281 condensati
671 1244 844 1281 sedentes
873 1244 911 1281 in
939 1244 1065 1293 aliqua
1093 1244 1196 1290 sede,
1223 1244 1377 1292 quando

307 1295 405 1334 inter
433 1297 607 1335 sedentes
644 1298 769 1335 nullus
804 1304 931 1345 potest
957 1295 1180 1334 intercidere
1215 1296 1376 1334 medius.

309 1350 364 1387 Ita
384 1358 420 1388 et
439 1350 590 1391 media
580 1363 619 1388 m
635 1350 958 1387 demonstratione
979 1350 1154 1387 dicuntur
1173 1350 1374 1397 densataff,

256 1398 470 1451 -Jquffii‘do
491 1403 587 1442 inter
618 1397 802 1441 terminos
834 1410 1011 1452 acceptos
1045 1403 1135 1440 nihil
1172 1404 1269 1440 cadit
1297 1416 1376 1440 me-

61 1515 269 1609 Ξ,
217 1526 282 1568 2.

38 1658 137 1694 st*-
150 1654 215 1675 emt.

61 2133 278 2157 'Tune-exeodd.

0 2164 15 2197 ΕΑ
28 2162 39 2178 ἰ
54 2160 83 2174 ’”·
95 2160 142 2184 811
153 2167 183 2184 ex
201 2161 273 2184 codd.

304 1456 426 1494 dium.
447 1458 497 1494 Et
523 1457 599 1493 hoc
627 1464 683 1493 est
709 1456 815 1505 quod
843 1456 942 1503 dicit,
967 1457 1072 1505 quod
1100 1457 1263 1494 medium
1288 1458 1375 1493 den-

304 1514 412 1547 satur
439 1521 632 1558 quousque
658 1509 940 1558 perveniatur*
958 1510 1007 1546 ad
1026 1510 1101 1546 hoc
1121 1510 1226 1559 quod
1254 1510 1374 1559 spatia

19 1614 22 1615 ⁷
295 1564 402 1611 fiant
427 1563 682 1608 indivisibilia;
701 1563 807 1609 idest,
830 1563 1025 1600 distantiae
1053 1563 1149 1600 inter
1177 1563 1274 1600 duos
1302 1571 1373 1600 ter—

28 1625 183 1651 ‘M-
171 1632 207 1648 -r
223 1630 277 1654 etp
304 1615 432 1653 minos
452 1615 557 1653 sint*
577 1617 680 1662 tales,
702 1593 807 1664 quod
827 1629 905 1653 non
925 1616 1070 1665 possint
1094 1616 1238 1654 dividi'
1230 1629 1268 1653 in
1291 1617 1373 1675 plu-

305 1680 366 1706 res
393 1669 615 1706 huiusmodi
650 1668 860 1716 distantias,
890 1669 957 1706 sed
986 1669 1031 1706 sit
1057 1682 1179 1706 unum
1208 1670 1372 1719 spatium

303 1729 463 1760 tantum.
494 1723 543 1760 Et
570 1723 645 1760 hoc
674 1723 864 1771 contingit,
894 1722 1049 1772 quando
1077 1722 1287 1772 propositio
1318 1731 1373 1759 est

303 1775 536 1826 immediata.
572 1777 685 1813 Tunc
723 1776 824 1813 enim
858 1788 950 1813 vere
979 1783 1035 1812 est
1063 1788 1139 1813 una
1164 1776 1372 1825 propositio

304 1840 384 1866 non
411 1830 538 1866 solum
567 1837 664 1876 actu,
685 1829 754 1866 sed
782 1829 896 1866 etiam
923 1829 1108 1878 potentia,
1134 1829 1287 1878 quando
1317 1837 1374 1866 est

303 1881 537 1920 immediata.
568 1882 608 1920 Si
637 1882 739 1919 enirn
759 1882 805 1919 sit
832 1882 1009 1928 mediata,
1037 1882 1212 1931 quamvis
1233 1882 1278 1919 sit
1295 1895 1372 1918 una

304 1934 344 1972 in
372 1943 469 1982 actu,
499 1935 590 1984 quia
615 1948 738 1972 unum
765 1935 1004 1985 praedicatur
1038 1935 1086 1972 de
1118 1948 1214 1981 un0,
1244 1943 1372 1972 tamen

306 1995 362 2025 est
388 1989 509 2027 multa
536 1989 575 2026 in
601 1989 788 2037 potentia,
825 1989 913 2038 quia
942 1996 1098 2037 accepto
1134 1989 1262 2025 medio
1298 1989 1371 2025 for-

304 2049 458 2079 mantur
477 2043 575 2080 duae
589 2042 881 2091 propositiones.
899 2042 1004 2079 Sicut
1019 2042 1132 2079 etiarn
1152 2041 1261 2087 linea,
1274 2054 1370 2090 quae

305 2102 363 2132 est
387 2108 466 2133 una
493 2096 532 2133 in
560 2103 645 2146 actu
673 2096 712 2132 in
732 2103 916 2144 quantum
937 2103 993 2132 est
1021 2095 1209 2139 continua,
1237 2102 1292 2131 est
1318 2103 1370 2131 ta-

304 2157 396 2186 men
412 2149 432 2171 *
446 2149 565 2186 multa
583 2149 622 2186 in
641 2149 821 2198 potentia,
850 2148 890 2186 in
909 2157 1094 2198 quantum
1120 2157 1175 2186 est
1192 2149 1232 2170 ³¹³*
1246 2148 1371 2185 divisi-

355 2263 384 2298 λ)
403 2265 456 2290 Per
469 2265 548 2297 prius
562 2265 736 2297 praedicetur
748 2265 853 2290 eta-1:
869 2272 920 2297 per
929 2265 1008 2297 prius
1018 2266 1199 2297 praedicetur,
1216 2266 1254 2290 sic
1266 2272 1370 2297 semper

297 2301 470 2336 procedendo
481 2301 532 2334 fit,·
550 2308 598 2326 nec
614 2301 705 2333 aliqua
719 2301 877 2332 propositio,
898 2308 945 2326 nec
957 2301 1053 2333 aliquis
1069 2301 1199 2326 terminus
1216 2301 1369 2334 significans

301 2336 412 2369 aliquod
429 2343 475 2361 ens
494 2336 520 2361 in
540 2336 748 2361 demonstrando
765 2336 912 2368 accipietur
930 2340 1013 2361 extra
1032 2336 1117 2368 ipsum
1135 2338 1168 2360 A.

355 2372 385 2406 μ)
408 2371 494 2396 Unum
513 2371 672 2396 indivisibile
691 2371 777 2400 uncia,
796 2371 852 2396 sive
871 2378 942 2396 mna.
956 2372 1027 2396 —lta
1045 2372 1162 2404 explicite
1181 2372 1256 2396 codd.
1276 2370 1368 2396 EGKL

301 2407 361 2438 OS;
378 2407 399 2431 P
411 2414 465 2431 om.
483 2406 539 2431 sive
557 2414 628 2431 mna.
654 2407 712 2431 Non
735 2411 775 2431 est
797 2407 823 2431 in
840 2407 961 2431 versione
983 2412 1074 2431 nostra
1096 2415 1181 2439 neque
1205 2407 1230 2431 in
1249 2407 1368 2431 versione

300 2442 402 2467 Boethii
419 2442 577 2467 vocabulum
595 2449 718 2474 graecum
737 2449 812 2471 mna,
831 2447 861 2466 ut
878 2442 904 2467 in
923 2447 992 2466 textu
1010 2442 1170 2473 Aristotelis,
1193 2443 1240 2466 sed
1265 2442 1368 2474 ponitur

301 2478 389 2503 uncia.
407 2477 516 2502 Videtur
534 2482 621 2502 autem
640 2478 712 2510 quod
730 2477 771 2502 alii
790 2477 844 2502 fere
861 2485 953 2502 omnes
967 2478 1068 2502 codices
1082 2478 1176 2502 addant
1188 2485 1247 2502 cum
1267 2477 1367 2509 praedi-

301 2513 350 2538 etis
367 2513 423 2538 sive
441 2519 513 2537 mna.
533 2513 599 2537 Nam
612 2513 649 2537 A:
668 2513 723 2538 sive
736 2511 813 2541 mum·
830 2513 865 2537 B:
885 2513 1045 2538 indivisibile
1056 2513 1136 2537 etiam
1149 2513 1174 2538 si
1187 2512 1203 2537 a
1217 2520 1271 2538 una
1283 2513 1365 2545 quod-

298 2548 380 2577 dam;
397 2548 482 2573 CHT:
500 2548 556 2572 sive
570 2555 647 2577 nma3
666 2548 703 2572 D:
723 2548 802 2573 uncia
815 2556 831 2572 n
848 2555 909 2578 una,
921 2549 1004 2576 idest;
1016 2549 1040 2572 1:
1056 2549 1133 2573 uncia
1147 2548 1202 2573 sive
1215 2548 1308 2576 uncia,⁴
1326 2548 1365 2572 M:

300 2583 356 2609 siue
373 2591 452 2608 rana.
464 2583 597 2615 Apparent
615 2583 792 2615 corruptiones
806 2584 924 2608 vocabuli
944 2591 1041 2608 mna.-
1051 2584 1121 2608 Haec
1135 2584 1161 2608 in
1175 2591 1205 2608 se
1218 2583 1299 2616 parvi,
1313 2583 1367 2608 imo

298 2619 398 2644 nullius
415 2618 540 2644 momenti
563 2624 638 2649 sunt;
658 2624 684 2643 at
701 2619 771 2644 utilia
790 2626 853 2643 esse
876 2624 986 2651 possunt
1004 2619 1029 2644 in
1048 2618 1192 2644 definienda
1215 2619 1367 2651 quaestione

299 2654 335 2679 de
351 2654 514 2684 lectionibus,
533 2654 629 2686 quibus
648 2662 670 2678 s.
680 2654 797 2678 Thomas
815 2662 881 2679 usus
900 2659 948 2679 est.

353 2689 380 2722 ν)
393 2690 424 2714 In
438 2689 558 2714 melodiis
571 2693 660 2715 autem
673 2689 805 2721 accipitur
819 2693 849 2714 ut
863 2697 944 2714 unum
959 2694 1033 2714 etc.—-
1042 2681 1077 2714 A:
1093 2689 1148 2714 Et*
1138 2697 1164 2714 m
1175 2689 1295 2714 melodiis
1308 2694 1365 2719 etc.;

299 2725 342 2750 (ἔτ.
354 2724 446 2750 Etiam
465 2726 491 2750 in
511 2725 640 2754 melodiis,
660 2732 728 2757 quae
746 2725 930 2756 accipiuntur,
953 2730 979 2749 et
997 2732 1064 2757 quae
1083 2725 1254 2756 accipiuntur
1271 2724 1367 2749 habent

288 2759 363 2790 .GT,
381 2760 403 2786 E
420 2768 495 2785 vero:
514 2767 581 2793 quae
599 2761 744 2792 accipitur,·
763 2760 989 2785 DEHKLMNST:
1010 2761 1075 2785 Item
1094 2761 1120 2785 in
1141 2761 1270 2785 melodiis.

354 2794 378 2827 ξ)
401 2796 487 2820 Unum
501 2800 562 2821 ειμ-
571 2797 641 2821 Haec
653 2796 733 2821 verba
745 2796 864 2820 addimus
878 2803 909 2820 ex
920 2796 1021 2821 codd.
1030 2796 1079 2820 GO
1092 2803 1146 2820 om.
1162 2799 1202 2825 et,·
1216 2796 1254 2826 Q.
1274 2803 1364 2826 unum,

299 2830 370 2856 idest
387 2830 471 2856 indiv-

354 2866 380 2898 ο)
399 2866 446 2891 Sic
463 2867 550 2899 igitur
567 2866 801 2892 demonstrationis
820 2871 868 2891 etc.
876 2866 1065 2896 -GHKLMT‚
1084 2874 1110 2898 p.
1123 2874 1159 2891 m.
1171 2866 1195 2890 D
1210 2871 1235 2891 et
1249 2874 1271 2890 s.
1284 2874 1319 2890 m.
1330 2866 1364 2890 C:

301 2901 348 2926 Sic
365 2901 478 2934 igitur..
502 2902 576 2926 .F.x
594 2905 676 2934 parte
693 2905 782 2927 autem
801 2902 934 2931 scientiae,
953 2909 1057 2933 semper
1076 2900 1130 2935 (Τ,
1150 2909 1229 2934 quam
1247 2909 1366 2933 semper,·

297 2943 368 2961 sm.
380 2936 412 2965 D,
427 2937 500 2968 quod
511 2936 630 2970 semper)
643 2941 738 2963 causat
752 2944 872 2962 unum.—
883 2938 918 2963 A:
935 2944 1018 2964 unus:
1032 2937 1115 2962 Iets.
1126 2945 1163 2961 m.
1178 2937 1212 2967 D:
1229 2945 1309 2961 unum
1324 2937 1364 2961 in-

300 2971 444 3002 divisibile;
455 2972 490 2996 Ε·
509 2979 577 2997 unus
596 2975 636 2997 est
654 2973 725 3002 eius;
739 2973 801 2997 HL:
819 2972 894 2997 cuius
906 2975 946 2997 est
964 2973 1059 3001 intell.;
1074 2972 1110 3002 Q:
1125 2972 1173 2996 Ex·
1182 2975 1263 3003 parte
1275 2976 1363 2998 autem

298 3006 436 3036 scientiae,
455 3014 561 3039 semper
573 3010 634 3032 erat
652 3015 720 3032 unus
738 3007 794 3032 eius
812 3007 1015 3035 inte1tectus;N
1034 3007 1128 3032 omittit
1147 3008 1194 3031 Ex·
1207 3011 1289 3039 parte
1307 3013 1364 3037 etc„

299 3049 385 3074 usque
403 3042 436 3067 ad
459 3041 540 3067 finem
553 3043 662 3067 numeri.
677 3043 781 3067 -Patet
794 3042 898 3067 Pianam
917 3050 976 3066 esse
995 3043 1168 3072 retinendam,
1183 3050 1241 3067 curn
1257 3051 1309 3075 qua
1323 3026 1364 3067 alii

299 3078 401 3102 codices
427 3077 558 3108 legunt.—
573 3078 644 3102 Haec
666 3082 752 3102 autem
767 3078 846 3102 verba
865 3085 887 3102 3.
897 3077 1013 3102 Thomas
1032 3077 1104 3118 ponit
1128 3078 1159 3102 ad
1183 3079 1363 3118 exponendum

299 3113 374 3137 illum
392 3113 538 3136 Aristotelis
557 3117 667 3137 textum:
683 3111 764 3141 οὕτως
782 3110 807 3137 ἐν
826 3111 996 3146 συλλογισμῷ
1021 3109 1051 3138 τὸ
1070 3109 1096 3137 ἓν
1114 3110 1238 3144 πρὸτασις
1253 3109 1361 3147 ἄμεσος,

297 3145 325 3172 ἐν
343 3146 367 3171 δ’
385 3142 512 3177 ἀποδείξει
530 3155 573 3172 και
593 3145 719 3181 ἐπιστήμῃ
739 3145 753 3172 ὁ
773 3149 840 3176 νοῦς.
860 3148 946 3178 Quem
964 3148 1002 3173 sic
1019 3148 1095 3173 vertit
1114 3148 1203 3173 Rosmi
1199 3148 1264 3172 unius
1283 3148 1362 3178 (Ari-

295 3183 391 3208 stotele
413 3186 528 3224 esposto
542 3183 576 3208 ed
597 3182 779 3214 examinato)
797 3182 894 3211 «Cosi
918 3183 961 3208 nel
978 3183 1124 3215 sillogismo
1138 3183 1215 3215 quell’
1223 3191 1276 3208 uno
1289 3183 1363 3214 (cioe

300 3226 315 3242 ›
331 3218 350 3243 1'1
358 3218 503 3250 principio,
519 3216 534 3248 ἡ
549 3212 634 3252 ἀρχὴ)
648 3218 664 3243 ὲ
676 3218 704 3243 la
714 3207 901 3259 ρνοροεῖχὶοηε
913 3218 1076 3248 immediata,
1092 3219 1161 3243 nella
1176 3218 1363 3250 dimostrazio—

300 3262 314 3277 a»
330 3261 363 3278 ne
381 3260 395 3278 e
409 3254 478 3278 nella
490 3253 595 3286 scienza
608 3253 635 3278 la
649 3256 747 3282 mente,
765 3250 781 3278 ὁ
795 3254 863 3282 νοῦς,
877 3254 964 3285 quella
978 3258 1070 3284 messa,
1085 3253 1133 3278 che
1147 3254 1243 3278 altrove
1260 3251 1296 3286 (11
1310 3254 1362 3278 Po-

300 3298 314 3312 »
329 3292 401 3318 ster„
417 3296 472 3320 cap.
485 3296 525 3318 κν,
540 3297 565 3313 n.
579 3287 609 3318 8,
629 3293 654 3312 et
672 3288 704 3312 111
724 3289 765 3313 De
783 3288 882 3317 anima,
902 3296 957 3320 cap.
969 3296 1024 3319 vni,
1043 3297 1068 3313 n.
1085 3288 1110 3320 2)
1130 3288 1244 3318 chiamo,
1259 3288 1361 3320 princi-

300 3325 372 3356 -pio
387 3307 429 3348 de’
432 3323 561 3355 principii
574 3330 588 3348 e
601 3323 687 3355 specie
701 3323 768 3348 delle
780 3323 887 3355 specie»
904 3321 966 3357 (Op.
977 3324 1026 3354 cit„
1037 3324 1108 3352 lib.1‚
1120 3331 1174 3355 cap.
1184 3331 1252 3352 xviii,
1264 3331 1290 3347 n.
1302 3330 1361 3354 210,

297 3367 358 3393 pag.
372 3358 448 3391 154—
457 3359 555 3383 Torino
569 3358 656 3392 1857).
671 3358 771 3384 Exinde
784 3358 871 3383 infert:
887 3368 900 3382 ε
913 3358 1045 3384 conviene
1059 3359 1166 3391 dunque
1180 3358 1260 3382 chela
1275 3362 1362 3383 mente

297 3405 313 3418 ι»
329 3395 368 3419 sia
386 3394 496 3427 qualche
515 3402 576 3418 cosa
593 3394 618 3418 di
635 3394 767 3425 oggettivo
781 3401 796 3418 e
810 3394 834 3418 di
854 3401 901 3426 per
913 3394 942 3418 se
961 3394 1118 3424 conosciuto,
1133 3393 1266 3418 acciocche
1285 3393 1323 3417 sia
1343 3393 1359 3418 il

299 3441 313 3454 a·
329 3430 414 3463 primo
427 3429 552 3462 principio
565 3429 632 3454 della
647 3429 748 3454 scienza
761 3436 776 3453 e
786 3429 854 3454 della
869 3429 1075 3459 dimostrazione,
1086 3429 1175 3460 quello
1191 3428 1238 3452 che
1248 3428 1271 3452 fa
1281 3436 1360 3453 cono-

294 3475 313 3491 >
329 3473 401 3491 scere
412 3466 494 3490 l'altre
504 3472 564 3490 oose
573 3475 585 3487 »
594 3463 666 3498 (ib.).
680 3465 708 3488 ln
722 3469 782 3489 nota
796 3469 882 3489 autem
901 3463 940 3496 (3)
955 3464 1037 3489 addit:
1058 3473 1072 3488 α
1086 3463 1127 3488 Gli
1141 3463 1268 3488 scolastici
1283 3464 1360 3488 inter-

299 3511 312 3524 »
328 3506 466 3534 pretarono
485 3508 534 3526 con
553 3501 603 3524 due
621 3499 738 3524 vocaboli
754 3500 778 3524 la
791 3507 855 3524 voce
869 3501 926 3528 νοῦς
940 3499 964 3523 in
978 3499 1116 3524 Aristotele
1125 3517 1131 3529 ,
1145 3498 1200 3523 cioe
1215 3499 1360 3523 intellectus

299 3546 312 3560 ι
328 3544 344 3561 e
363 3536 545 3569 intelligentia,
565 3535 715 3560 riservando
729 3535 746 3559 il
762 3534 846 3567 primo
860 3542 875 3559 a
888 3535 999 3559 indicare
1019 3535 1044 3559 la
1058 3538 1175 3566 potenza,
1186 3541 1200 3558 e
1214 3534 1230 3558 il
1246 3534 1359 3558 secondo

292 3581 312 3595 ι
328 3572 400 3597 l'atto
414 3580 462 3597 con
477 3572 517 3596 cui
532 3575 624 3604 questa
643 3576 753 3603 potenza
775 3570 884 3597 intuisce
907 3570 932 3594 le
950 3570 1020 3598 idee:
1040 3577 1055 3594 e
1073 3569 1157 3602 quest'
1164 3574 1217 3594 atto
1236 3569 1252 3593 il
1273 3569 1358 3594 fecero

289 3617 313 3630 -ι
328 3607 484 3632 accidentale
506 3607 556 3632 alla
575 3611 692 3639 potenza.
711 3606 753 3630 Ma
771 3606 872 3630 usando
889 3605 1029 3630 Aristotele
1043 3612 1094 3629 una
1108 3610 1192 3629 stessa
1210 3612 1274 3629 voce
1287 3606 1357 3635 νοῦς,
1380 3614 1381 3618 ’

2430 268 2505 316 287

1438 342 1520 380 bilis
1547 355 1617 402 per
1642 345 1868 392 punctum*
1861 344 2071 381 medium.
2093 345 2142 381 Et
2168 344 2255 381 ideo
2285 345 2372 382 dicit
2400 346 2541 405 quod·

1436 396 1645 444 propositio
1679 396 1900 434 immediata
1935 405 1990 434 est
2022 409 2100 434 una
2129 397 2224 434 sicut
2256 398 2415 447 simplex
2449 399 2503 436 in-

1439 448 1674 486 divisibilis*

1497 513 1554 538 11.
1590 478 1738 539 Deiride
1774 515 1863 539 cum
1898 502 2001 539 dicit:
2029 504 2079 539 Et
2113 504 2428 552 quemadmodum
2464 505 2500 541 in

1437 554 1520 590 aliis
1549 562 1630 601 etc„
1661 555 1823 592 ostendit
1843 556 2040 604 quomodo
2070 569 2110 592 se
2134 557 2272 592 habeat
2290 557 2540 605 propositios

1437 607 1656 644 immediata
1685 608 1733 644 ad
1762 608 2136 646 demonstrationem.
2159 609 2232 646 Ubi
2262 610 2500 647 consideran-

1438 660 1531 696 dum
1551 669 1607 696 est
1626 661 1742 708 quod,
1764 661 1858 698 sicut
1875 663 2036 698 habetur
2063 662 2101 711 in
2122 664 2155 699 X
2175 663 2391 711 Metaphys.
2409 664 2440 710 *,
2462 664 2500 700 in

1438 713 1605 761 quolibet
1624 726 1760 761 genere
1786 723 1935 763 oportet
1960 727 2041 751 esse
2063 728 2183 752 unum
2203 716 2383 764 primum,
2396 717 2500 765 quod

1438 773 1493 803 est
1505 767 1526 786 ³²²
1540 766 1860 815 simplicissimum
1876 768 1914 804 in
1928 780 2064 815 genere
2080 768 2156 815 illo,
2169 775 2205 804 et
2219 781 2399 806 mensura
2414 782 2496 807 om-

1437 819 1543 855 nium
1559 831 1656 867 quae
1672 827 1758 856 sunt
1772 820 1868 856 illius
1881 821 2028 867 generis
2039 821 2068 857 ³³².
2081 822 2130 858 Et
2144 821 2232 870 quia
2247 834 2427 859 mensura
2442 831 2499 860 est
2527 843 2538 853 ι

1435 872 1678 919 homogenea
1692 881 1922 918 mensurato,
1939 874 2150 910 secundum
2167 875 2422 912 diversitatem
2438 888 2500 924 ge-

1437 937 1572 961 nerum
1593 933 1743 974 oportet
1771 938 1852 962 esse
1872 926 2092 963 huiusmodi
2119 928 2242 976 prima
2260 928 2500 966 indivisibilia

1437 977 1597 1014 diversa.
1619 978 1729 1015 Unde
1748 979 1824 1015 hoc
1851 990 1929 1014 non
1959 987 2013 1015 est
2031 979 2133 1016 idem
2159 980 2196 1016 in
2217 982 2411 1018 omnibus:
2432 983 2499 1020 sed

1435 1030 1474 1066 in
1501 1031 1681 1078 gravitate
1715 1031 1932 1090 ponderum
1967 1032 2146 1081 accipitur
2177 1041 2218 1070 ut
2249 1047 2369 1071 unum
2404 1031 2498 1072 indi-

1435 1083 1581 1119 visibile
1597 1084 1719 1129 uncia,
1731 1084 1811 1120 sive
1828 1096 1929 1129 mna,
1946 1084 2274 1133 idestssquoddam
2295 1087 2498 1141 minimum

1433 1136 1602 1183 pondus;
1620 1136 1724 1184 quod
1739 1144 1868 1172 tamen
1883 1149 1961 1173 non
1977 1146 2032 1173 est
2050 1138 2209 1198 simplex
2229 1141 2385 1177 omnino
2390 1141 2499 1190 ,quia

1434 1188 1629 1247 quodlibet
1642 1189 1794 1247 pondus
1815 1197 1870 1226 est
1890 1190 2101 1227 divisibile
2093 1203 2130 1227 in
2146 1191 2294 1228 minora
2312 1195 2495 1241 pondera,

1434 1241 1502 1277 sed
1535 1241 1715 1290 accipitur
1748 1250 1789 1278 ut
1821 1242 1979 1301 simplex
2012 1256 2081 1291 per
2113 1245 2424 1292 suppositionem.
2456 1249 2498 1284 ln

1433 1293 1606 1331 melodiis
1626 1302 1755 1331 autem
1775 1295 1954 1344 accipitur
1972 1304 2014 1332 ut
2032 1309 2152 1333 unum
2167 1303 2179 1316 ⁷
2201 1298 2428 1347 principium
2445 1306 2497 1337 to-

1433 1359 1514 1393 nus,
1540 1347 1603 1396 qui
1629 1347 1796 1384 consistit
1819 1348 1857 1385 in
1872 1349 2140 1397 “sesquioctava
2158 1352 2416 1399 proportione,
2436 1355 2497 1390 vel

1431 1400 1554 1447 diesis,
1576 1413 1673 1449 quae
1695 1408 1750 1437 est
1778 1401 1987 1439 differentia
2015 1403 2095 1439 toni
2114 1410 2149 1439 et
2167 1404 2359 1441 semitonii.
2390 1407 2438 1442 Et
2457 1406 2495 1443 in

1431 1454 1589 1491 diversis
1617 1454 1818 1501 generibus
1845 1463 1932 1491 sunt
1960 1455 2109 1493 diversa
2127 1457 2311 1506 principia
2325 1459 2344 1479 '¹‘
2363 1458 2495 1495 indivi-

1429 1507 1560 1553 sibilia.
1593 1507 1807 1555 Syllogismi
1837 1516 1964 1545 autem
1991 1509 2175 1559 principia
2207 1518 2294 1547 sunt
2320 1512 2493 1560 proposi-

1429 1560 1568 1607 tiones;
1601 1560 1703 1597 unde
1737 1569 1886 1609 oportet
1919 1563 2023 1610 quod
2057 1563 2266 1611 propositio
2298 1565 2494 1613 simplicis—

1429 1613 1540 1660 sima,
1575 1626 1672 1663 quae
1707 1622 1762 1650 est
1794 1614 2024 1662 immediata,
2046 1616 2092 1653 sit
2131 1628 2246 1653 unum
2254 1646 2265 1663 ,
2301 1618 2406 1666 quod
2439 1627 2494 1655 est

1429 1667 1964 1714 mensura*syllogisrnorum.
1982 1670 2264 1706 Demonstratio
2280 1679 2407 1707 autem
2428 1672 2492 1708 ad-

1429 1720 1481 1757 dit
1495 1733 1608 1769 supra
1632 1721 1894 1768 syllogismum
1919 1722 2022 1770 quod
2043 1722 2129 1758 facit
2147 1723 2353 1762 scientiam.
2375 1725 2491 1761 Com-

1426 1781 1580 1822 paratur
1598 1781 1726 1810 autern
1751 1774 1950 1811 intellectus
1969 1775 2018 1811 ad
2037 1775 2230 1813 scientiam
2251 1777 2346 1814 sicut
2369 1789 2490 1815 unum

1429 1835 1464 1863 et
1482 1823 1496 1850 ξ
1514 1826 1737 1864 indivisibile
1758 1827 1806 1863 ad
1826 1828 1954 1864 multa.
1977 1829 2079 1864 Nam
2100 1829 2253 1866 scientia
2270 1838 2324 1867 est
2342 1843 2411 1880 per
2426 1831 2489 1867 de-

1428 1893 1581 1916 cursum
1602 1892 1623 1916 a
1642 1880 1832 1931 principiis
1852 1881 1900 1917 ad
1924 1883 1944 1901 ³
1974 1882 2252 1928 conclusiones;
2282 1884 2526 1921 intellectus

1427 1941 1555 1970 autem
1573 1934 1593 1954 *
1612 1941 1667 1969 est
1695 1934 1866 1970 absoluta
1891 1941 1926 1970 et
1946 1934 2103 1983 simplex
2120 1937 2292 1989 acceptio
2315 1937 2487 1986 principii

1421 1999 1495 2035 >per
1509 1999 1549 2023 se
1569 1986 1690 2023 noti*.
1712 1986 1822 2032 Unde
1842 1986 2048 2024 intellectus
2068 1983 2271 2037 respondet
2290 1989 2487 2027 immedia-

1426 2047 1485 2076 tae
1505 2036 1772 2088 propositioni;
1803 2039 1956 2077 scientia
1975 2049 2103 2078 autern
2124 2043 2367 2089 conclusioni,
2389 2057 2486 2092 quae

1427 2101 1482 2130 est
1508 2092 1717 2152 propositio
1747 2093 1921 2130 mediata.
1944 2094 2006 2130 Sic
2034 2094 2142 2142 igitur
2161 2101 2173 2116 ⁰
2199 2096 2485 2134 demonstratio-

1426 2147 1535 2192 nis',
1566 2146 1604 2182 in
1632 2153 1817 2194 quantum
1847 2154 1902 2183 est
1920 2147 2178 2196 syllogismuS,
2209 2161 2324 2186 unum
2353 2150 2486 2188 indivi-

1425 2273 1438 2287 »
1454 2263 1468 2288 ὲ
1487 2272 1522 2288 un
1542 2263 1705 2288 allontanarsi
1725 2264 1765 2288 dal
1786 2271 1834 2288 suo
1853 2268 1968 2288 concerto
1987 2264 2003 2288 il
2024 2272 2117 2296 negare
2134 2264 2181 2289 che
2199 2265 2223 2290 la
2242 2270 2327 2290 mente
2347 2271 2429 2291 stessa
2448 2267 2485 2291 sia

1425 2309 1438 2322 »
1454 2308 1489 2324 un
1502 2304 1607 2331 oggetto
1625 2299 1848 2330 originariamente
1867 2299 1963 2330 inteso,
1983 2300 1999 2323 il
2018 2299 2102 2332 primo
2116 2300 2288 2332 intelligibile,
2304 2301 2351 2326 che
2370 2303 2419 2326 mai
2433 2310 2485 2327 non

1424 2344 1438 2358 »
1455 2343 1558 2364 manca,
1578 2334 1740 2359 costituendo
1761 2335 1784 2358 la
1799 2339 1907 2366 potenza
1927 2340 2011 2359 stessa
2031 2335 2054 2359 d'
2062 2335 2193 2360 intendere
2207 2336 2289 2360 l'altre
2308 2344 2376 2361 cose.
2388 2346 2402 2360 v
2419 2337 2486 2367 Quia

1421 2378 1484 2395 vero
1498 2371 1610 2402 primum
1630 2369 1782 2402 principium
1802 2370 1827 2394 in
1846 2371 1935 2394 ordine
1954 2371 2174 2402 incomplexorum
2193 2377 2233 2396 est
2244 2379 2290 2396 ens
2304 2373 2485 2397 indetermina-

1421 2411 1492 2436 tum,
1512 2406 1748 2435 transcendentale‚
1771 2410 1797 2429 et
1822 2405 2081 2436 communissimum,
2106 2407 2178 2438 quod
2201 2407 2305 2439 quidem
2332 2413 2372 2432 est
2396 2408 2485 2432 lumen

1422 2446 1550 2473 quatenus
1569 2441 1713 2465 manifestat
1732 2423 1779 2464 a'lia
1798 2441 1920 2473 principia
1939 2441 2061 2472 mediata;
2082 2441 2200 2473 sequitur
2218 2443 2288 2474 quod
2307 2450 2353 2467 ens
2371 2443 2434 2467 illud
2453 2443 2486 2468 sit

1420 2477 1447 2500 la
1469 2480 1554 2501 mente
1568 2476 1712 2509 oggettiva,
1731 2483 1834 2508 sempre
1853 2476 1878 2500 in
1897 2479 1955 2501 atto
1973 2476 2020 2501 che
2038 2476 2056 2500 l'
2057 2484 2135 2502 uomo
2153 2477 2196 2506 ha,
2216 2478 2300 2510 sitque
2314 2479 2485 2504 essere—lame

1422 2509 1476 2545 (ib.,
1490 2520 1546 2544 cap.
1557 2519 1631 2541 xxvn,
1651 2519 1709 2544 pag.
1727 2511 1783 2544 ¹89⁷
1800 2519 1824 2535 n.
1842 2510 1964 2546 125-26).

1474 2548 1636 2572 Assentimur
1649 2546 1784 2571 Rosrninio
1799 2547 1891 2571 dicenti
1908 2555 1966 2571 cum
1988 2554 2010 2571 3.
2019 2546 2123 2572 Thoma
2135 2555 2182 2572 ens
2198 2555 2256 2572 esse
2271 2548 2295 2572 id
2310 2549 2381 2581 quod
2400 2549 2484 2581 primo

1421 2582 1487 2607 cadit
1505 2583 1531 2607 in
1550 2582 1756 2615 apprehensione
1775 2582 1930 2613 intellectus;
1955 2582 2120 2607 concedimus
2139 2583 2214 2607 etiam
2234 2582 2283 2607 hoc
2302 2591 2347 2608 ens
2360 2592 2482 2617 praesup-

1420 2618 1494 2650 poni
1501 2618 1527 2642 in
1545 2618 1666 2642 omnibus
1685 2625 1752 2650 quae
1771 2618 1892 2648 cognosci
1912 2626 1926 2642 a
1942 2622 2028 2642 mente
2048 2623 2171 2650 possunt,
2191 2626 2251 2643 nam
2270 2619 2396 2660 quidquid
2411 2620 2483 2644 intel-

1421 2653 1507 2685 ligitur
1525 2653 1602 2677 habet
1620 2653 1746 2677 rationem
1762 2653 1842 2683 entis;
1861 2653 1935 2677 tertio
1950 2661 2055 2686 quoque
2070 2652 2228 2678 affirmamus
2243 2654 2394 2687 principium
2409 2661 2483 2680 onto-

1421 2689 1534 2719 logicum
1553 2688 1579 2713 in
1594 2693 1652 2712 ente
1669 2688 1804 2712 fundatum
1823 2686 1935 2721 (scilicet
1952 2688 2104 2721 principium
2119 2689 2323 2714 contradictionis
2338 2691 2378 2715 vel
2393 2690 2483 2715 identi-

1419 2723 1495 2758 tatis)
1515 2731 1575 2748 esse
1593 2731 1753 2756 supremum,
1768 2724 1793 2748 in
1812 2724 1884 2755 quod
1902 2725 2066 2748 resolvuntur
2086 2725 2208 2756 principia
2226 2725 2314 2750 omnia
2332 2726 2483 2751 secundaria

1420 2759 1593 2790 scientiarum,
1604 2759 1764 2792 proindeque
1779 2767 1825 2783 ens
1841 2759 1908 2784 istud
1919 2767 1977 2784 esse
1992 2760 2085 2784 lucem.
2100 2760 2208 2785 Illud...
2222 2761 2292 2792 quod
2302 2761 2392 2792 primo
2407 2762 2483 2786 intel-

1419 2795 1502 2819 lectus
1515 2795 1630 2826 concipit
1643 2794 1719 2826 quasi
1738 2794 1910 2824 notissimum,
1924 2798 1950 2819 et
1964 2795 1990 2819 in
2005 2802 2056 2827 quo
2070 2797 2159 2820 omnes
2171 2796 2352 2827 conceptiones
2365 2797 2481 2824 resolvit,

1420 2833 1459 2854 est
1477 2837 1522 2855 ens
1541 2827 1609 2862 (Qq.
1625 2830 1715 2862 Dispp.
1735 2830 1777 2854 De
1796 2830 1920 2859 veritate,
1940 2838 1984 2862 qu.
1999 2838 2021 2860 1,
2041 2830 2110 2855 artic.
2125 2834 2160 2863 1).
2181 2830 2236 2855 Ens
2258 2834 2298 2856 est
2311 2831 2402 2863 prima
2421 2839 2482 2857 con-

1419 2865 1504 2897 ceptio
1519 2865 1665 2890 intellectus
1679 2865 1730 2898 (Cf.
1744 2866 1800 2889 lect.
1814 2873 1844 2895 v,
1860 2874 1884 2889 n.
1900 2865 1936 2899 7).
1951 2865 2025 2889 Unde
2038 2869 2141 2897 oportet
2153 2866 2224 2897 quod
2236 2873 2325 2891 omnes
2338 2867 2407 2891 aliae
2420 2875 2481 2892 con-

1419 2901 1550 2932 ceptiones
1570 2901 1714 2925 intellectus
1732 2901 1899 2932 accipiantur
1916 2908 1954 2925 ex
1972 2900 2109 2925 additione
2128 2901 2166 2925 ad
2185 2908 2230 2926 ens
2243 2899 2310 2934 (Qq.
2327 2902 2417 2934 Dispp.
2431 2903 2480 2926 loc.

1420 2935 1482 2970 cit.).
1496 2936 1563 2966 Quia
1577 2944 1672 2960 nomen
1688 2936 1751 2960 lucis
1766 2941 1900 2960 extensum
1919 2941 1958 2960 est
1971 2937 2009 2960 ad
2022 2936 2225 2969 significandum
2241 2944 2317 2961 omne
2332 2937 2396 2961 illud
2410 2937 2481 2969 quod

1411 2971 1485 3004 facit
1494 2971 1733 3004 manifestationem
1743 2971 1886 2996 secundum
1897 2978 2076 3003 quamcunque
2088 2971 2265 3004 cognitionem
2277 2972 2316 3003 (P.
2324 2973 2342 3002 1,
2353 2980 2479 3004 qu.1.xvn,

1419 3007 1488 3031 artic.
1506 3006 1546 3040 1),
1567 3015 1618 3031 non
1638 3007 1723 3031 solum
1742 3007 1886 3031 intellectus
1905 3014 1950 3031 seu
1970 3008 2041 3036 νοῦς,
2065 3015 2112 3039 per
2131 3014 2208 3038 quern
2233 3007 2413 3038 intelligimus,
2433 3007 2481 3032 erit

1419 3042 1508 3066 lumen
1522 3042 1584 3074 (quo
1598 3047 1623 3066 et
1637 3042 1828 3074 subiectivum),
1842 3042 1984 3066 secundum
1999 3042 2069 3074 quod
2084 3042 2254 3066 communiter
2268 3042 2377 3067 dicimus
2392 3043 2479 3067 lumen

1418 3077 1535 3107 rationis;
1555 3078 1601 3101 sed
1620 3078 1696 3101 etiam
1716 3077 1814 3102 veritas
1832 3080 1871 3102 est
1889 3078 1975 3101 lumen
1996 3077 2084 3109 (quod
2102 3083 2127 3101 et
2146 3077 2315 3109 obiectivum)
2333 3077 2479 3102 intellectus

1419 3112 1458 3142 (Ρ.
1471 3112 1488 3141 1,
1509 3120 1552 3144 qu.
1567 3119 1634 3142 cvu,
1653 3112 1723 3136 artic.
1742 3111 1786 3146 ιι),
1805 3115 1831 3137 et
1850 3112 1934 3144 ipsum
1954 3112 2117 3145 intelligibile
2136 3116 2246 3137 vocatur·
2264 3113 2350 3138 lumen
2371 3114 2411 3137 vel
2429 3113 2480 3137 lux

1418 3145 1460 3180 (P.
1475 3148 1497 3176 1,
1517 3155 1561 3179 qu.
1575 3155 1622 3177 xri
1642 3147 1710 3172 artic.
1729 3146 1765 3180 v).
1785 3147 1981 3179 Consequenter
1994 3155 2047 3177 ens,
2063 3148 2133 3179 quod
2146 3153 2185 3172 est
2198 3148 2279 3180 prima
2293 3148 2426 3180 conceptio
2440 3149 2478 3172 in-

1417 3182 1542 3212 tenemus,
1558 3187 1598 3206 est
1611 3182 1694 3214 prima
1713 3182 1753 3206 lux
1766 3182 1891 3207 obiectiva
1910 3183 2003 3207 mentis
2019 3188 2130 3212 nostrae,
2146 3189 2170 3207 et
2184 3183 2215 3207 ad
2230 3183 2294 3207 hanc
2310 3184 2392 3207 lucem
2408 3191 2478 3208 com-

1417 3222 1539 3249 parantur
1556 3225 1648 3241 omnes
1667 3218 1731 3241 aliae
1750 3217 1931 3250 conceptiones
1951 3223 2052 3243 nostrae
2071 3218 2218 3243 obiectivae.
2233 3232 2252 3236 —
2267 3219 2336 3243 Haec
2355 3226 2477 3250 suprema

1417 3252 1538 3276 scientiae
1550 3257 1653 3276 nostrae
1668 3252 1790 3284 principia
1803 3260 1833 3277 ex
1853 3260 1875 3277 3.
1884 3253 1987 3277 Thoma
2001 3254 2145 3285 desumpsit
2159 3253 2307 3278 Rosminius
2319 3252 2368 3286 (Cf.
2383 3254 2477 3278 Nuovo

1417 3287 1520 3320 Saggio
1533 3287 1698 3320 sull'origine
1712 3287 1778 3312 delle
1797 3287 1860 3315 idee,
1873 3288 1931 3312 Vol.
1942 3288 1970 3318 11,
1982 3296 2065 3319 sez.v‚
2077 3296 2100 3321 p.
2112 3296 2129 3318 ι,
2140 3296 2193 3320 cap.
2207 3296 2223 3317 1,
2239 3295 2326 3321 seqq-3
2350 3289 2476 3321 Teosofia,

1416 3323 1474 3347 Vol.
1486 3323 1503 3346 1.
1512 3335 1531 3340 —
1540 3322 1678 3347 Problema
1693 3322 1899 3355 dell'ontologia,
1911 3323 1954 3348 lib.
1963 3324 2047 3353 unico,
2059 3331 2112 3355 cap.
2123 3331 2147 3352 v,
2158 3324 2228 3348 artic.
2241 3332 2258 3354 1,
2269 3333 2293 3348 n.
2305 3323 2344 3353 58,
2356 3332 2413 3356 pag.
2423 3322 2476 3356 55).

1469 3357 1528 3382 Duo
1547 3362 1632 3382 tamen
1652 3362 1713 3381 sunt
1731 3357 1757 3381 in
1775 3358 1870 3389 quibus
1894 3359 2060 3389 praelaudato
2079 3358 2237 3391 Philosopho
2262 3359 2406 3384 consentire
2425 3367 2478 3384 non

1414 3400 1566 3424 possumus.
1582 3392 1668 3417 Unum
1681 3398 1720 3417 est
1730 3392 1795 3417 circa
1809 3396 1933 3417 naturam
1949 3394 2023 3423 entis,
2033 3394 2102 3426 quod
2113 3399 2152 3418 est
2162 3394 2244 3426 prima
2257 3394 2389 3427 conceptio
2404 3394 2476 3419 intel-

1414 3428 1495 3452 lectus
1510 3427 1628 3458 humani;
1647 3428 1754 3452 alterum
1770 3433 1808 3452 est
1823 3428 1888 3452 circa
1901 3429 2030 3461 originem
2050 3434 2074 3453 et
2089 3430 2196 3453 modum
2210 3429 2288 3454 huius
2303 3430 2476 3462 conceptionis

1414 3463 1440 3487 in
1452 3468 1548 3487 'nostro
1572 3463 1708 3487 intellectu.
1728 3463 1754 3487 S.
1764 3463 1880 3487 Thomas
1899 3464 1954 3487 vult
1973 3463 2034 3488 illud
2054 3472 2099 3488 ens
2119 3472 2179 3489 esse
2203 3464 2308 3496 quidem
2328 3472 2374 3489 ens
2393 3469 2475 3490 trans-

1414 3498 1552 3522 cendaliter
1566 3503 1710 3530 sumptum,
1722 3497 1771 3523 hoc
1785 3504 1824 3523 est
1837 3506 1889 3523 non
1904 3497 2051 3531 specificum
2067 3507 2151 3532 neque
2166 3500 2323 3531 genericum,
2337 3501 2383 3524 sed
2397 3508 2477 3533 supra

1413 3541 1520 3558 omnem
1540 3533 1653 3566 speciem
1672 3538 1697 3559 et
1715 3541 1793 3558 omne
1812 3541 1894 3566 genus
1914 3533 2088 3564 constitutum,
2107 3535 2214 3567 proinde
2232 3535 2476 3560 communissimum

1414 3574 1439 3593 et
1458 3569 1568 3593 maxime
1587 3569 1809 3593 indeterminatum
1815 3576 1822 3599 3
1841 3574 1952 3594 attamen
1968 3570 2049 3600 docet,
2066 3575 2092 3594 et
2105 3578 2174 3601 vere,
2188 3569 2254 3595 illud
2268 3570 2336 3603 (ens)
2349 3577 2404 3596 esse
2417 3571 2476 3596 uni-

1413 3604 1528 3633 versale,
1548 3611 1598 3636 quo
1617 3604 1745 3636 quaelibet
1765 3611 1806 3629 res
1817 3604 1974 3638 formaliter
1991 3608 2031 3630 est
2050 3604 2165 3639 (Opusc.
2180 3605 2222 3630 De
2235 3609 2295 3631 ente
2312 3609 2338 3631 et
2352 3606 2476 3638 essentia,

2554 360 2627 382 Codd.
2640 362 2701 386 (exc
2713 367 2746 383 cv

2532 392 2593 411 oqc
2582 390 2603 408 ct
2624 394 2644 408 3.
2660 394 2691 409 m
2709 391 2743 412 nl:

2527 418 2573 439 pos
2562 413 2652 435 s.-1'tum
2642 421 2684 439 ·:Q
2689 421 2746 446 pro-

2528 439 2623 465 pri;um
2629 446 2655 461 c:
2667 441 2747 464 divisi-

2531 465 2583 486 bilis
2599 467 2698 493 ponitur
2711 468 2744 488 si-

2530 494 2597 512 cutm
2599 492 2636 513 ed.

2530 519 2578 539 ιο
2593 523 2614 539 ct
2629 526 2643 540 n
2665 526 2684 541 3.
2696 526 2728 541 m.

2530 546 2554 564 et
2569 545 2655 570 indiv.,·
2674 552 2707 571 Qr
2722 550 2745 568 et

2543 577 2589 592 ..m
2598 578 2620 592 s·
2632 562 2668 592 sin
2655 573 2744 600 mplici-

2530 598 2566 617 ter
2581 597 2653 619 indiv.

2527 676 2538 686 ⁴
2555 676 2648 698 Comm.
2665 684 2684 698 3.
2697 678 2742 699 Th.

2530 702 2609 723 lect.11.
2617 714 2627 718 -
2638 703 2680 724 Ed.
2688 704 2742 726 Did.

2528 728 2666 757 lib.1X,n.7,
2675 737 2740 758 seqq.

2529 790 2536 797 ·
2545 789 2614 816 Quod
2622 792 2660 810 est
2666 796 2714 812 om.
2725 797 2740 812 1.

2553 842 2610 864 Gen.
2622 849 2670 865 om.
2680 850 2703 865 ο.

2522 1464 2532 1474 “
2546 1464 2621 1485 Codd.
2636 1467 2697 1488 lcxc.
2713 1471 2735 1486 oi

2524 1494 2544 1515 ο]
2555 1498 2559 1511 :
2571 1491 2660 1517 prima.

2521 1682 2528 1689 ·
2544 1688 2562 1703 ¹:
2573 1683 2722 1711 principium.

2615 1839 2627 1869 ξ

2540 1901 2567 1915 A:
2585 1895 2639 1915 in.-
2652 1902 2679 1917 o:
2695 1896 2729 1917 ad

2515 1927 2539 1941 c(
2528 1921 2639 1942 onclnem.

2515 1948 2551 1994 'tii
2558 1950 2642 1973 lamen,
2650 1953 2671 1969 ct
2679 1955 2727 1970 om.

2515 1980 2540 1994 es
2554 1990 2559 1994 .

2514 2000 2567 2021 ‘Ctl
2574 2001 2665 2027 lect.vn,
2673 2007 2695 2023 n.
2704 2002 2726 2023 6.

2612 2090 2626 2106 0

2512 2114 2620 2142 ‘Codd.
2630 2122 2678 2136 exc.
2686 2122 2706 2136 ε.

2512 2131 2620 2188 {lindem-
2642 2142 2725 2163 divisi-
