2548 4192
242 251 372 277 CXCVIII

243 320 372 359 sienses,
387 319 612 358 Coislinianos,
626 318 901 356 vindobonenses,
914 317 1048 357 AngIOS,
1061 316 1201 347 Venetos
1216 315 1313 346 sancti

242 364 351 395 Marci.
384 364 631 404 Diligentissima
655 362 797 394 eiusdem
825 361 984 402 scriptoris
1012 359 1152 391 recensio
1182 369 1313 399 operam

242 415 385 439 nostram
401 408 567 448 praevertit
583 417 715 438 omnem
737 416 772 437 ac
793 406 922 436 inhibet.
943 405 1050 435 Unam
1065 404 1117 434 ille
1137 414 1174 434 ex
1192 404 1312 434 Toma-

241 452 313 483 sino
332 453 474 482 Primam
499 452 666 482 Secundae
687 460 795 491 graece
818 459 941 480 versam
963 449 1044 478 inter
1063 448 1186 478 codices
1203 447 1312 478 Cardi-

241 497 321 527 nalis
343 496 536 527 Bessarionis
559 501 732 526 memorat:
756 495 885 524 Partem
911 492 1006 523 etiam
1034 493 1177 522 Primam
1203 501 1311 522 recen-

242 540 335 572 sitam
351 541 422 580 lego
438 540 470 570 in
481 549 590 580 graeca
599 539 663 569 divi
673 537 769 569 Marci
780 537 971 567 bibliotheca
986 536 1135 567 codicum
1148 545 1311 576 ms.,quae

241 594 326 615 anno
346 594 428 625 1740
448 583 531 624 typis
550 582 667 623 prodiit
685 581 835 619 Venetiis,
852 581 914 611 hoc
930 580 1047 610 modo:
1066 593 1081 608 «
1095 580 1206 611 Codex
1220 590 1311 609 CXLVI

243 642 258 657 1>
277 629 310 658 in
341 628 396 658 fol.
421 627 611 658 chartaceus:
628 626 661 656 S.
679 626 817 656 Thomae
838 625 1009 665 Aquinatis
1031 624 1184 654 Summae
1211 624 1310 654 Theo-

243 685 258 700 »
278 673 403 711 logicae
418 672 528 701 Prima
543 680 626 711 pars
644 679 764 710 graece
779 678 883 699 versa.
900 668 1056 698 Adiicitur
1071 674 1166 698 nota:
1183 666 1309 703 Ἐπλη-

242 729 257 744 ι»
277 713 362 758 ρώθη
375 714 420 756 τῇ
434 707 719 754 ἑπτακαιδεκάτῃ
729 711 791 744 τοῦ
803 711 1000 756 Ἀπριλλίου
1013 711 1076 748 τῆς
1091 709 1226 752 πρώτης
1242 705 1305 742 ἰνδ.

241 773 256 788 2>
274 757 371 790 κατ-οἱ
394 758 435 790 τὸ
452 756 743 802 ἑξακισχιλιοστόν
764 755 1030 789 ὁκτακοσιοστὸν
1053 749 1307 799 ἑβδομηκοστὸν

241 817 256 832 »
277 803 408 846 πρῶτον
431 800 528 839 ἔτοςε
554 803 728 843 completus
749 807 796 834 est
822 802 874 832 die
894 801 1136 842 decimaquarta
1159 799 1308 843 (decima-

241 861 256 876 »
277 845 425 890 septima)
449 848 564 888 aprilis
587 847 652 878 ind.
670 848 782 887 prima
810 855 898 877 anno
921 844 1001 885 6871
1025 843 1164 887 (Christi
1192 843 1306 887 1363).

240 905 256 920 2>
276 892 386 923 Codex
405 901 507 921 cnvn
525 891 558 921 in
574 891 629 922 fol.
651 891 871 922 chartaceus...
892 890 1002 920 Prima
1021 889 1189 920 Secundae
1200 890 1309 929 partis

240 949 255 964 »
276 936 428 966 Summae
456 935 677 977 Theologicae.
703 935 814 967 Codex
837 944 955 964 cxrvnt
980 934 1013 964 in
1031 944 1054 973 4
1073 934 1306 965 chartaceus...

240 993 256 1008 »
274 980 384 1010 Prima
402 989 486 1020 pars
508 980 661 1010 Summae
689 980 909 1020 Yheologicae.
930 979 1077 1019 Epitome
1099 979 1229 1009 Primae
1248 979 1304 1009 Se-

240 1037 255 1052 »
274 1024 400 1055 eundae
415 1025 524 1064 partis
547 1024 700 1055 Summae
727 1024 947 1064 Theologicae.
962 1035 977 1050 »

303 1069 351 1098 Ex
375 1067 790 1099 Caesareo-Vindobonensi
813 1067 922 1098 codice
942 1069 1021 1097 cc1v'
1037 1067 1199 1097 chartaceo
1220 1067 1307 1107 apud

237 1112 445 1143 Lambecium
460 1112 564 1142 libroI
578 1112 672 1143 refert
685 1113 772 1143 idem
787 1111 950 1142 Echardus
975 1111 1114 1142 Thomae
1127 1111 1167 1142 de
1179 1111 1307 1151 Aquino

237 1157 438 1198 quaestiones
460 1157 512 1187 De
529 1157 639 1188 divina
658 1157 909 1187 Incarnatione:
927 1165 1009 1196 quae
1024 1162 1108 1194 sunt,
1125 1155 1239 1196 inquit,
1256 1155 1306 1186 vel

236 1201 357 1242 priores
376 1201 578 1242 quaestiones
602 1202 728 1232 Tertiae
747 1201 856 1241 partis
874 1200 1026 1230 Summae
1049 1210 1074 1231 s.
1089 1199 1237 1230 Thomae
1255 1200 1306 1230 vel

237 1245 381 1286 quaestio
405 1245 486 1275 inter
503 1245 685 1285 Disputatas
707 1245 759 1276 De
784 1245 902 1275 unione
928 1244 1020 1274 Verbi
1039 1244 1219 1274 Incarnati.
1244 1244 1306 1274 Sed

236 1289 323 1330 apud
340 1289 520 1320 Nesselium
539 1290 609 1320 cod.
630 1299 752 1327 cchm,
771 1298 861 1319 num.
878 1298 900 1328 4
919 1294 950 1319 et
969 1288 1039 1319 cod.
1057 1298 1157 1326 ccmn,
1177 1298 1266 1318 num.
1283 1297 1306 1327 4

236 1333 280 1364 sic
296 1333 408 1364 titulus
424 1333 567 1364 effertur:
586 1334 641 1364 Ex
654 1334 759 1364 sancti
779 1333 918 1363 Thomae
931 1332 1102 1372 Aquinatis
1121 1332 1211 1363 libris
1225 1342 1304 1373 qua-

235 1383 311 1408 tuor
339 1378 391 1408 De
419 1379 553 1409 veritate
580 1378 755 1409 catholicae
775 1377 862 1418 fidei
883 1382 996 1407 contra
1022 1376 1182 1414 Gentiles,
1209 1382 1240 1407 et
1263 1386 1306 1407 ex

235 1422 374 1453 eiusdem
400 1422 533 1452 Summa
564 1423 775 1463 Tbeologiae,
806 1422 912 1461 capita
935 1421 1140 1451 miscellanea
1162 1420 1303 1461 quadra-

233 1467 328 1508 ginta
350 1467 499 1507 quinque.
515 1466 613 1497 Primi
637 1466 745 1506 capitis
768 1465 896 1496 initium
917 1464 1004 1495 affert
1025 1464 1196 1503 Nessefius,
1213 1465 1303 1506 quod

234 1516 401 1550 sumptum
424 1517 546 1542 constat
569 1521 605 1541 ex
629 1510 729 1551 capite
745 1508 986 1551 quadragesimo
1010 1509 1080 1540 libri
1101 1508 1204 1549 quarti
1227 1519 1303 1539 con-

232 1561 279 1586 tra
303 1554 453 1585 Gentiles,
469 1554 550 1586 Vide
572 1565 654 1596 quae
678 1554 900 1585 adnotavimus
923 1553 956 1583 in
972 1553 1198 1584 Dissertatione
1222 1553 1303 1584 duo-

232 1599 364 1630 decima.

300 1643 335 1673 In
359 1642 466 1673 codice
490 1643 577 1683 regio
601 1642 767 1673 Parisiensi
781 1650 946 1680 mtcnxxn,
965 1642 1021 1683 qui
1040 1642 1220 1673 Secundam
1245 1642 1301 1673 Se-

231 1687 357 1718 cundae
385 1687 540 1725 continet,
560 1687 637 1718 haec
664 1686 759 1717 latine
782 1687 821 1717 ab
844 1686 990 1717 Echardo
1013 1696 1102 1717 versa
1124 1686 1186 1726 legi
1215 1686 1302 1717 idem

230 1737 360 1762 testatur
372 1731 421 1761 vir
436 1730 653 1762 doctissimus:
674 1730 816 1769 Utinam,
827 1740 846 1761 ο
865 1731 996 1769 Thomu,
1009 1741 1072 1762 non
1090 1732 1122 1762 in
1148 1730 1301 1762 Occiden-

231 1781 271 1813 te,
289 1775 346 1806 sed
369 1776 401 1805 in
429 1774 561 1806 Oriente
584 1781 680 1806 natus
692 1774 831 1816 fuisses,
855 1780 890 1805 ut
913 1785 997 1806 esses
1020 1775 1237 1813 orthodoxus,
1261 1785 1302 1806 ac

229 1819 270 1850 de
292 1819 432 1859 Spiritus
447 1821 552 1850 sancti
569 1820 776 1860 processione
789 1820 837 1850 sic
851 1825 937 1850 recte
951 1821 1097 1858 sentires,
1116 1825 1151 1850 ut
1166 1820 1206 1851 de
1226 1821 1301 1851 aliis

222 1864 398 1904 praeclare
420 1864 562 1895 disseris.
588 1864 748 1905 Itemque:
775 1864 911 1904 Sapiens
934 1869 981 1894 est
1004 1865 1062 1895 iste
1085 1862 1299 1907 (Thomas),

229 1913 360 1948 excepto
383 1908 468 1948 quod
491 1914 537 1939 est
560 1908 682 1939 latinus
705 1913 736 1938 et
757 1908 973 1946 Barlaamita,
993 1909 1056 1939 nisi
1076 1910 1187 1949 potius
1215 1909 1299 1940 Bar-

228 1952 314 1983 laam
335 1952 496 1983 Themista
507 1951 619 1993 suerit
638 1957 668 1983 et
684 1953 825 1983 latinus:
843 1958 971 1983 caetera
987 1953 1200 1984 admirandus
1216 1951 1298 1995 (ipse

228 2006 345 2036 nempe
379 1995 554 2039 Thomas).
579 1996 764 2027 Barlaamus
789 1997 967 2027 monachus
996 1997 1117 2028 calaber
1147 2007 1297 2038 graecus,

227 2050 287 2081 pro
311 2040 446 2071 versatili
470 2041 598 2081 ingenio
620 2041 724 2072 latinis
746 2048 777 2072 et
799 2041 917 2081 graecis
938 2041 1091 2080 infensus,
1108 2051 1193 2072 anno
1214 2043 1297 2082 1340

225 2084 368 2115 florebat.
385 2085 473 2115 Duas
496 2085 669 2125 praedictas
699 2085 919 2116 adnotationes
950 2086 990 2116 ad
1012 2086 1121 2126 ipsum
1146 2086 1298 2117 Summae

225 2128 443 2159 Thomisticae
474 2129 678 2169 interpretem
714 2129 869 2170 pertinere
901 2130 1169 2161 verisimillimum
1208 2137 1299 2171 putat

225 2172 406 2203 Echardus:
426 2173 511 2204 unde
526 2173 645 2213 colligit
667 2183 812 2213 graecam
828 2174 981 2205 Summae
1004 2175 1215 2216 Theologicae
1228 2185 1296 2206 ver-

225 2217 350 2247 sionem
373 2217 536 2248 Demetn'o
561 2217 711 2258 Cydonio
735 2227 802 2248 non
826 2218 1080 2257 adscribendam,
1105 2220 1161 2260 qui
1184 2219 1297 2251 latino-

224 2271 298 2291 rum
322 2261 440 2301 dogma
463 2261 501 2292 de
525 2261 660 2302 Spiritus
690 2262 789 2293 sancti
813 2272 850 2293 ex
872 2263 963 2294 Patre
993 2263 1141 2305 Filioque
1172 2273 1297 2304 proces-

225 2305 314 2336 sione
339 2311 518 2336 constanter
540 2306 651 2337 tenuit.
909 2318 912 2327 ¹

294 2349 331 2380 11.
351 2349 490 2380 Maximo
514 2350 666 2389 Planudi,
685 2360 783 2391 quem
811 2357 935 2382 constat
964 2351 1122 2392 dogmatis
1155 2352 1298 2384 eiusdem

226 2393 353 2424 hostem
369 2394 558 2425 acerrimum
574 2394 681 2433 fuisse,
697 2404 842 2435 graecam
856 2395 950 2426 istam
963 2396 1144 2427 versionem
1159 2397 1297 2428 tribuen-

224 2437 302 2467 dam
325 2444 439 2468 censet.
458 2437 684 2469 Coniecturam
700 2439 867 2471 confirmat
889 2439 951 2471 fide
971 2440 1088 2472 codicis
1101 2451 1162 2472 ms.
1179 2441 1297 2472 versio-

226 2491 302 2512 nem
324 2481 516 2522 praedictam
539 2482 738 2521 continentis,
755 2483 788 2514 in
811 2494 878 2525 quo
902 2485 1014 2515 eadem
1037 2485 1198 2517 translatio
1221 2487 1296 2517 Ma-

223 2526 314 2556 ximo
336 2526 477 2557 Planudi
492 2526 649 2558 tribuitur.
667 2527 778 2558 Codex
793 2534 849 2566 est,
869 2528 984 2569 inquit,
1007 2529 1212 2561 bibliothecae
1230 2531 1296 2561 Ba-

226 2571 428 2610 rocynianae
450 2569 680 2614 (Barocianae),
702 2582 784 2612 quae
808 2572 887 2603 olim
917 2573 1056 2604 Venetiis
1087 2581 1162 2612 erat,
1185 2581 1296 2615 postea

224 2613 258 2644 in
281 2614 432 2654 Angliam
445 2615 603 2646 translata.
621 2615 762 2646 Indicem
778 2616 927 2647 codicum
942 2617 1069 2658 reliquit
1084 2618 1295 2658 Tomasinus;

225 2668 308 2699 quos
331 2658 399 2699 ipse
423 2659 552 2690 adnotat
574 2659 684 2690 Iacobi
705 2660 838 2691 Barocii
859 2661 994 2692 Patricii
1025 2663 1129 2693 veneti
1152 2672 1215 2693 non
1237 2664 1294 2693 mi-

226 2703 300 2733 nori
321 2702 502 2744 diligentia,
519 2713 615 2744 quam
639 2709 767 2745 sumptu
792 2706 1002 2746 conquisitos,
1020 2711 1050 2736 et
1070 2707 1208 2737 Thomae
1233 2707 1294 2738 Co-

224 2747 311 2778 mitis
325 2747 542 2778 Arundeliani
557 2758 633 2779 aere
649 2749 682 2779 in
697 2749 904 2780 Britanniam
919 2750 1105 2781 translatos.
1127 2750 1293 2790 Codicern,

220 2801 291 2832 quo
316 2791 355 2822 de
383 2791 518 2832 agimus,
543 2792 592 2823 his
619 2793 721 2824 verbis
749 2800 889 2825 recenset
910 2803 982 2835 pag.
1006 2793 1068 2825 81:
1090 2795 1134 2826 D.
1155 2795 1294 2826 Diomae

966 234 1427 275 DISSERTATIONES
1457 235 1705 271 CRITICAE

1367 314 1500 345 Summa
1529 315 1723 356 Theologiae
1754 316 1786 345 in
1810 325 1966 356 graecum
1984 316 2144 346 translata
2161 326 2181 346 a
2200 316 2348 347 Maximo
2364 317 2440 348 Pla-

1367 359 1469 396 nude,
1497 360 1529 389 in
1554 359 1654 390 bomb.
1670 358 1738 399 fol.
1757 365 1829 396 412.
1845 359 2003 390 Planudes
2028 359 2158 391 florebat
2186 370 2271 390 anno
2300 362 2383 402 1327
2409 368 2440 392 et

1366 403 1470 434 adhuc
1494 413 1578 433 anno
1608 404 1688 434 1353
1714 403 1793 434 lucis
1817 414 1913 434 usura
1936 404 2108 443 fruebatur,
2136 404 2309 435 Guillelmo
2341 405 2438 445 Cave,

1366 454 1397 478 et
1420 448 1464 478 Io.
1482 447 1613 478 Alberto
1637 447 1782 478 Fabricio
1806 448 2041 479 adnotantibus
2062 449 2145 479 Hinc
2169 449 2382 480 animadverte
2405 450 2439 480 in

1365 498 1575 531 augmentum
1606 491 1804 522 coniecturae
1818 515 1827 531 ,
1855 492 2005 523 Planudis
2036 493 2128 524 aetati
2158 493 2344 533 proximum
2372 504 2439 524 esse

1366 536 1520 574 codicem,
1531 546 1629 576 quem
1639 542 1741 567 servat
1755 536 1876 575 Veneta
1886 547 1910 567 S.
1926 537 2024 567 Marci
2038 537 2238 577 bibliotheca,
2254 548 2341 568 anno
2351 537 2441 569 1363

1365 580 1553 620 completum
1563 587 1577 618 ;
1601 580 1770 621 eidemque
1799 575 1923 611 homini
1956 590 2068 620 graeco
2098 581 2236 612 maxime
2269 582 2438 613 convenire

1365 623 1542 662 dicterium,
1559 634 1625 665 quo
1649 624 1794 655 Thomas
1817 625 2022 655 Barlaamita
2046 632 2187 657 vocatur.

1431 668 1483 698 111.
1502 668 1707 699 Armenicam
1729 668 1867 709 integrae
1890 669 2043 699 Summae
2080 670 2291 711 Theologicae
2318 671 2436 701 versio-

1364 721 1438 742 nem
1462 712 1614 743 debemus
1637 713 1847 743 D.Michitar
1863 713 2045 752 Sebasteno‚
2061 714 2177 745 Abbati
2200 715 2436 746 monachorum

1363 765 1380 785 e
1405 755 1660 796 Congregatione
1684 767 1708 787 s.
1725 756 1868 787 Antonii.
1886 757 1978 788 Hanc
1994 757 2062 798 ipse
2078 758 2234 797 Michitar,
2260 759 2307 789 vir
2329 760 2435 790 catho-

1362 799 1422 830 lica
1444 798 1518 838 fide,
1535 800 1679 830 moribus
1695 800 1833 841 antiquis
1850 811 1886 831 ac
1901 801 2076 832 litterarum
2098 803 2209 842 peritia
2231 803 2434 844 conspicuus,

1362 853 1447 874 anno
1477 854 1558 885 1712
1583 844 1718 875 instituit
1740 844 1892 875 Methone
1915 845 1949 875 in
1964 845 2199 886 Peloponneso.
2217 847 2252 877 In
2275 848 2435 889 Pelopon-

1361 888 1485 918 nesiaca
1509 887 1597 919 clade
1620 898 1639 918 a
1661 888 1775 919 Turcis
1799 888 1906 927 inlata,
1922 889 2070 920 Venetias
2093 900 2179 920 anno
2215 892 2296 933 1716
2322 892 2435 923 confu-

1361 939 1475 972 gerunt
1497 932 1663 963 monachi:
1690 932 1871 973 receptique
1904 939 1978 964 sunt
2000 933 2033 963 in
2057 934 2229 964 Aestuariis
2258 945 2359 976 prope
2383 946 2434 967 ur-

1361 978 1435 1007 bem
1458 977 1491 1007 in
1517 977 1622 1007 insula
1645 977 1743 1007 sancti
1767 977 1877 1007 Lazari
1901 987 1986 1008 anno
2016 988 2109 1019 1717.
2143 977 2435 1019 Congregationem

1361 1031 1453 1052 suam
1476 1021 1516 1051 ad
1548 1021 1674 1052 obitum
1697 1031 1810 1062 usque,
1826 1021 1907 1052 idest
1930 1031 2051 1052 annum
2081 1031 2174 1064 1749,
2197 1022 2265 1064 ipse
2288 1023 2435 1056 Michitar

1360 1065 1605 1106 prudentissime
1621 1065 1699 1097 rexit
1713 1065 1836 1106 primus
1859 1066 1976 1097 Abbas.
1995 1066 2030 1096 In
2045 1066 2207 1097 laborioso
2234 1066 2434 1099 conficiendo

1361 1120 1457 1151 opere
1480 1110 1539 1140 sibi
1563 1110 1687 1140 socium
1710 1110 1841 1141 adscivit
1863 1110 2019 1141 Ioannem
2044 1110 2187 1142 eiusdem
2204 1110 2433 1152 Congregatio-

1360 1155 1408 1185 nis
1431 1154 1639 1193 monachum,
1656 1155 1713 1195 qui
1736 1154 1835 1185 vitam
1857 1155 1961 1186 adhuc
1984 1155 2056 1196 agit.
2076 1155 2248 1187 Confectae
2278 1156 2433 1187 versionis

1360 1199 1462 1240 plura,
1479 1208 1560 1240 quae
1583 1199 1659 1237 vidi,
1676 1199 1880 1230 adservantur
1902 1199 2068 1230 volumina
2091 1210 2167 1231 mss.
2184 1199 2218 1230 in
2240 1210 2273 1240 4.

1426 1243 1582 1274 Eamdem
1597 1243 1763 1274 Summam
1787 1243 1979 1274 carminibus
1995 1244 2161 1275 armenicis
2180 1244 2349 1285 expressit,
2372 1255 2433 1276 sex

1358 1289 1391 1319 in
1401 1293 1517 1328 partes
1531 1288 1694 1327 tributam,
1717 1288 1761 1319 D.
1781 1287 1936 1319 Caciatur
1949 1288 2199 1327 Arzerumensis,
2215 1289 2328 1320 doctor
2341 1289 2432 1320 theo-

1356 1332 1461 1372 logus‚
1473 1332 1529 1373 qui
1543 1332 1682 1363 Venetae
1697 1334 1914 1363 Armenorum
1930 1332 2087 1364 Ecclesiae
2103 1333 2210 1374 plures
2225 1343 2328 1365 annos
2343 1343 2431 1374 prae·

1357 1376 1427 1407 fuit.
1454 1376 1579 1407 Primus
1602 1382 1711 1407 tomus
1733 1383 1764 1408 et
1787 1377 1945 1407 secundus
1973 1377 2094 1418 primae
2124 1378 2220 1418 partis
2243 1378 2433 1419 prodierunt

1357 1421 1496 1452 Venetiis
1520 1431 1605 1451 anno
1634 1430 1716 1462 1729
1740 1421 1824 1462 typis
1847 1421 1980 1452 Antonii
1999 1421 2139 1453 Bortoli:
2159 1422 2330 1464 lucemque
2353 1422 2433 1454 vidit

1356 1471 1465 1496 tomus
1488 1464 1611 1505 primus
1634 1465 1790 1496 secundae
1813 1465 1910 1506 partis
1933 1476 2018 1496 anno
2047 1467 2141 1508 1734.
2163 1465 2287 1498 Caeteri
2310 1466 2431 1498 deside-

1355 1515 1473 1540 rantur.

1421 1553 1575 1584 Mutilum
1597 1553 1717 1584 laudati
1740 1554 1890 1584 monachi
1914 1565 1940 1585 s.
1955 1554 2089 1586 Antonii
2113 1561 2238 1586 servant
2259 1566 2320 1586 ms.
2342 1555 2429 1586 codi-

1356 1607 1437 1636 cem,
1454 1597 1510 1639 qui
1533 1597 1759 1639 antiquiorem,
1775 1604 1812 1629 ut
1835 1598 1935 1638 aiunt,
1951 1605 2087 1639 praestat
2109 1599 2254 1630 eiusdem
2275 1600 2430 1631 Summae

1361 1642 1573 1683 Theologicae
1594 1641 1774 1673 versionem
1783 1642 1986 1674 armenicam.
2003 1645 2056 1674 An
2071 1642 2166 1674 fuerit
2179 1643 2430 1684 Bartholomaei,

1356 1694 1572 1727 cognomento
1588 1686 1690 1726 Parvi,
1701 1697 1739 1717 ex
1754 1686 1875 1718 Ordine
1891 1693 2013 1726 nostro,
2023 1689 2242 1718 Armenorum
2256 1685 2429 1729 Apostoli?

1354 1731 1421 1762 Viri
1445 1730 1644 1770 sanctissimi,
1668 1731 1708 1761 ad
1735 1733 1953 1762 Armenorum
1982 1731 2275 1763 reconciliationem
2298 1743 2317 1764 a
2335 1732 2429 1764 Ioan-

1355 1785 1395 1805 ne
1409 1776 1495 1806 XXII
1507 1785 1591 1806 anno
1607 1775 1727 1806 circiter
1742 1776 1824 1806 1320
1838 1775 1938 1815 missi,
1956 1775 2084 1817 vitaque
2098 1775 2226 1808 mortali
2243 1786 2328 1808 anno
2344 1787 2355 1808 1
2364 1777 2426 1809 333

1355 1819 1455 1850 functi
1478 1819 1511 1850 in
1535 1819 1729 1851 monasterio
1761 1819 1802 1851 de
1827 1820 1980 1859 Charna,
2008 1820 2150 1861 elogium
2179 1821 2310 1852 consule
2340 1821 2428 1863 apud

1354 1863 1547 1895 Echardum.
1570 1863 1776 1895 Armenicam
1798 1864 1951 1895 Summae
1974 1870 2087 1896 contra
2113 1865 2255 1896 Gentiles
2279 1871 2310 1897 et
2331 1865 2427 1897 Sum-

1353 1918 1426 1939 mae
1449 1909 1661 1950 Theologicae
1688 1909 1815 1940 Tertiae
1831 1910 1941 1950 partis
1955 1909 2136 1940 versionem
2160 1909 2264 1940 eidem
2283 1909 2426 1941 attribuit

1353 1953 1542 1984 Ambrosius
1566 1953 1605 1984 de
1627 1953 1794 1984 Altamura
1809 1953 1842 1983 in
1858 1953 2072 1984 Bibliothecae
2087 1953 2318 1985 Dominicanae
2341 1953 2425 1987 Cen-

1351 1997 1433 2028 turia
1457 1997 1495 2036 11,
1512 1998 1552 2028 ad
1575 2007 1697 2028 annum
1726 1998 1818 2029 1333.
1835 1998 1922 2029 Haec
1946 1997 2004 2028 sibi
2028 1997 2054 2028 si
2077 2004 2232 2037 constent,
2249 2008 2353 2030 novus
2374 2008 2424 2030 ac-

1352 2041 1433 2072 cedit
1456 2051 1515 2082 pro
1539 2042 1673 2073 Summa
1705 2042 1922 2082 Theologica,
1947 2042 2088 2083 genuino
2111 2042 2280 2084 Aquinatis
2313 2042 2422 2082 foetu,

1351 2086 1500 2117 adversus
1523 2086 1704 2127 imperitam
1726 2086 1864 2117 Launoii
1887 2096 2053 2118 censuram
2075 2085 2138 2118 fide
2162 2086 2252 2118 omni
2281 2087 2424 2128 dignissi-

1352 2140 1424 2161 mus
1447 2130 1545 2162 testis.

1418 2175 1572 2215 Vulgares
1591 2175 1688 2206 etiam
1711 2174 1799 2216 apud
1819 2175 2006 2216 Europaeos
2022 2175 2149 2216 linguae
2165 2175 2206 2206 ad
2228 2175 2315 2206 idem
2330 2174 2425 2217 Opus

1352 2219 1595 2260 exprimendum
1625 2219 1783 2251 adhibitae
1815 2219 1944 2251 fuerunt
1973 2220 2012 2250 ab
2041 2219 2265 2260 interpretibus
2290 2220 2425 2252 Auctori

1352 2263 1550 2295 sanctissimo
1574 2264 1715 2295 addictis.
1733 2265 1983 2305 Manuscriptam
2005 2263 2174 2305 hispanam
2195 2264 2328 2296 Primae
2342 2274 2426 2306 par-

1352 2310 1393 2339 tis
1414 2308 1595 2339 versionem
1622 2319 1659 2339 ex
1682 2308 1826 2339 Antonio
1849 2308 2032 2350 Augustino
2057 2315 2088 2340 et
2111 2318 2148 2339 ex
2171 2308 2308 2340 Tamaio
2331 2308 2426 2341 refert

1351 2352 1514 2383 Echardus
1538 2359 1629 2384 tomo
1654 2353 1680 2384 11
1696 2353 1895 2394 Scriptorum
1919 2353 1997 2385 Ord.
2013 2353 2123 2384 Praed.
2141 2362 2213 2394 pag.
2243 2353 2317 2394 339,
2342 2353 2425 2385 inter

1350 2399 1544 2438 Anonymos
1558 2397 1675 2428 saeculi
1685 2397 1890 2429 sextidecimi.
1907 2397 2043 2429 Gallicas
2058 2397 2182 2439 aliquot
2198 2397 2263 2428 sive
2287 2397 2424 2439 integras

1350 2441 1511 2472 versiones
1534 2442 1632 2473 totius
1653 2441 1768 2483 Operis
1792 2442 1856 2473 sive
1880 2442 2056 2483 epitomes,
2078 2451 2256 2483 eorumque
2279 2448 2423 2474 auctores

1351 2492 1406 2517 aut
1429 2486 1564 2517 editores
1586 2493 1727 2518 recenset
1748 2486 1933 2518 Antoninus
1956 2487 2094 2518 Touron
2109 2486 2143 2517 in
2165 2486 2334 2528 Aquinatis
2349 2486 2424 2519 Vim

1349 2530 1430 2561 libro
1459 2530 1522 2569 lv,
1554 2531 1656 2572 capite
1686 2541 1729 2562 ix.
1745 2531 1865 2562 Mimm
1889 2541 1965 2562 vero
1994 2531 2138 2562 laborem
2167 2530 2355 2562 huiusmodi
2382 2530 2422 2562 ab

1350 2574 1503 2606 Italorum
1526 2575 1672 2615 nemine,
1693 2585 1792 2617 quem
1815 2575 1924 2615 sciam,
1939 2582 2124 2616 susceptum
2147 2575 2254 2607 fuisse.
2272 2574 2421 2607 Transla-

1349 2618 1472 2650 tionem
1499 2619 1659 2650 sinensem
1692 2620 1766 2652 loco
1789 2619 1884 2651 citato
1915 2619 2103 2651 Touronius
2133 2626 2292 2651 memorat
2307 2642 2318 2658 ‚
2337 2628 2421 2661 quae

1349 2662 1493 2694 confecta
1520 2673 1539 2694 a
1568 2664 1604 2694 P.
1631 2664 1738 2704 Ruglo
1767 2663 1869 2695 siculo
1895 2664 2009 2695 dicitur
2039 2663 2073 2694 in
2105 2663 2256 2704 catalogo
2283 2664 2421 2695 Patr-um

1348 2706 1516 2738 Societatis
1530 2707 1618 2745 Iesu,
1633 2709 1690 2748 qui
1701 2713 1778 2748 post
1792 2708 1910 2739 obitum
1928 2717 1955 2739 s.
1966 2707 2135 2738 Francisci
2149 2707 2287 2739 Xaverii
2305 2708 2339 2738 in
2354 2707 2421 2738 Im·

1341 2752 1437 2791 perio
1462 2751 1616 2782 Sinarum
1631 2751 1736 2793 fidem
1753 2756 2045 2793 propagaverunt,
2071 2751 2198 2782 Parisiis
2218 2751 2304 2783 edito
2334 2750 2418 2783 1686

1347 2804 1381 2826 111
1405 2795 1452 2833 84².
