2548 4192
939 252 994 288 IN
1025 252 1063 288 S.
1085 252 1328 289 THOMAM
1356 254 1682 300 AQUINATEM

2270 269 2414 296 LXXXVII

197 332 356 374 originali
388 333 420 363 in
455 332 643 363 bibliotheca
676 333 911 370 Minoritarum
941 331 1279 372 Middelburgensium
1335 333 1459 364 Romae
1481 344 1502 364 a
1525 333 1749 365 Reverendiss.
1775 339 1885 365 nostro
1916 334 2070 365 Generali
2097 335 2233 367 Nicolao
2260 337 2411 379 Rodulfio

197 377 257 408 sub
286 377 380 407 titulo
415 386 442 408 s.
472 377 629 414 Tkomae,
655 376 830 407 transcribi
858 377 973 408 curavi
1003 381 1034 407 et
1058 376 1190 416 perlegi
1219 386 1279 417 ego
1325 376 1400 417 suit
1422 377 1538 418 Operis
1555 378 1652 408 huius
1671 388 1810 408 censura
1829 378 2035 409 demandata.
2050 379 2098 409 De
2118 379 2201 409 mala
2220 380 2281 411 fide
2310 382 2414 422 deque

187 420 242 462 fr.
253 422 415 457 Antonius
429 421 582 452 Senensis
603 431 629 452 s.
648 421 831 461 theologiae
850 421 974 452 Doctor
993 421 1223 458 Lovaniensis,
1250 426 1280 451 et
1334 421 1492 462 imperitia
1525 432 1670 453 censores
1699 422 1777 453 istos
1806 422 1947 463 postulat
1975 423 2204 454 audacissimus
2234 424 2408 456 Casimirus

191 466 288 506 prelo
306 466 444 507 dignum
464 465 570 496 iudico
588 475 654 506 pro
677 465 816 496 utilitate
836 465 1043 496 Christianae
1060 465 1277 506 Reipublicae.

196 510 319 542 Datum
345 510 482 541 Lovanii
503 510 592 551 apud
609 509 856 540 Praedicatores
879 510 932 541 die
954 511 990 541 31
1021 510 1157 551 augusti
1184 510 1277 551 1571.

196 554 252 585 Fr.
267 555 430 586 Antonius
443 554 604 585 Senensis.
624 556 676 585 An
699 553 883 595 Originalis
901 564 991 593 voce,
1011 564 1076 595 qua
1096 554 1195 585 utitur
1214 557 1278 584 An-

196 599 316 638 tonius,
344 599 489 631 codicem
513 599 622 639 ipsum
652 599 889 639 autographum
912 599 1097 630 intellexerit
1125 609 1165 629 an
1190 606 1278 630 vem-

194 651 283 676 stum
306 641 554 684 apographum?

263 688 477 730 Suppositum
500 698 585 729 opus
609 687 751 718 evincere
770 687 894 718 videtur
917 687 1018 718 altum
1041 689 1081 719 de
1104 688 1160 719 illo
1185 689 1276 719 silen-

196 733 279 766 tium
298 739 443 765 veterum
461 732 622 770 omnium,
642 732 699 773 qui
719 732 868 763 Thomae
892 733 990 764 vitam
1005 733 1208 774 scripserunt,
1227 733 1277 764 vel

196 778 343 820 Operum
367 777 435 809 eius
459 777 629 809 elenchum
648 777 789 807 adhibita
808 787 935 808 summa
954 784 1080 808 texuere
1103 777 1274 818 diligentia.

195 823 280 854 Tam
295 828 489 860 accuratum,
505 831 605 863 quem
628 821 806 852 confecerat
824 821 974 860 indicem,
990 822 1187 854 existimabat
1206 833 1274 854 san-

195 874 265 898 ctus
274 866 470 905 Antoninus,
487 873 524 899 ut
537 866 671 898 scribere
686 877 717 907 p.
730 867 770 896 111
783 866 947 905 Chronici,
965 867 1059 898 titulo
1069 877 1155 905 xvm,
1169 877 1275 908 cap.x,

194 912 223 953 §-
246 921 264 943 2
283 911 402 943 veritus
426 921 492 942 non
517 911 573 943 sit:
597 911 653 943 Ex
675 912 724 942 his
747 916 840 952 patet
876 909 934 953 (ex
956 911 1068 948 indice„
1083 920 1200 952 nempe
1223 922 1275 944 su-

194 956 301 997 perius
325 956 452 997 posito,
475 956 509 987 in
532 966 599 997 quo
623 965 725 996 opus,
755 966 822 996 quo
847 955 886 986 de
909 955 1052 996 agimus,
1080 966 1146 986 non
1170 966 1275 988 recen-

193 999 294 1044 setur)
317 1000 404 1042 quod
420 1000 574 1034 Postillae
596 1010 695 1041 super
719 1000 867 1031 Genesim
892 1005 922 1030 et
936 1000 1171 1038 Ecclesiasten,
1194 1011 1276 1041 quas

195 1045 261 1077 vidi
282 1045 344 1077 sibi
366 1043 554 1088 (Thomae)
578 1045 777 1083 intitulatas,
803 1050 834 1075 et
859 1044 1089 1085 Compendium
1114 1045 1274 1086 quoddam

195 1090 376 1131 theologiae
407 1089 493 1131 quod
515 1090 646 1129 incipit,
679 1089 873 1128 Thelogicae
905 1087 1062 1120 facultatis
1091 1087 1182 1131 (lege
1220 1089 1274 1120 Ve-

194 1135 301 1166 ritatis
324 1131 536 1176 theologicae)
565 1133 652 1175 quod
670 1134 765 1163 etiam
791 1133 882 1165 beato
915 1133 1055 1164 Thomae
1073 1133 1177 1174 aliqui
1200 1134 1274 1164 inti-

194 1178 318 1215 tulant,
339 1188 403 1208 non
422 1182 499 1208 sunt
518 1178 598 1215 eius,
623 1187 722 1218 quum
743 1187 806 1208 non
827 1182 1103 1208 connumerentur
1116 1179 1202 1208 inter
1219 1187 1274 1208 su-

186 1222 367 1264 pradictos.
401 1221 558 1253 Antonini
591 1231 741 1254 censurae
765 1221 936 1262 acquiescit
968 1221 1073 1252 Sixtus
1109 1222 1272 1256 Senensis:

193 1267 376 1308 editamque
390 1266 555 1297 Postillam
574 1266 668 1297 istam
687 1266 785 1297 fuisse
804 1266 843 1296 ab
863 1266 961 1297 altero
981 1266 1125 1307 quodam
1144 1266 1274 1298 Thoma

193 1311 338 1343 eiusdem
360 1310 508 1353 Ordinis,
531 1310 600 1341 viro
626 1310 759 1352 quidem
788 1310 911 1342 erudito
937 1321 972 1342 ac
996 1310 1068 1351 pio,
1093 1311 1148 1342 sed
1171 1312 1274 1343 neuti-

189 1366 293 1398 quam
314 1354 464 1387 Thomae
484 1355 637 1396 Aquinati
661 1355 733 1397 styli
758 1354 905 1387 facilitate
929 1365 964 1386 ac
988 1365 1100 1386 sensus
1123 1356 1274 1396 gravitate

193 1398 429 1442 comparando„
442 1399 551 1440 ipsum
570 1400 773 1431 Antoninum
792 1407 907 1431 testem
929 1406 1023 1431 vocat
1045 1400 1079 1431 id
1101 1400 1272 1442 affirman-

193 1450 267 1478 tem.
286 1444 389 1476 Pluris
412 1444 545 1486 quidem
567 1444 724 1476 iudicium
747 1444 824 1475 sixti
848 1445 887 1475 de
911 1445 995 1486 stylo
1024 1445 1129 1485 operis
1158 1445 1272 1476 facien·

191 1490 288 1521 dum:
313 1496 344 1521 at
367 1489 485 1520 fallitur
507 1489 572 1528 ille,
596 1489 676 1520 dum
699 1489 847 1520 Thomae
871 1489 958 1520 alteri
977 1489 1193 1521 Dominicano
1212 1491 1272 1521 Po-

191 1534 313 1567 stillam
337 1535 370 1565 in
393 1533 611 1566 Ecclesiasten
636 1533 787 1572 attribuit,
807 1534 975 1565 Antonino
999 1541 1092 1566 teste:
1115 1544 1213 1576 quem
1233 1535 1272 1566 de

192 1579 266 1611 solo
290 1579 487 1620 Compendio
506 1579 687 1620 theologiae
711 1585 890 1609 memorato
915 1578 1006 1619 loqui
1029 1579 1102 1609 satis
1122 1579 1273 1611 evincunt

191 1634 276 1666 quae
299 1630 477 1665 sequuntur
500 1623 644 1654 eiusdem
667 1624 777 1654 verba:
805 1623 1036 1664 Compendium
1065 1625 1162 1662 enim,
1186 1624 1273 1665 quod

192 1669 221 1700 b.
245 1669 384 1700 Dromas
407 1667 516 1706 edidit,
532 1668 572 1699 de
590 1678 653 1709 quo
673 1677 775 1709 supra
795 1666 840 1710 (in
861 1666 979 1710 indice)
990 1667 1088 1709 sacta
1118 1674 1165 1700 est
1183 1679 1271 1700 men-

193 1714 249 1751 tio,
265 1713 362 1744 aliter
381 1713 502 1753 incipit,
519 1718 550 1743 et
567 1718 615 1743 est
633 1712 734 1743 multo
753 1713 882 1743 brevius
910 1717 940 1743 et
958 1712 999 1744 de
1006 1714 1124 1753 paucis
1141 1719 1270 1744 tractat.

193 1757 258 1789 Sed
280 1757 364 1788 illud
376 1756 462 1798 quod
481 1757 602 1798 incipit,
623 1757 851 1798 Theologicae,
870 1757 911 1788 de
929 1757 1076 1788 omnibus
1092 1767 1177 1798 pene
1200 1757 1269 1788 bre-

193 1803 322 1834 vissime
350 1806 470 1832 tractat
502 1803 648 1833 materiis
680 1802 862 1842 theologiae
938 1824 946 1832 .
979 1801 1044 1832 Sed
1067 1812 1126 1832 nec
1147 1802 1272 1833 Alberti

191 1847 313 1888 Magni
335 1850 392 1884 est,
418 1851 454 1876 ut
476 1845 535 1876 alii
557 1846 687 1887 quidam
712 1846 842 1884 dicunt;
864 1846 922 1877 sed
944 1846 1112 1877 cuiusdam
1134 1847 1271 1878 alterius

190 1891 367 1923 doctissimi
390 1890 472 1927 viri,
492 1891 549 1931 qui
570 1890 676 1922 dictus
698 1896 745 1922 est
758 1890 875 1932 frater
898 1891 1045 1922 Thomas.
1074 1893 1117 1922 At
1136 1901 1211 1922 vero
1231 1892 1271 1922 ad

191 1935 285 1967 allata
307 1945 344 1966 ex
372 1945 396 1965 s.
417 1934 584 1966 Antonino
604 1933 721 1977 (verbis
745 1942 818 1966 utor
841 1934 991 1977 Echardi)
1011 1936 1182 1976 respondet
1205 1939 1270 1967 An-

191 1979 301 2012 tonius
325 1979 487 2010 Senensis:
510 1979 677 2010 Postillam
701 1990 718 2010 a
742 1990 775 2010 se
800 1980 901 2011 visam
930 1990 1043 2020 negare
1066 1981 1269 2012 Antoninum

191 2034 260 2057 esse
274 2024 461 2062 s.Thomae‚
476 2024 532 2055 sed
545 2034 612 2055 non
627 2034 760 2055 ornnem
774 2025 813 2055 ab
828 2025 896 2055 aliis
911 2025 1083 2056 inventam.
1102 2025 1198 2063 Quod
1212 2036 1270 2057 nu—

189 2070 321 2112 gatorie
343 2069 476 2107 dictum,
496 2068 601 2110 inquit
619 2069 683 2107 ille,
703 2079 796 2100 nemo
821 2079 884 2100 non
907 2070 1009 2101 videt:
1027 2080 1091 2111 qua
1111 2071 1195 2101 enim
1216 2081 1269 2101 ra-

189 2115 278 2147 tione
293 2113 458 2145 Postillam
476 2123 496 2144 a
511 2123 547 2144 se
562 2115 664 2145 visam
681 2115 785 2146 reiicit
802 2115 997 2152 Antoninus,
1016 2115 1126 2146 eadem
1143 2125 1267 2146 omnem

189 2159 291 2191 aliam
322 2159 464 2199 respuit,
495 2168 567 2189 cum
596 2159 687 2189 nulla
712 2160 744 2189 in
775 2160 918 2200 antiquis
947 2169 1080 2200 operum
1109 2160 1270 2201 catalogis

189 2208 407 2235 recenseatur.
438 2204 490 2233 An
518 2203 739 2234 auctoritatem
767 2203 1003 2235 conciliaverint
1031 2204 1120 2244 operi
1153 2204 1269 2235 iudicia

188 2247 364 2279 recentium
393 2247 612 2288 quorumdam
642 2248 849 2288 scriptorum,
879 2259 916 2279 ex
943 2248 1061 2290 quibus
1090 2259 1268 2280 memorare

188 2299 237 2324 sat
259 2291 354 2323 fuerit
376 2291 566 2323 Michaelem
584 2292 680 2323 Pium
699 2303 754 2324 seu
774 2293 925 2324 Plodium
949 2300 1036 2334 parte
1062 2293 1087 2324 11
1122 2294 1162 2324 de
1185 2294 1268 2325 Viris

188 2336 365 2368 illustribus
383 2336 438 2367 lib.
460 2337 492 2375 Ι,
516 2347 588 2377 pag.
610 2337 646 2368 81
677 2337 824 2368 editionis
843 2337 1057 2369 Bononiensis
1085 2348 1158 2369 ann.
1185 2339 1267 2380 1607

188 2388 330 2419 curatae,
359 2381 496 2412 Paulum
525 2381 697 2412 Nazan'um
723 2382 756 2412 in
786 2382 946 2423 opusculo
971 2383 1010 2413 de
1039 2382 1168 2423 Scriptis
1203 2383 1267 2413 divi

188 2425 337 2457 Thomae
360 2426 528 2466 Aquinatis
557 2426 755 2457 dubitatione
778 2437 810 2457 1v
829 2434 860 2458 et
882 2427 1092 2457 Ambrosium
1116 2427 1156 2457 de
1182 2427 1267 2458 Alta-

187 2479 280 2501 mura
303 2470 336 2500 in
359 2469 557 2501 Bibliotheca
580 2470 658 2502 Ord.
674 2469 833 2502 Praedic.?
857 2471 969 2502 Unum
992 2471 1125 2502 Antonii
1149 2471 1267 2502 Senen-

189 2514 248 2553 sis,
271 2513 298 2544 si
322 2514 412 2555 quod
435 2521 497 2552 est,
521 2522 748 2555 argumentum
771 2515 947 2546 instaurant
972 2515 1028 2553 illi,
1045 2523 1267 2557 praetereaque

189 2558 279 2590 nihil.
299 2558 399 2596 Quod
427 2559 543 2589 iterum
571 2559 684 2590 refellit
707 2559 886 2590 Echardus:
910 2560 1077 2598 Dixerim,
1102 2560 1266 2601 inquiens,

187 2613 215 2636 s.
233 2604 391 2634 Antonini
413 2609 644 2644 argumentum
669 2614 705 2635 eo
729 2603 896 2645 efficacius
918 2614 996 2642 esse,
1017 2605 1102 2646 quod
1115 2605 1156 2635 ab
1179 2605 1266 2636 obitu

187 2658 215 2680 s.
233 2648 386 2679 Doctoris
409 2649 441 2678 in
467 2648 500 2678 id
523 2649 592 2679 eius
615 2648 780 2689 discipuli,
806 2650 869 2680 imo
893 2659 1003 2680 omnes
1025 2659 1089 2690 per
1121 2650 1265 2681 ordinem

187 2692 317 2725 sodales
337 2693 538 2733 potissimum
573 2693 793 2732 incubuerint,
819 2699 855 2724 ut
878 2703 918 2724 ne
948 2695 1113 2724 minimam
1138 2695 1265 2735 quidem

188 2738 259 2769 eius
282 2737 464 2768 chartulam
488 2737 646 2768 oblivione
663 2738 767 2769 deleri
788 2748 829 2769 ac
843 2738 941 2779 perdi
967 2739 1121 2770 sinerent.
1141 2740 1265 2770 Mirum

187 2787 296 2813 autem
321 2787 403 2813 esset
426 2783 560 2813 maioris
583 2782 676 2814 molis
699 2793 817 2824 opera,
850 2783 961 2823 qualia
986 2783 1043 2814 illa
1067 2784 1099 2814 in
1127 2783 1265 2815 Genesin

188 2831 220 2858 et
241 2826 458 2858 Ecclesiasten
485 2826 737 2865 Commentaria,
763 2828 828 2858 illis
841 2827 953 2868 fuisse
975 2829 1153 2869 incognita,
1179 2834 1210 2859 et
1233 2830 1265 2859 in

187 2871 354 2902 Indicibus
377 2872 446 2902 eius
468 2881 602 2912 operum
628 2873 764 2903 omissa:
780 2873 976 2913 praesertim
1006 2883 1078 2903 cum
1093 2874 1267 2914 scriptores

189 2915 239 2947 illi
262 2920 384 2947 veteres
407 2921 472 2946 tam
496 2922 650 2947 accurate
673 2918 705 2947 in
729 2917 870 2958 Postillis
894 2918 963 2949 eius
990 2923 1162 2948 secernant
1185 2928 1267 2959 quas

182 2961 322 3000 propria
346 2970 445 2990 manu
469 2962 620 2991 exaravit
645 2966 676 2991 et
700 2971 782 3002 quas
801 2971 843 2992 ex
861 2963 931 2992 eius
955 2971 1013 2992 ore
1031 2963 1064 2992 in
1083 2962 1192 2993 schola
1219 2963 1266 2993 di-

188 3004 290 3034 centis
321 3003 488 3035 auditores
519 3011 739 3045 reportarunt.
769 3006 884 3046 Itaque
911 3016 937 3037 s.
956 3006 1114 3037 Antonini
1144 3007 1185 3037 de
1216 3008 1266 3038 his

189 3047 316 3078 duabus
337 3048 479 3079 Postillis
502 3049 619 3080 iudicio
644 3051 694 3080 vir
717 3050 870 3081 cordatus
894 3052 998 3081 omnis
1025 3051 1129 3081 stabit.

258 3091 296 3122 11.
317 3091 384 3122 lam
406 3102 482 3123 vero
506 3100 536 3124 et
559 3094 724 3124 Postillam
745 3096 777 3125 in
797 3095 1014 3126 Ecclesiasten
1037 3095 1103 3135 pari
1128 3095 1265 3126 efficacia

189 3136 339 3167 reiectam
357 3135 454 3167 vides.
470 3137 582 3168 Narrat
595 3138 669 3169 loco
690 3139 784 3170 citato
799 3139 952 3169 Nazarius
967 3139 1066 3170 dubit.
1082 3150 1102 3169 v
1124 3150 1156 3170 se
1177 3150 1264 3180 prae-

189 3181 307 3212 dictam
320 3180 485 3211 Postillam
500 3183 752 3223 manuscriptam
772 3183 887 3214 vidisse
907 3184 1131 3224 audivisseque
1150 3194 1187 3215 ex
1210 3195 1264 3214 an-

187 3225 280 3266 tiquo
297 3225 467 3265 exemplari
482 3226 696 3266 desumptam,
711 3228 801 3268 quod
815 3228 905 3258 Senis
929 3228 962 3258 in
987 3235 1146 3259 conventu
1166 3229 1264 3260 sancti

187 3269 351 3301 Dominici
375 3269 612 3308 adservabatur‚
633 3281 668 3302 ac
691 3271 753 3311 legi
777 3272 873 3302 etiam
896 3272 930 3302 in
953 3272 1017 3302 fine
1036 3273 1170 3304 codicis:
1196 3274 1263 3303 Ex-

181 3314 325 3356 pliciunt
347 3313 501 3344 Postillae
528 3314 702 3346 beatissimi
730 3316 870 3347 Thomae
892 3317 932 3347 de
945 3318 1073 3357 Aquino
1088 3327 1188 3357 super
1200 3318 1263 3348 Ec-

189 3359 368 3390 clesiasten.
388 3358 628 3389 Testimonium
647 3359 733 3391 addit
751 3360 900 3391 Thomae
913 3361 1136 3400 Boninsegnii:
1155 3362 1264 3402 Expo-

185 3404 334 3434 sitionem
359 3403 443 3433 hanc
464 3404 719 3444 suprascriptam
743 3404 836 3435 valde
852 3405 1005 3445 pulcram
1029 3410 1126 3445 atque
1153 3406 1262 3436 utilem

189 3453 297 3479 censet
311 3447 364 3489 fr.
389 3448 526 3478 Thomas
552 3448 795 3489 Boninsegnius
823 3458 850 3479 s.
871 3449 1052 3489 theologiae
1071 3448 1264 3489 professor;

189 3497 220 3523 et
243 3492 390 3523 redolere
412 3493 493 3523 satis
509 3492 675 3532 phrasim,
699 3492 822 3533 stylum
853 3498 884 3522 et
907 3493 1035 3523 modum
1069 3494 1261 3533 exponendi,

184 3546 251 3577 quo
275 3537 308 3566 in
332 3538 401 3567 suis
424 3537 515 3567 libris
539 3537 642 3567 utitur
663 3536 694 3567 d.
720 3537 857 3567 Thomas
879 3536 920 3566 de
943 3537 1092 3577 Aquino,
1118 3543 1153 3567 ut
1176 3538 1265 3568 credi

182 3581 288 3621 possit
309 3590 402 3611 suam
426 3582 531 3612 sancti
552 3581 704 3612 Doctoris
732 3590 800 3612 esse
826 3582 1132 3621 interpretationem.
1164 3581 1263 3618 Quod

186 3624 285 3656 etiam
307 3625 407 3656 tulere
430 3626 586 3658 iudicium
614 3625 764 3656 nonnulli
791 3625 965 3656 doctissimi
981 3630 1113 3666 patres,
1148 3626 1263 3667 quibus

1335 465 1502 497 Oudinus:
1527 477 1626 508 quam
1650 467 1821 506 immerito,
1846 467 2018 498 dicendum
2041 467 2131 498 infra.

1409 511 1492 542 Inter
1530 511 1654 542 codices
1692 521 1769 542 suos
1784 534 1793 550 ,
1831 511 1950 552 quibus
1981 512 2121 542 abundat
2154 512 2344 543 clarissimus
2377 523 2412 544 ac

1334 565 1461 586 summa
1485 556 1645 596 praeditus
1668 555 1865 587 humanitate
1879 556 2057 597 Apostolus
2080 557 2203 594 lenus,
2226 557 2408 597 Expositio-

1333 609 1406 630 nem
1430 600 1578 631 mutilam
1601 607 1632 631 et
1654 600 1873 641 imperfectam
1897 600 2039 641 possidet
2058 600 2125 631 divi
2153 601 2292 631 Thomae
2309 602 2406 642 Aqui-

1333 645 1419 675 natis
1446 654 1545 685 super
1571 645 1800 676 Ecclesiasten.
1824 645 1982 686 Prologus
2005 645 2132 685 incipit:
2161 658 2175 673 «
2198 646 2321 686 Aspexi
2346 651 2409 676 ter-

1335 701 1349 715 »
1373 699 1456 726 ram,
1474 695 1504 720 et
1518 699 1590 720 ecce
1604 699 1707 720 vacua
1722 695 1803 721 erat.
1819 690 1906 720 Haec
1926 690 2020 720 verba
2033 689 2182 730 leguntur
2197 690 2253 720 Ier.
2269 699 2301 729 4.
2318 689 2410 728 Quae

1335 746 1349 760 »
1372 734 1466 764 verba
1486 734 1566 764 bene
1585 741 1774 775 competunt
1797 734 1976 773 Salomoni,
1991 734 2025 765 in
2043 741 2202 775 quantum
2221 734 2282 765 fuit
2300 741 2410 766 auctor

1335 790 1349 804 ³>
1371 778 1468 808 huius
1491 778 1578 816 libri;
1601 778 1658 819 qui
1687 778 1782 809 etiam
1810 789 1866 819 per
1896 779 2060 810 Ieremiam
2089 779 2170 810 bene
2198 785 2304 819 potest
2329 779 2408 810 desi·
2445 776 2452 783 ”

1335 835 1349 849 »
1371 822 1470 862 gnari.
1492 823 1637 853 Ieremias
1658 822 1744 853 enim
1763 823 1910 854 excelsus
1928 823 2159 863 interpretatur,
2179 823 2334 854 Salomon
2353 834 2408 854 au-

1334 879 1348 893 »
1372 874 1438 897 tem
1466 867 1526 898 fuit
1554 867 1644 898 valde
1673 867 1775 898 celsus
1799 874 1856 898 etc.
1882 880 1896 895 »
1932 867 2054 908 Capitis
2088 879 2098 898 1
2127 867 2255 898 initium
2283 868 2406 909 accipe:

1335 923 1349 938 «
1378 911 1478 942 Verba
1502 911 1713 942 Ecclesiastes
1734 911 1805 952 filii
1833 912 1943 942 David
1964 913 2066 953 Regis
2094 912 2283 943 Ierusalem.
2315 912 2409 943 Liber

1334 967 1348 982 1·
1371 955 1430 986 iste
1449 955 1599 986 dividitur
1618 955 1723 995 primo
1742 955 1775 985 in
1795 955 1926 986 titulum
1941 956 2006 986 sive
2025 956 2231 996 prooemium
2252 963 2283 988 et
2297 963 2406 988 tracta-

1334 1011 1348 1026 »
1371 1006 1451 1030 tum.
1469 999 1534 1037 Qui
1554 999 1732 1030 secundum
1746 1000 1910 1030 Hebraeos
1929 1000 2039 1040 incipit
2053 1001 2107 1039 ibi,
2126 1001 2214 1038 Quid
2226 1001 2320 1032 habet
2337 1011 2406 1032 am-

1334 1056 1348 1070 »
1365 1044 1456 1084 plius
1474 1044 1586 1075 homo:
1604 1045 1783 1074 secundum
1802 1044 2039 1085 Hieronymum
2058 1045 2113 1083 ibi,
2135 1045 2266 1076 Vanitas
2283 1047 2407 1077 vanita-

1334 1100 1348 1115 »
1371 1094 1449 1119 tum.
1468 1101 1483 1116 s
1505 1089 1594 1119 Num
1609 1088 1695 1118 idem
1710 1088 1803 1119 fuerit
1818 1089 1917 1119 codex
1933 1099 1951 1119 a
1964 1089 2099 1119 Nazario
2114 1087 2218 1120 visus?
2238 1090 2406 1121 Diversum

1331 1131 1427 1163 fuisse
1447 1132 1518 1162 libri
1538 1132 1667 1163 initium
1686 1133 1772 1173 apud
1785 1133 1955 1164 Hebraeos
1979 1140 2009 1164 et
2037 1134 2123 1173 apud
2150 1134 2404 1175 Hieronymum,

1330 1175 1417 1207 haud
1445 1187 1591 1218 unquam
1619 1177 1730 1208 dixerit
1758 1177 1966 1218 peritissimus
1995 1178 2155 1208 Thomas:
2185 1186 2405 1210 commentum

1330 1228 1377 1251 est
1400 1221 1538 1261 imperiti
1563 1221 1733 1261 scriptoris.

1397 1265 1514 1306 Accipe
1538 1276 1613 1296 vero
1638 1265 1762 1297 Nazarii
1786 1266 1898 1304 verba,
1923 1266 2085 1296 silentium
2115 1273 2257 1297 veterum
2282 1274 2312 1298 et
2335 1277 2406 1298 cen-

1329 1320 1437 1340 suram
1460 1310 1616 1341 Antonini
1641 1310 1801 1342 elevantia.
1822 1311 1896 1341 Non
1921 1311 2102 1341 obstat....
2127 1321 2199 1341 cum
2218 1317 2293 1351 post
2316 1317 2403 1343 cata-

1329 1355 1440 1396 logum
1464 1355 1531 1386 divi
1553 1356 1710 1386 Antonini
1744 1361 1775 1387 et
1805 1356 1887 1386 alios
1916 1365 1952 1386 eo
1982 1356 2128 1396 priores,
2163 1356 2265 1386 multa
2291 1366 2318 1387 s.
2337 1357 2403 1387 Do-

1328 1401 1427 1431 ctoris
1454 1399 1562 1440 Opera
1577 1400 1633 1430 diu
1656 1400 1795 1431 tenebris
1818 1400 1967 1430 obvoluta
1990 1401 2022 1430 in
2045 1399 2147 1430 lucem
2163 1400 2356 1440 prodierint,
2378 1407 2408 1432 et

1327 1454 1348 1475 a
1373 1445 1452 1475 viris
1474 1444 1665 1476 doctissimis
1685 1450 1720 1475 ut
1744 1446 1813 1476 eius
1836 1445 2001 1485 legitimae
2020 1444 2259 1475 lucubrationes
2271 1444 2407 1486 fuerint

1327 1489 1505 1530 approbata
1534 1495 1565 1520 et
1592 1490 1729 1520 caeteris
1759 1489 1899 1520 eiusdem
1927 1488 2086 1530 Operibus
2108 1495 2324 1520 annumerata
2331 1497 2344 1527 ;
2372 1496 2407 1520 ut

1324 1539 1414 1574 patet
1437 1533 1477 1564 de
1498 1534 1628 1574 scriptis
1651 1535 1683 1564 in
1707 1539 1849 1575 quatuor
1872 1533 1971 1564 libros
1994 1533 2234 1564 Sententiarum
2263 1534 2307 1564 ad
2324 1534 2402 1564 Ani—

1326 1578 1468 1616 baldum,
1493 1579 1534 1609 de
1559 1578 1808 1609 Commentariis
1831 1579 1864 1608 in
1889 1578 1988 1609 libros
2013 1578 2282 1615 Perihermenias,
2308 1579 2340 1609 in
2366 1579 2402 1609 Ii-

1326 1623 1400 1653 bros
1423 1623 1463 1654 de
1493 1623 1583 1654 caelo
1607 1628 1638 1654 et
1661 1623 1780 1654 mundo
1809 1628 1839 1653 et
1869 1623 1944 1653 aliis
1966 1623 2133 1663 pluribus,
2163 1632 2247 1663 quae
2270 1624 2303 1653 in
2327 1623 2404 1654 solis

1326 1668 1558 1698 recentioribus
1581 1668 1740 1708 catalogis
1762 1677 1864 1708 supra
1887 1667 2030 1698 diximus
2056 1668 2222 1698 contineri.
2244 1667 2330 1698 Haec
2346 1668 2403 1698 mi-

1325 1722 1387 1742 nus
1411 1711 1542 1743 fortasse
1566 1719 1708 1743 accurate
1728 1712 1810 1743 dicta
1833 1711 1931 1742 videri
1950 1718 2094 1752 possunt.
2118 1711 2239 1742 Inficias
2263 1722 2401 1753 namque

1325 1755 1418 1786 iveris
1442 1756 1547 1797 primo
1574 1757 1707 1796 allegata
1730 1766 1796 1786 non
1821 1756 1972 1787 recenseri
2000 1766 2096 1796 opera
2121 1756 2159 1786 ab
2180 1756 2327 1797 antiquis.
2347 1757 2402 1787 Di-

1325 1800 1495 1832 sertissime
1528 1808 1709 1832 memorant
1738 1800 1995 1831 Commentarios
2024 1801 2056 1831 in
2084 1801 2182 1831 libros
2210 1801 2402 1832 Periherme-

1326 1845 1404 1883 nias,
1421 1846 1524 1887 deque
1546 1846 1634 1876 caelo
1650 1852 1680 1876 et
1699 1845 1822 1876 mundo
1842 1845 2047 1876 Ptolomaeus
2068 1845 2106 1875 de
2122 1845 2223 1883 Luca,
2240 1846 2398 1885 Trivetus,

1326 1890 1521 1930 Logotheta‚
1541 1890 1708 1931 RogeriuS,
1729 1890 1865 1930 Pignon,
1886 1890 2133 1928 Valleoletanus,
2163 1901 2186 1920 s.
2207 1890 2400 1921 Antoninus.

1325 1935 1449 1965 Eorum
1477 1935 1596 1966 indices
1622 1935 1763 1966 consule.
1793 1935 1884 1965 Adde
1913 1945 1949 1965 ex
1976 1944 2089 1965 eorum
2117 1934 2234 1965 addisci
2257 1935 2399 1966 testimo-

1325 1979 1380 2010 nio
1412 1990 1478 2010 non
1507 1980 1627 2020 integra
1650 1979 1702 2010 illa
1726 1979 1833 2020 Opera
1863 1989 1881 2009 a
1909 1990 1933 2010 s.
1954 1979 2093 2010 Doctore
2124 1979 2320 2018 elucubrata,
2348 1980 2402 2010 sed

1325 2024 1481 2055 maiorem
1504 2031 1643 2065 partem,
1667 2034 1702 2055 ac
1727 2031 1849 2065 partem
1873 2023 1967 2054 aliam
1990 2023 2171 2064 suppletam
2196 2023 2291 2054 fuisse
2318 2034 2335 2054 a
2355 2024 2399 2054 di-

1324 2069 1420 2100 versis
1454 2069 1656 2100 auctoribus:
1684 2069 1774 2110 quod
1798 2068 1894 2099 etiam
1924 2068 2144 2099 testimonium
2177 2068 2236 2099 fert
2266 2069 2399 2099 Ioannes

1324 2114 1362 2144 de
1387 2113 1560 2152 Columna,
1576 2113 1836 2145 Commentarios
1854 2123 1952 2154 super
1971 2118 2037 2144 tres
2055 2113 2154 2144 libros
2177 2113 2340 2144 dumtaxat
2359 2114 2398 2144 de

1323 2159 1413 2189 caelo
1435 2164 1465 2189 et
1494 2159 1631 2196 mundo,
1664 2163 1694 2189 et
1718 2168 1817 2198 super
1835 2159 1980 2198 primum
2005 2158 2121 2188 librum
2141 2158 2398 2189 Perihermenias

1323 2203 1463 2234 tribuens
1487 2203 1649 2244 Aquinati.
1670 2203 1737 2234 Suo
1761 2203 1834 2233 loco
1859 2202 1897 2233 de
1921 2202 1969 2232 his
1993 2201 2190 2242 diligentiore
2214 2212 2310 2242 opera
2337 2202 2397 2232 dis-

1323 2248 1503 2279 serendum.

1390 2293 1490 2332 Quod
1513 2292 1622 2323 attinet
1655 2292 1788 2322 demum
1811 2291 1851 2321 ad
1885 2290 2163 2321 Commentarium
2192 2290 2224 2320 in
2258 2298 2397 2331 quatuor

1321 2336 1420 2368 libros
1444 2336 1688 2374 Sententiarum,
1709 2346 1806 2377 quem
1830 2335 2007 2366 secundum
2037 2342 2205 2366 numerant
2228 2335 2396 2375 nonnulli,

1321 2381 1414 2412 illum
1438 2387 1693 2412 commemorant
1716 2379 1838 2420 antiqui
1872 2386 1903 2410 et
1931 2379 2005 2410 divo
2025 2379 2173 2410 Thomae
2205 2379 2395 2411 abiudicant.

1322 2425 1403 2457 Satis
1426 2426 1488 2456 hoc
1516 2426 1589 2456 loco
1621 2424 1737 2456 fuerint
1769 2423 1947 2455 Ptolomaei
1971 2424 2123 2455 Lucensis
2146 2424 2256 2463 verba,
2280 2424 2397 2465 quibus

1322 2477 1431 2501 contra
1455 2469 1603 2500 nonnulli
1636 2475 1789 2510 pugnant.
1809 2468 1864 2500 Ait
1887 2469 1939 2499 ille
1961 2468 2042 2499 libro
2066 2468 2154 2499 XXII
2170 2468 2252 2499 Hist.
2274 2469 2395 2508 eccles„

1322 2524 1390 2555 cap.
1406 2522 1495 2545 xxm:
1520 2514 1672 2545 Urbanus
1695 2513 1749 2544 IV
1758 2513 1844 2554 fecit
1871 2514 1954 2544 duas
1977 2513 2212 2550 ordinationes,
2234 2514 2266 2544 in
2283 2514 2396 2555 quibus

1312 2560 1458 2601 suerunt
1481 2560 1583 2590 creati
1605 2559 1669 2590 duo
1702 2558 1916 2596 Cardinales,
1937 2568 2073 2599 quorum
2099 2568 2184 2588 unus
2203 2557 2276 2599 fuit
2300 2568 2397 2599 nepos

1320 2614 1400 2635 suus
1433 2609 1564 2635 vocatus
1596 2603 1746 2634 dominus
1772 2603 1986 2640 Anicherius,·
2010 2603 2096 2633 alter
2115 2602 2189 2643 suit
2213 2612 2310 2643 nepos
2341 2603 2394 2634 do-

1321 2650 1401 2680 mini
1423 2647 1580 2679 Richardi
1601 2648 1642 2679 de
1664 2647 1852 2685 Anibaldis‚
1873 2648 1928 2688 qui
1952 2652 2083 2678 vocatus
2115 2652 2162 2677 est
2176 2646 2292 2688 frater
2314 2647 2392 2677 Ani—

1321 2693 1436 2724 baldus
1459 2693 1499 2724 de
1525 2692 1649 2724 Ordine
1663 2691 1815 2733 fratrum
1839 2691 2125 2729 Praedicatorum,
2159 2692 2215 2732 qui
2235 2691 2309 2732 suit
2327 2702 2393 2722 ma-

1319 2739 1424 2780 gister
1448 2739 1480 2768 in
1505 2737 1667 2778 theologia
1694 2742 1725 2767 et
1744 2736 1817 2777 fuit
1836 2737 1887 2767 vir
1910 2746 2051 2777 magnae
2083 2737 2273 2766 humilitatis
2293 2741 2323 2766 et
2343 2746 2394 2767 ve-

1321 2783 1448 2820 ritatis,
1470 2787 1500 2813 et
1522 2787 1654 2813 sanctus
1677 2782 1790 2819 homo,
1817 2791 1910 2822 quem
1933 2780 2050 2822 frater
2087 2781 2223 2811 Thomas
2255 2780 2391 2811 multum

1320 2827 1448 2865 dilexit,·
1457 2826 1605 2869 fecitque
1619 2824 1701 2868 (non
1716 2826 1752 2856 fr.
1769 2826 1924 2863 Thomas,
1941 2825 1995 2855 sed
2009 2825 2128 2866 absque
2148 2824 2246 2855 dubio
2262 2824 2298 2854 fr.
2314 2825 2391 2855 Ani-

1321 2870 1447 2914 baldus)
1469 2873 1590 2912 scripta
1608 2881 1707 2911 super
1730 2870 1923 2907 Sententias,
1943 2879 2027 2910 quae
2059 2870 2267 2900 intitulantur
2288 2869 2388 2899 domi-

1322 2927 1363 2947 no
1385 2916 1545 2947 Anibaldo
1569 2914 1646 2958 (hoc
1670 2922 1716 2946 est
1739 2915 1954 2946 attribuuntur
1977 2914 2006 2944 d.
2029 2914 2188 2944 Anibaldo
2213 2913 2392 2953 Cardinali,

1321 2971 1376 2992 seu
1391 2961 1488 3001 vulgo
1514 2959 1778 2991 circumferuntur
1799 2960 1858 2990 sub
1878 2958 2009 2989 nomine
2033 2959 2062 2988 d.
2079 2957 2244 2988 Anibaldi:
2261 2958 2392 2989 minime

1320 3016 1395 3036 vero
1416 3011 1642 3045 nuncupantur
1665 3014 1720 3035 seu
1741 3003 1925 3034 dedicantur
1946 3003 2005 3043 ipsi
2034 3003 2063 3032 d.
2084 3000 2268 3044 Anibaldo).
2300 3002 2392 3040 Quae

1320 3048 1463 3092 (scripta)
1489 3050 1568 3080 nihil
1586 3049 1678 3080 aliud
1700 3054 1776 3079 sunt
1798 3058 1894 3088 quam
1914 3047 2108 3078 abbreviatio
2131 3047 2289 3077 dictorum
2308 3046 2389 3088 fra-

1320 3096 1380 3125 tris
1403 3095 1551 3125 Thomae.
1572 3094 1671 3124 Porro
1695 3103 1794 3134 quam
1817 3092 1952 3122 absurda
1972 3098 2002 3122 et
2024 3091 2130 3131 inepta
2153 3091 2274 3122 locutio
2294 3091 2390 3122 foret:

1319 3140 1470 3180 Fecitque
1493 3138 1609 3179 frater
1646 3138 1782 3168 Thomas
1814 3138 1934 3176 scripta
1957 3146 2056 3176 super
2078 3136 2280 3173 Sententias,
2307 3146 2391 3176 quae

1320 3183 1401 3214 nihil
1422 3183 1515 3213 aliud
1536 3188 1613 3213 sunt
1641 3192 1737 3223 quam
1762 3181 1956 3212 abbreviatio
1980 3181 2137 3211 dictorum
2153 3180 2205 3221 fr.
2231 3180 2393 3210 Thomae!

1320 3228 1428 3265 Quam
1442 3228 1522 3258 bene
1537 3237 1612 3257 vero
1628 3227 1797 3257 cohaerent
1812 3225 1931 3263 omnia,
1943 3225 1968 3254 si
1982 3225 2082 3265 legas:
2098 3225 2248 3265 Fecitque
2270 3225 2301 3255 d.
2312 3225 2390 3254 Ani-

1319 3272 1434 3302 baldus
1442 3273 1563 3312 scripta
1582 3281 1680 3311 super
1696 3270 1888 3308 Sententias,
1904 3279 1988 3310 quae
2002 3269 2083 3299 nihil
2095 3269 2187 3299 aliud
2202 3274 2278 3299 sunt
2293 3279 2388 3309 quam

1319 3317 1513 3347 abbreviatio
1545 3316 1703 3346 dictorum
1726 3314 1854 3355 fratris
1887 3313 2048 3344 Thomae!
2071 3315 2114 3343 At
2143 3313 2168 3343 si
2191 3313 2387 3350 Anibaldus,

1318 3360 1454 3401 inquies,
1470 3359 1577 3390 fecerit
1600 3359 1714 3399 scripta
1728 3358 1781 3388 illa
1805 3368 1900 3398 super
1923 3357 2109 3395 Sententias,
2130 3367 2185 3387 cur
2208 3356 2295 3386 addit
2317 3357 2391 3387 Pto-

1318 3405 1480 3441 lomaeus,
1508 3404 1619 3434 eadem
1653 3403 1814 3433 intitulari
1837 3403 1965 3432 domino
1993 3399 2172 3431 Anibaldo?
2190 3401 2314 3440 Nempe
2338 3401 2391 3431 ad-

1311 3442 1455 3478 ⁴monitio
1480 3454 1526 3477 est
1545 3447 1702 3487 praedicta
1725 3446 1839 3486 scripta
1863 3445 2055 3476 circumferri
2074 3446 2132 3475 sub
2159 3445 2290 3475 nomine
2314 3445 2390 3475 Ani-

1318 3492 1422 3529 baldi,
1447 3491 1541 3522 titulo
1565 3491 1698 3521 Domini
1720 3497 1850 3530 propter
1873 3489 2112 3520 Cardinalitiam
2136 3489 2320 3529 dignitatem
2343 3489 2390 3519 in-

1319 3535 1434 3576 signiti.
1456 3536 1578 3575 Integer
1596 3545 1670 3574 ergo
1691 3544 1801 3564 sensus
1825 3540 1888 3564 est:
1910 3533 2059 3574 Fecitque
2076 3533 2194 3574 frater
2211 3534 2391 3565 Anibaldus

1317 3581 1438 3620 scripta
1470 3589 1569 3619 super
1591 3579 1792 3615 Sententias,
1817 3588 1901 3618 quae
1924 3578 2132 3608 intitulantur
2161 3578 2290 3608 domino
2312 3578 2390 3608 Ani-

1318 3624 1412 3655 baldo
1434 3621 1479 3666 (S.
1496 3624 1534 3654 R.
1551 3624 1586 3654 E.
1609 3620 1782 3665 Cardinali)
1806 3632 1890 3663 quae
1908 3622 1990 3653 nihil
2012 3622 2104 3653 aliud
2121 3627 2197 3653 sunt
2219 3632 2315 3663 quam
2335 3623 2391 3653 ab·
