2788 4204
161 1994 302 2060 ‚24

90 2821 101 2830 ⁶
110 2826 154 2843 σοι
160 2827 166 2842 :
170 2820 303 2848 primorum

91 2847 137 2869 loc.
146 2846 250 2874 princip.
257 2854 266 2872 ,·
275 2853 301 2868 n:

85 2873 188 2904 pri-tor.
210 2873 302 2901 princi-

86 2904 178 2952 ?gi'a,
193 2929 216 2947 et
226 2925 302 2946 omitt.

91 2953 197 2974 exortos.

92 3034 102 3044 ¹
112 3039 140 3055 uz
151 3039 259 3055 errorum
270 3033 307 3055 vel

93 3065 143 3082 err.
245 3076 250 3080 .

92 3089 102 3096 “
116 3086 189 3108 Num.
202 3091 223 3114 3.

93 3129 106 3140 ⁸
118 3129 189 3152 Num.
203 3135 224 3157 5.

91 3239 104 3248 “
114 3243 133 3260 1:
147 3244 230 3266 snpra.

1162 281 1273 317 CAP.
1304 281 1373 327 111,
1403 281 1554 318 LECT.
1582 280 1652 317 vn

2427 281 2496 316 163

1007 478 1354 534 LECTIO
1401 478 1819 535 SEPTIMA

500 614 631 664 DUO
665 614 966 663 ERRORES‚
998 614 1261 666 QUORUM
1294 615 1516 657 PRIMUS
1550 615 1681 664 EST,
1718 616 1891 668 QUOD
1924 616 2188 658 NULLIUS
2221 617 2320 657 REI

405 688 511 731 ‘SIT
543 688 840 737 SCIENTIA;
875 689 1098 737 ALTER,
1140 688 1328 741 QUOD,
1349 689 1594 731 OMNIUM
1626 690 1836 731 POSSIT
1869 691 2096 731 HABERI
2129 691 2409 732 SCIENTIA

547 763 664 804 PER
697 763 1327 804 DEMONSTRATIONEM.
1347 764 1778 806 -EXCLUDITUR
1809 765 2032 807 PRIMUS
2065 766 2273 807 ERROR

752 825 869 865 CA13

313 893 434 930 Ἐνίοις
458 891 518 936 μὲν
543 889 601 923 οὖν
625 886 685 923 διὰ
713 891 754 924 τὸ
779 886 847 922 δεῖν
877 891 925 924 τοὶ
954 903 978 923 π
999 892 1073 924 ὦτοι
1107 889 1313 924 ἐπίστασθαι
1346 892 1384 923 οὗ

386 931 481 968 δοκεῖ
504 935 676 980 ἐπιστήμη
698 932 796 977 εἶναι,
815 939 886 973 τοῖς
907 931 938 966 δ’
958 947 1044 967 ειναι
1061 934 1135 980 μέν,
1157 935 1295 968 πάντων
1313 935 1386 980 μέν-

387 992 441 1014 τοι
467 975 656 1020 ἀποδείξεις
682 977 781 1011 civem·
807 979 850 1011 ὧν
877 976 1053 1024 οὐδέτερον
1079 980 1150 1012 οὔτ’
1175 979 1294 1017 ἀληθὲς
1311 980 1382 1012 οὔτ’

390 1025 589 1070 ἀναγκαῖον.

319 1071 357 1101 Οἱ
382 1070 440 1114 μὲν
465 1070 530 1125 ἴαῖρ
557 1067 756 1112 ὑποθέμενοι
777 1068 823 1112 μή
849 1064 934 1099 εἶναι
952 1067 1033 1105 ὅλως
1052 1066 1271 1108 ἐπίστασθαι,
1292 1067 1387 1099 οὗτοι

388 1114 433 1152 εἰς
460 1125 596 1156 απειρον
624 1112 771 1154 ἀξιοῦσιν
795 1110 981 1157 ἀνοίγεσθαι
1005 1113 1046 1150 ὠς
1065 1113 1124 1143 οὐκ
1143 1110 1182 1144 ἂν
1200 1111 1386 1155 ἐπισταμέ-

388 1169 461 1196 νους
486 1158 535 1191 τοὶ
559 1157 685 1201 ὕστερα,
705 1152 765 1188 διαὶ
784 1155 832 1189 τοὶ
847 1155 1010 1200 πρότερα,
1029 1156 1072 1187 ὤν
1084 1154 1138 1210 μή
1157 1158 1230 1188 ἐστι
1251 1157 1386 1198 πρῶτα,

389 1201 490 1247 ὀρθῶς
512 1201 683 1248 λέγοντες·
713 1196 884 1233 ἀδύνατον
909 1201 974 1247 γσὲρ
999 1201 1048 1232 τοὶ
1077 1210 1201 1245 απειρα
1231 1195 1385 1233 διελθεῖν.

386 1249 426 1278 Εἴ
449 1247 489 1279 τέ
508 1246 656 1279 ἵσταται
686 1246 746 1277 καὶ
771 1245 851 1276 εἰσὶν
878 1246 1001 1290 ἀρχαί,
1027 1244 1162 1282 ταύτας
1195 1244 1388 1291 ἀγνώστους

387 1288 473 1323 εἶναι
508 1285 712 1331 ἀποδείξεώς
742 1301 780 1335 γε
805 1289 852 1334 μή
878 1289 977 1326 οὔσης
1009 1289 1141 1331 αὐτῶν,
1175 1287 1255 1332 ὅπερ
1288 1291 1387 1332 φασὶν

389 1332 475 1367 εἶναι
502 1335 542 1368 τὸ
558 1333 775 1373 «ἐπίστασθαι
799 1332 913 1378 μόνον·
939 1334 968 1365 εἰ
991 1328 1029 1364 δὲ
1046 1333 1093 1375 μή
1112 1332 1184 1367 ἔστι
1206 1334 1254 1366 τοὶ
1270 1334 1389 1377 πρῶτα

370 1375 527 1420 κείδένᾰι,
556 1373 634 1411 οὐδὲ
659 1377 708 1411 τοὶ
732 1378 767 1410 ἐκ
786 1377 918 1411 τούτων
943 1375 1030 1409 εἶναι
1048 1377 1254 1411 ἐπίστασθαι
1273 1378 1387 1416 οἱπλῶς

389 1419 470 1458 οὐδὲ
493 1426 623 1468 κυρίως,
652 1421 726 1455 ἀλλ’
755 1421 791 1464 ἐξ
817 1422 1020 1463 ὑποθέσεως,
1047 1423 1074 1453 εἰ
1100 1422 1213 1455 ἐκεῖνοί
1237 1423 1341 1455 ἐστιν.

321 1472 359 1503 ot
383 1464 425 1502 δὲ
446 1470 520 1514 περὶ
545 1467 604 1512 μέν
629 1468 692 1501 τοῦ
718 1466 925 1500 ἐπίστασθαι
950 1468 1166 1512 ὁμολογοῦσι·
1184 1463 1226 1499 δι’
1255 1463 1393 1500 ἀποδεί-

389 1512 470 1555 ξεως
494 1512 559 1560 γὰρ
584 1509 670 1544 εἶναι
695 1511 809 1554 μόνον·
838 1512 929 1544 ἀλλά.
953 1510 1092 1544 πάντων
1109 1509 1195 1544 εἶναι
1215 1507 1389 1552 ἀπόδειξιν

392 1553 487 1590 οὐδὲν
511 1555 664 1589 κωλύειν·
692 1551 890 1602 ἐνδέχεσθαι
917 1557 982 1602 γοὶρ
1013 1555 1123 1598 κύκλῳ
1148 1555 1301 1603 γίνεσθαι
1325 1555 1390 1593 τήν

392 1597 565 1643 ἀπόδειξιν
589 1603 647 1632 καὶ
674 1600 709 1642 ἐξ
736 1600 906 1637 αἶλλήλων.

320 1692 434 1736 Ἡμεῖς
458 1686 496 1722 δέ
520 1701 628 1733 φαμεν
662 1689 740 1722 οὔτε
773 1690 887 1721 πᾶσαν
920 1686 1048 1725 ἔπιθι-η’
1073 1700 1113 1725 ην
1147 1683 1391 1724 ἀποδεικτικῆν

391 1732 490 1776 εἶναι,
510 1734 601 1768 om&
616 1734 679 1770 τὴν
697 1735 764 1766 τῶν
783 1733 915 1778 ἀμέσων
936 1700 1198 1766 ἀναπόιέεικτον.
1213 1734 1280 1765 Καὶ
1295 1731 1387 1766 τουθ’

393 1778 448 1812 ὅτι
474 1780 675 1826 ἀναγκαῖον,
700 1778 853 1823 φανερόν·
872 1778 901 1809 εἰ
917 1778 981 1825 γοὶρ
1008 1778 1140 1824 ἀνάγκη
1166 1778 1225 1821 μὲν
1248 1778 1391 1810 ἐπίστα-

392 1822 470 1856 σθαι
495 1825 543 1857 τοὶ
567 1823 718 1879 πρότεροι
741 1825 799 1856 καὶ
825 1821 859 1863 ἐξ
875 1823 918 1854 ὦν
936 1824 956 1859 ἡ
976 1818 1160 1863 ἀπόδειξις,
1183 1822 1331 1855 ἵσταται
1353 1817 1392 1853 δέ

393 1879 479 1901 ποτε
505 1867 553 1901 τοὶ
577 1880 710 1912 αμεσα,
736 1867 838 1899 ταῦτ’
870 1862 1107 1900 ἀναπόδεικτα
1134 1866 1265 1912 ἀνάγκη
1290 1863 1390 1899 εἶναι.

392 1912 518 1945 Ταῦτά
533 1912 565 1945 τ’
594 1911 650 1945 οὖν
675 1911 765 1945 οὕτω
788 1910 951 1956 λέγομεν,
976 1913 1034 1943 καὶ
1061 1912 1098 1943 οὖ
1123 1910 1223 1954 μόνον
1250 1910 1393 1947 ἐπιστή-

393 1968 477 2000 μην,
505 1957 596 1989 ome
618 1957 677 1988 καὶ
705 1957 743 2001 ἀρ
772 1955 811 1993 ἣν
837 1955 1028 2000 ἐπιστήμης
1053 1953 1137 1988 εἶναί
1164 1954 1243 1987 τινοί
1267 1966 1388 1999 φαμεν,

394 2000 414 2042 ᾖ
440 2001 518 2039 τούς
545 1999 637 2044 ὅρους
661 2002 760 2047 γνωρί
786 2011 876 2044 ομεν.

388 2142 536 2169 SYNOPSIS.
550 2157 583 2161 ——-
606 2150 629 2168 1.
651 2141 863 2178 Argumentum
891 2146 919 2168 et
941 2139 1042 2167 divisio
1070 2146 1238 2168 textus—2.
1261 2141 1327 2167 Duo
1349 2148 1393 2166 er-

328 2190 409 2210 rores
430 2180 565 2209 contrarii
586 2180 676 2208 exorti
697 2189 731 2208 ex
751 2180 867 2208 veritate
890 2179 1078 2207 determinata
1104 2179 1134 2207 in
1158 2178 1394 2216 praecedentibus

327 2220 512 2250 lectionibus:
535 2229 661 2257 quorum
682 2219 792 2256 primus
807 2226 858 2254 est,
881 2220 988 2247 nullius
1010 2219 1055 2247 rei
1068 2219 1135 2246 dari
1151 2219 1310 2252 scientiam;
1324 2219 1395 2246 alter

328 2267 386 2296 est,
415 2260 542 2288 omnium
567 2269 654 2297 posse
682 2259 785 2287 haberi
811 2259 960 2287 scientiam
984 2268 1042 2296 per
1069 2259 1353 2287 demonstrationem.
1373 2274 1395 2280 —

330 2301 356 2329 3.
370 2299 592 2337 Argumentatio
613 2300 651 2328 ad
672 2300 853 2327 suadendum
874 2299 1000 2336 primum
1011 2308 1148 2331 ‚errorem
1164 2305 1206 2326 est
1220 2299 1300 2335 quod
1318 2298 1394 2326 scire

328 2349 380 2368 seu
401 2339 518 2368 scientia
532 2349 593 2367 non
614 2340 735 2368 habetur
755 2339 809 2367 nisi
823 2348 875 2375 per
896 2338 1172 2366 demonstrationem
1187 2348 1220 2366 ex
1234 2337 1394 2374 principiis;

329 2380 380 2408 sed
394 2379 488 2416 prima
501 2379 641 2415 principia
661 2385 711 2407 aut
731 2388 792 2406 non
814 2379 927 2413 dantur,
949 2384 998 2406 aut
1019 2378 1042 2406 si
1064 2379 1176 2413 dentur,
1192 2387 1209 2406 a
1224 2378 1308 2405 nobis
1328 2384 1395 2405 sunt

312 2419 470 2456 ‘ignorata,
492 2418 560 2455 quia
574 2419 646 2446 scire
666 2428 700 2446 ea
721 2427 782 2446 non
796 2427 964 2454 possumus:
987 2418 1058 2446 scire
1073 2418 1149 2445 enim
1171 2424 1213 2445 est
1234 2418 1328 2445 solum
1343 2426 1394 2453 per

330 2458 616 2494 demonstrationem,
639 2467 712 2495 quae
734 2458 770 2485 de
791 2457 890 2494 primis
918 2457 1064 2494 principiis
1092 2466 1153 2485 esse
1174 2467 1235 2485 non
1257 2463 1359 2493 potest.
1374 2472 1395 2478 —

328 2508 357 2534 4.
372 2498 592 2536 Argumentatio
607 2498 643 2526 ad
658 2498 854 2525 inducendum
869 2497 989 2525 alterum
1005 2506 1132 2525 errorem
1152 2503 1194 2524 est
1213 2497 1294 2533 quod
1308 2496 1394 2524 etiam

328 2538 423 2575 prima
443 2538 583 2574 principia
603 2538 734 2566 sciuntur
748 2546 799 2573 per
813 2536 1099 2570 demonstrationem,
1121 2536 1189 2573 quia
1203 2535 1394 2564 demonstrari

328 2584 451 2614 possunt
473 2577 720 2609 demonstratione
742 2576 938 2605 circulari-5.
960 2576 1049 2604 Radix
1063 2575 1212 2612 utriusque
1227 2576 1330 2604 erroris
1352 2582 1394 2603 est

327 2617 399 2645 falsa
412 2617 494 2645 notio
509 2617 652 2645 scientiae.
667 2617 869 2653 Respondemr
882 2625 950 2653 ergo
961 2618 1001 2651 (et
1015 2616 1099 2644 simul
1114 2615 1271 2643 excluditur
1285 2615 1395 2651 primus

329 2658 426 2692 error)
448 2657 528 2694 quod
551 2657 627 2685 scire
651 2657 728 2693 large
752 2662 900 2692 sumptum
921 2655 1120 2692 complectitur
1143 2662 1172 2683 et
1192 2655 1394 2683 conclusiones

531 2765 764 2805 0›stquam
785 2756 1049 2794 determinavit
1069 2756 1323 2804 Philosophus
1343 2755 1390 2792 de

532 2814 576 2876 ἦν
589 2810 800 2858 cognitione
823 2809 1096 2859 principiorum
1118 2810 1138 2830 *
1157 2809 1391 2846 demonstra-

535 2864 576 2913 Ἳξ
587 2863 714 2910 tionis,
739 2863 799 2899 hic
827 2863 989 2900 excludit
1012 2874 1157 2899 errores
1177 2875 1222 2898 ex
1242 2863 1262 2883 *
1284 2873 1391 2910 prae-

478 2946 484 2959 ἃ
535 2912 572 2946 ἔθ’
589 2916 835 2953 determinata
853 2916 1009 2953 veritate
1035 2923 1195 2952 exortos.
1222 2916 1271 2952 Et
1294 2915 1391 2951 circa

331 2968 406 3004 hoc
433 2967 502 3004 tria
535 2968 641 3006 facit:
675 2969 822 3018 primo,
855 2969 962 3017 ponit
995 2981 1163 3014 errores;
1202 2967 1391 3014 Secundo,

333 3019 496 3057 rationes
511 3022 715 3058 errantium
731 3023 769 3067 ⁴';
794 3021 861 3058 ibi:
882 3023 1136 3069 Supponentes
1155 3021 1303 3069 quidem
1323 3021 1393 3069 igi-

333 3079 394 3109 tur
417 3073 530 3124 *sem
560 3074 688 3121 tertio,
723 3074 883 3111 excludit
911 3074 1100 3110 rationum
1130 3073 1292 3119 radices;
1322 3072 1392 3109 ibi:

332 3126 417 3163 Nos
444 3130 568 3163 autem
597 3127 753 3164 dicimus
772 3126 792 3148 *
822 3134 890 3163 etc.

388 3190 423 3214 2.
453 3177 551 3215 Dicit
579 3191 667 3227 ergo
695 3179 820 3227 primo
849 3179 954 3228 quod
982 3190 1028 3214 ex
1054 3190 1131 3214 una
1159 3178 1316 3214 veritate
1335 3191 1395 3214 su-

332 3231 459 3280 perius
478 3233 498 3251 ⁴*
527 3231 775 3269 determinata
812 3232 888 3269 duo
934 3244 1079 3268 errores
1108 3231 1282 3267 contrarii
1310 3238 1397 3267 sunt

388 3362 415 3395 α)
439 3363 550 3394 Oportet
563 3361 698 3394 principia
721 3361 955 3387 demonstrationis
978 3362 1059 3390 scire,·
1078 3362 1158 3386 immo
1177 3361 1248 3393 quod
1266 3360 1345 3385 etiam
1365 3367 1397 3385 ea

335 3398 423 3431 magis
436 3398 503 3423 scire
517 3400 629 3429 oportet.
644 3397 716 3421 Hanc
735 3396 870 3421 lectionem
889 3397 992 3429 adopto,
1011 3404 1090 3428 quam
1109 3396 1203 3420 habent
1217 3396 1291 3420 codd.
1304 3403 1397 3419 omnes

335 3432 419 3467 (unus
429 3433 453 3457 O
467 3433 560 3457 omittit
569 3431 795 3465 etiam).-Piana:
810 3435 914 3463 oportet
922 3431 1058 3463 principia
1071 3430 1305 3455 demonstrationis
1314 3438 1396 3462 prae-

334 3475 504 3501 cognoscere,
524 3468 605 3492 immo
623 3467 695 3499 quod
708 3469 812 3498 oportet
825 3466 905 3491 etiam
921 3466 1007 3499 mag-is
1020 3466 1095 3491 scire.
1105 3479 1124 3484 —
1139 3466 1202 3490 Cod.
1212 3466 1235 3489 H
1250 3465 1397 3489 immediate

334 3503 514 3536 prosequitur:
529 3502 577 3527 sed
589 3502 736 3533 primum...
756 3501 870 3533 Propter
883 3501 956 3526 hoc...
976 3501 1046 3532 quod
1060 3500 1156 3525 nullius
1175 3500 1215 3525 rei
1231 3503 1271 3525 est
1288 3500 1398 3525 scientia

335 3542 362 3564 et
378 3538 451 3571 quod
470 3538 586 3563 omnium
600 3537 688 3569 possit
705 3536 797 3561 haberi
820 3536 1026 3563 demonstratio:
1044 3536 1070 3560 in
1088 3543 1140 3567 qua
1158 3535 1267 3559 lectione
1285 3535 1398 3559 secunda

335 3574 423 3606 opinio
441 3573 548 3598 recitata·
560 3572 603 3596 vix
621 3580 650 3596 ac
668 3580 700 3596 ne
714 3572 755 3596 vix
768 3572 873 3604 quidem
890 3571 1051 3603 distinguitur
1069 3578 1084 3595 a
1102 3570 1196 3602 prima,
1217 3575 1241 3594 et
1259 3570 1317 3594 ideo
1335 3577 1397 3595 con-

334 3609 450 3633 tradictio
463 3607 715 3633 enunciata—cod.
731 3607 739 3631 l
754 3606 847 3631 omittit
858 3606 948 3631 verba:
968 3606 1123 3638 quibusdam
1138 3608 1226 3630 autem
1246 3610 1293 3630 etc.
1311 3613 1398 3637 usque

1440 893 1669 930 *Quibusdam
1685 894 1815 934 quidem
1835 893 1939 934 igitur,
1959 902 2087 935 propter
2100 895 2133 925 id
2151 896 2240 936 quod
2258 903 2385 936 oportet
2402 898 2504 938 prima

1508 938 1605 975 scire,
1638 948 1704 968 non
1734 938 1859 968 videtur
1891 939 2018 969 scientia
2051 947 2135 977 esse;
2168 940 2359 980 quibusdam
2396 949 2504 973 autem

1509 981 1656 1012 omnium
1679 981 1826 1012 videntur
1849 992 1915 1013 esse
1937 983 2239 1024 demonstrationes;
2263 995 2402 1025 quorum
2426 997 2504 1018 neu-

1508 1032 1593 1056 trum
1616 1035 1719 1066 neque
1741 1036 1853 1056 verum
1876 1036 1979 1067 neque
2002 1028 2212 1058 necessarium
2234 1036 2290 1060 est.

1442 1070 1665 1110 Supponentes
1689 1070 1819 1109 quidem
1847 1070 1933 1100 enim
1956 1081 2021 1101 non
2045 1081 2111 1101 esse
2134 1072 2267 1103 omnino
2291 1074 2385 1113 scire,
2409 1074 2442 1105 hi
2465 1075 2505 1104 ad

1509 1112 1669 1144 infinitum
1687 1114 1800 1144 volunt
1818 1115 1936 1153 reduci,
1953 1122 2105 1155 tanquam
2121 1126 2186 1146 non
2203 1117 2264 1147 sint
2282 1118 2392 1158 utique
2406 1119 2505 1149 scien-

1509 1165 1556 1188 tes
1579 1157 1753 1197 posteriora
1776 1165 1905 1198 propter
1927 1159 2042 1198 priora,
2068 1170 2206 1200 quorum
2231 1171 2296 1191 non
2316 1162 2377 1193 sint
2392 1163 2504 1203 prima,

1510 1207 1593 1232 recte
1616 1201 1768 1232 dicentes:
1793 1202 1988 1242 impossibile
2008 1203 2093 1233 enim
2112 1211 2158 1234 est
2172 1204 2294 1236 infinita
2309 1207 2503 1246 pertransire.

1510 1246 1551 1276 Et
1574 1245 1600 1275 si
1624 1252 1705 1276 stent
1728 1253 1758 1276 et
1781 1247 1806 1276 si
1831 1247 1891 1277 sint
1914 1247 2081 1287 principia,
2105 1247 2181 1278 haec
2199 1249 2306 1288 ignota
2330 1260 2407 1289 esse,
2431 1261 2506 1282 curn

1512 1290 1738 1320 demonstratio
1762 1290 1906 1330 ipsorum
1929 1301 1994 1321 non
2019 1291 2074 1330 sit,
2098 1292 2186 1332 quod
2213 1303 2284 1324 vere
2308 1294 2417 1325 dicunt
2439 1305 2505 1326 esse

1512 1334 1588 1365 scire
1612 1335 1736 1372 solum3
1760 1335 1785 1365 si
1808 1345 1884 1365 vero
1908 1338 1974 1365 non
1997 1343 2043 1366 est
2065 1335 2167 1376 prima
2190 1337 2277 1376 scire,
2299 1348 2402 1379 neque
2424 1350 2506 1380 quae

1511 1385 1586 1409 sunt
1609 1389 1645 1409 ex
1668 1379 1743 1419 ipsis
1772 1386 1818 1409 est
1841 1379 1917 1410 scire
1945 1379 2126 1420 simpliciter
2149 1390 2258 1421 neque
2282 1383 2427 1422 proprie,
2452 1384 2507 1414 sed

1513 1433 1550 1454 ex
1573 1423 1766 1461 conditione,
1790 1423 1815 1453 si
1838 1424 1891 1453 illa
1914 1423 1985 1454 sint.

1446 1467 1587 1505 Quidam
1610 1474 1727 1506 autem,
1752 1468 1841 1508 quod
1863 1468 1970 1508 ipsum
1993 1467 2123 1508 quidem
2143 1468 2220 1499 scire
2243 1469 2283 1500 sit
2306 1469 2506 1510 confitentur,

1512 1522 1568 1552 per
1591 1512 1893 1543 demonstrationem
1916 1512 2023 1542 solum
2046 1522 2123 1548 esse,
2139 1513 2194 1542 sed
2211 1514 2358 1544 omnium
2373 1524 2440 1545 esse
2455 1515 2507 1545 de-

1513 1557 1777 1587 monstrationem
1800 1556 1879 1586 nihil
1901 1556 2064 1596 prohibet;
2089 1557 2242 1597 contingit
2265 1558 2351 1588 enim
2379 1559 2507 1589 circula-

1513 1601 1585 1631 riter
1607 1600 1673 1631 fieri
1702 1600 2003 1631 demonstrationem
2034 1607 2064 1631 et
2086 1600 2148 1631 hoc
2171 1611 2207 1632 ex
2230 1602 2298 1641 his,
2323 1613 2404 1643 quae
2435 1611 2508 1635 sunt

1513 1645 1553 1675 ad
1576 1645 1720 1675 invicem.
2020 1653 2022 1655 ’

1446 1690 1514 1719 Nos
1538 1696 1645 1719 autem
1668 1689 1813 1726 dicimus,
1837 1698 1940 1729 neque
1964 1699 2095 1719 omnem
2110 1689 2271 1720 scientiam
2291 1690 2507 1722 demonstrati-

1513 1743 1587 1763 vam
1610 1743 1687 1770 esse,
1712 1733 1766 1763 sed
1790 1733 1951 1763 scientiam
1969 1733 2227 1764 immediatorum
2246 1734 2508 1766 indemonstrabi-

1513 1778 1587 1808 lem.
1613 1778 1653 1808 Et
1676 1777 1738 1807 hoc
1761 1777 1850 1817 quod
1873 1777 2083 1807 necessarium
2102 1777 2141 1808 sit
2168 1778 2371 1809 manifestum
2395 1786 2450 1810 est.
2475 1780 2508 1811 Si

1514 1822 1600 1852 enirn
1623 1831 1748 1852 necesse
1777 1828 1823 1851 est
1853 1821 1982 1861 quidem
2006 1821 2082 1851 scire
2113 1822 2234 1862 priora,
2260 1833 2296 1853 ex
2323 1823 2438 1864 quibus
2462 1831 2508 1855 est

1514 1865 1752 1902 demonstratio,
1772 1871 1854 1895 stant
1872 1873 1978 1896 autem
1997 1866 2188 1906 quandoque
2207 1866 2406 1898 immediata:
2431 1868 2508 1899 haec

1514 1910 1644 1951 quidem
1661 1909 1764 1950 priora
1779 1909 2068 1940 indemonstrabilia
2083 1920 2208 1941 necesse
2224 1918 2269 1941 est
2288 1919 2374 1950 esse;
2398 1919 2428 1942 et
2446 1913 2508 1943 hoc

1513 1954 1608 1993 igitur
1631 1954 1674 1984 sic
1697 1954 1831 1984 dicimus
1855 1960 1885 1984 et
1908 1963 1972 1983 non
1989 1955 2095 1984 solum
2114 1955 2285 1993 scientiam,
2305 1957 2360 1986 sed
2378 1963 2409 1987 et
2424 1957 2507 1996 prin-

1514 1999 1633 2038 cipium
1666 1998 1811 2028 scientiae
1841 2008 1906 2028 esse
1935 1998 2098 2038 quoddam
2121 1999 2272 2037 dicimus,
2297 2000 2329 2030 in
2352 2007 2508 2041 quantum

1513 2050 1664 2074 termmos
1687 2052 1919 2082 cognoscimus.

1447 2139 1657 2167 demonstratas
1671 2144 1699 2166 et
1713 2137 1862 2174 principia,
1878 2147 1951 2174 quae
1971 2132 2037 2165 sunt
2050 2144 2167 2174 accepta
2187 2138 2248 2166 sine
2263 2139 2508 2168 demonstratione

1446 2188 1507 2206 non
1529 2178 1610 2215 quasi
1632 2184 1709 2206 certa
1729 2187 1789 2205 non
1804 2177 1868 2212 sint,
1884 2178 1934 2205 sed
1949 2177 2017 2214 quia
2037 2178 2282 2206 demonstratione
2303 2188 2364 2206 non
2385 2186 2508 2216 egent.—

1447 2219 1474 2246 6.
1493 2219 1629 2246 Attamen
1651 2217 1675 2245 si
1696 2226 1756 2245 non
1777 2217 1870 2245 latiori
1892 2218 1942 2244 sed
1963 2217 2096 2245 strictiori
2117 2217 2323 2254 significatione
2344 2219 2507 2255 loquamur,

1447 2258 1523 2286 scire
1545 2267 1595 2285 seu
1610 2257 1728 2285 scientia
1747 2266 1808 2284 non
1830 2263 1871 2284 est
1886 2256 1940 2284 nisi
1962 2256 2196 2292 conclusionum3
2218 2257 2425 2294 principiorum
2439 2268 2508 2287 vero

1447 2305 1489 2325 est
1511 2297 1680 2325 intellectus.
1696 2298 1806 2332 Nempe
1827 2296 1933 2324 scimus
1950 2296 2149 2324 conclusiones
2171 2304 2198 2325 et
2219 2298 2409 2336 intelligimus
2429 2299 2507 2334 prin-

1447 2337 1598 2373 cipia-7.
1614 2338 1706 2364 Porro
1728 2345 1843 2364 necesse
1864 2342 1906 2363 est
1920 2345 2028 2372 ponere
2056 2343 2162 2364 certam
2184 2337 2378 2374 cognitionem
2399 2338 2508 2374 primo-

1447 2387 1512 2404 rum
1539 2376 1748 2413 principiorum
1772 2375 1832 2403 sine
1859 2375 2120 2404 demonstratione:
2142 2376 2210 2413 quia
2237 2386 2352 2405 necesse
2373 2384 2416 2405 est
2436 2378 2508 2406 scire

1447 2417 1545 2453 priora
1566 2425 1599 2444 ex
1614 2416 1718 2453 quibus
1739 2421 1782 2443 est
1795 2415 2020 2449 demonstrati03
2043 2422 2070 2443 et
2091 2416 2162 2443 haec
2182 2426 2298 2444 necesse
2318 2423 2360 2444 est
2374 2418 2509 2445 reducere

1448 2457 1484 2484 ad
1499 2456 1595 2492 aliqua
1612 2455 1786 2489 immediata,
1802 2464 1876 2492 quae
1890 2455 1946 2482 sint
1960 2455 2238 2484 indemonstrabilia:
2260 2465 2341 2484 secus
2362 2456 2436 2484 inter
2450 2458 2509 2485 duo

1448 2502 1574 2524 extrema
1595 2502 1689 2523 essent
1709 2494 1820 2522 infinita
1842 2494 1944 2522 media.
1968 2496 2055 2529 Quod
2071 2496 2284 2532 repugnat.—8.
2299 2496 2441 2532 Principia
2456 2496 2509 2524 im-

1449 2535 1582 2569 medIata‚
1597 2544 1723 2571 quorum
1738 2534 1863 2571 cognitio
1885 2541 1928 2562 est
1948 2534 2120 2570 principium
2142 2536 2290 2571 quoddam
2310 2533 2398 2564 totius
2419 2536 2509 2564 scien-

1448 2575 1504 2603 tiae
1526 2574 1605 2611 (quia
1619 2574 1735 2602 scientia
1749 2581 1791 2602 est
1806 2573 1931 2611 cognitio
1946 2574 2140 2602 conclusionis
2155 2575 2367 2603 demonstratae
2382 2585 2415 2603 ex
2431 2575 2509 2612 prin-

1449 2614 1540 2651 cipiis)
1555 2620 1768 2651 cognoscuntur
1785 2623 1843 2651 per
1857 2623 1897 2647 se,
1912 2623 1972 2641 non
1990 2623 2048 2651 per
2062 2614 2151 2648 aliud,
2166 2623 2216 2642 seu
2232 2621 2446 2652 cognoscuntur
2460 2625 2511 2652 per

1449 2654 1645 2691 cognitionem
1666 2653 1852 2690 propriorum
1873 2653 2072 2681 terminorum.

1448 2755 1577 2792 exorti.
1598 2754 1902 2791 Determinatum
1923 2762 1977 2791 est
1997 2755 2098 2791 enim
2113 2767 2227 2803 supra
2240 2756 2260 2776 ’¹‘
2278 2755 2381 2803 quod
2397 2768 2509 2803 opor-

1446 2816 1497 2845 tet
1524 2807 1706 2857 principia
1740 2807 2069 2844 demonstrationis
2106 2808 2217 2855 scire,
2246 2808 2366 2844 immo
2404 2809 2509 2856 quod

1448 2861 1560 2898 etiam
1573 2873 1617 2897 ea
1632 2860 1751 2908 magis
1766 2860 1859 2896 scire
1877 2868 2026 2908 oportet
2035 2867 2062 2896 ⁰².
2081 2861 2158 2897 Sed
2171 2861 2338 2909 primum
2354 2862 2478 2897 solum
2488 2862 2509 2882 *

1447 2914 1584 2950 sufficit
1603 2914 1651 2950 ad
1670 2914 1920 2962 propositum.
1942 2915 2101 2962 Propter
2119 2914 2193 2950 hoc
2212 2921 2339 2950 autem
2358 2914 2508 2950 videtur

1448 2966 1677 3015 quibusdam
1693 2966 1798 3014 quod
1812 2966 1948 3003 nullius
1969 2967 2021 3003 rei
2037 2967 2081 3002 sit
2096 2966 2263 3011 scientia;
2281 2966 2506 3014 quibusdam

1448 3028 1576 3056 autem
1599 3019 1749 3056 videtur
1777 3019 1879 3067 quod
1908 3019 1953 3056 sit
1971 3019 2126 3067 quidem
2147 3019 2167 3039 ’¹‘
2186 3019 2355 3066 scientia,
2381 3019 2447 3056 sed
2467 3019 2509 3040 *³⁸

1450 3073 1553 3121 quod
1573 3072 1746 3109 omnium
1770 3072 1888 3120 possit
1914 3072 2046 3108 haberi
2074 3072 2225 3108 scientia
2252 3085 2320 3120 per
2349 3072 2506 3108 demon-

1450 3125 1680 3162 strationem.
1715 3126 1903 3162 Neutrum
1932 3133 2060 3161 autem
2083 3125 2222 3161 horum
2241 3125 2261 3145 ³²
2286 3132 2340 3160 est
2358 3137 2506 3171 verum,

1450 3190 1520 3214 nec
1539 3177 1750 3214 necessario
1771 3178 2042 3225 consequitur*
2062 3190 2107 3214 ex
2128 3177 2333 3214 rationibus
2361 3190 2506 3214 eorum.

1505 3231 1538 3267 3.
1569 3230 1728 3277 Deinde,
1759 3242 1846 3266 cum
1882 3230 1984 3267 dicit:
2014 3232 2265 3278 Supponentes
2293 3238 2374 3276 etc„
2403 3230 2511 3278 ponit

1450 3361 1482 3385 ad
1495 3360 1587 3385 haberi
1599 3360 1710 3384 scientia
1723 3360 1861 3389 inclusive;
1881 3361 1927 3385 sed
1942 3362 2094 3393 supplentur
2113 3361 2137 3384 in
2152 3361 2266 3392 margine
2280 3361 2328 3385 hoc
2342 3362 2434 3385 modo:
2453 3362 2510 3394 qui-

1451 3395 1561 3420 busdam
1580 3398 1668 3419 autem
1687 3395 1793 3420 videtur
1811 3395 1882 3427 quod
1899 3396 1935 3420 sit
1953 3396 2070 3422 scientia,
2086 3396 2134 3420 sed
2151 3396 2221 3427 quod
2234 3396 2350 3420 omnium
2362 3397 2449 3428 possit
2462 3397 2510 3421 ha-

1451 3430 1513 3454 beri.
1533 3430 1589 3454 Non
1603 3437 1709 3454 erronea
1728 3430 1809 3458 lectio,
1829 3431 1875 3454 sed
1894 3430 1979 3454 minus
1997 3431 2174 3455 recta.—C0d.
2187 3431 2222 3455 K:
2242 3431 2398 3463 quibusdam
2420 3435 2510 3456 autem

1451 3465 1557 3489 videtur
1575 3465 1646 3496 quod
1664 3472 1715 3489 non
1734 3466 1817 3489 solum
1836 3465 1872 3489 sit
1884 3465 2001 3493 scientia,
2016 3466 2063 3490 sed
2081 3466 2151 3497 quod
2162 3466 2247 3490 solum
2261 3465 2320 3499 (sic,
2335 3466 2400 3491 sorte
2413 3466 2510 3500 etiam)

1450 3500 1560 3524 scientia
1584 3500 1700 3524 omnium
1721 3500 1809 3531 possit
1829 3500 1921 3525 haberi
1937 3507 1987 3531 per
2010 3501 2269 3525 demonstrationem.
2282 3515 2301 3519 —
2314 3501 2335 3526 N
2355 3501 2447 3526 omittit
2464 3502 2512 3526 sed

1450 3535 1521 3566 quod
1535 3535 1650 3559 omnium
1666 3535 1754 3566 possit
1771 3535 1862 3559 haberi
1879 3535 2177 3560 scientim—Retinenda
2196 3541 2235 3560 est
2253 3536 2343 3567 Pinna,
2362 3544 2429 3569 quae
2451 3544 2510 3569 per-

1450 3570 1538 3602 spicua
1562 3574 1609 3599 est,
1624 3577 1652 3594 ac
1667 3577 1714 3602 pro
1737 3577 1765 3594 se
1779 3570 1856 3594 habet
1874 3570 2048 3594 auctoritatem
2063 3570 2198 3595 meliorum
2214 3571 2300 3596 codd.:
2323 3572 2414 3596 caeteri
2433 3572 2511 3603 enim,

1450 3609 1552 3637 praeter
1574 3605 1671 3635 citatos,
1694 3612 1751 3629 cum
1771 3605 1827 3637 ipsa
1845 3605 1940 3637 legunt.

2530 901 2656 949 igff'ffl'

2537 2775 2547 2785 “
2553 2774 2616 2795 Lect.
2623 2780 2638 2795 n
2644 2778 2666 2796 et
2671 2780 2747 2802 praec.

2537 2902 2545 2909 '
2555 2876 2650 2922 cedd-e..
2662 2907 2687 2922 P:
2706 2901 2747 2923 ho-

2533 2932 2593 2947 rum.

2535 3034 2679 3082 'eadgarum
2720 3042 2748 3056 ex

2535 3088 2555 3096 '¹
2567 3087 2749 3113 Coddacnmm,

2536 3120 2585 3134 RST.
2592 3125 2601 3129 -
2610 3119 2634 3134 r:
2646 3115 2670 3134 et
2678 3114 2748 3141 quod.

2537 3150 2544 3157 ·
2556 3148 2676 3170 Codd.-1>:
2689 3149 2748 3170 islo-

2537 3181 2595 3195 rum.

2536 3202 2546 3211 ⁸
2562 3201 2637 3222 codd.
2649 3212 2659 3216 -
2670 3207 2695 3222 r:
2711 3206 2748 3222 se-

2536 3227 2623 3254 quitur.
