2788 4204
1085 235 1204 271 PERI
1235 233 1582 270 HERMENEIAS
1622 234 1715 270 LIB.
1747 235 1778 270 11

1096 387 1397 444 LEcTro
1436 388 1750 461 QUINTA

1223 516 1322 551 (Cam).
1342 518 1471 543 cnm-nu
1491 520 1550 544 lect.
1569 518 1622 554 ιιι).

488 617 543 646 DE
571 614 940 646 MULTIPLICITATE
964 615 1333 647 ENUNCIATIONUM
1359 616 1492 647 IUXTA
1518 617 1729 655 QUOSDAM
1752 618 1916 658 MODOS,
1940 619 2098 657 QUIBUS
2120 620 2212 652 NON
2236 621 2372 660 UNAM,

825 676 904 707 SED
929 675 1093 707 PLURES
1117 676 1217 707 ESSE
1242 676 1485 708 CONTINGIT
1509 678 1634 709 UNAM
1658 677 2034 712 ENUNClATlONEM.

335 784 379 816 Τό
406 778 443 813 δὲ
469 782 500 813 ἓν
525 780 620 813 κατά
649 781 782 812 πολλῶν
808 779 828 817 ἦ
856 780 969 812 πολλοὶ
1001 780 1077 812 καθ’
1108 780 1178 818 ἐνὸς
1198 780 1403 824 καταφάναι

402 825 422 863 ἦ
451 824 638 870 ἀποφάναι,
667 825 724 857 ἐάν
751 825 796 869 μή
824 824 856 856 ἕν
883 837 916 857 τι
944 823 963 866 ᾖ
990 825 1032 857 τὸ
1051 825 1086 856 ἐκ
1105 826 1170 858 τῶν
1193 827 1327 857 πολλῶν
1345 820 1405 862 δη-

400 870 583 914 λούμενον,
611 870 671 902 οὐκ
697 869 770 902 ἔστι
794 869 990 913 κατάφασις
1018 872 1087 926 Ἴμία
1115 865 1191 902 οὐδὲ
1219 870 1400 915 ἀπόφασις.

401 915 499 961 Λέγω
525 909 562 946 δὲ
588 915 620 945 ἓν
648 915 705 946 οὐκ
732 914 789 946 §.aiv
817 914 923 958 ὄνομα
949 915 980 946 ἓν
1009 927 1028 957 ῃ
1054 916 1219 959 κείμενον,
1246 915 1293 957 μὴ
1321 913 1342 958 ᾗ
1367 910 1404 946 δὲ

402 959 435 991 ἕν
461 970 494 992 τι
521 958 555 999 ἐξ
582 959 735 998 ἐκείνων,
769 959 858 999 οἷον,
887 960 903 990 ὁ
930 959 1100 1002 ἄνθρωπος
1134 961 1211 997 ἴσως
1248 960 1321 991 ἐστὶ
1345 961 1403 991 καὶ

401 1005 485 1046 ζῷον
509 1005 567 1035 καὶ
592 999 710 1036 δίπουν
736 1005 794 1035 καὶ
820 1002 956 1048 ἥμερον,
978 1004 1068 1036 ἀλλά
1091 1005 1149 1035 καὶ
1168 1003 1200 1035 ’έν
1220 1016 1254 1036 τι
1271 1006 1405 1050 γίνεται

402 1049 439 1080 ἐκ
465 1049 612 1080 τούτων·
648 1049 684 1081 ὲκ
709 1043 746 1079 δὲ
772 1049 834 1080 τοῦ
858 1049 1002 1089 λευκοῦ,
1035 1050 1094 1080 καὶ
1119 1050 1181 1080 τοῦ
1217 1048 1403 1092 ἀνθρώπου,

401 1094 460 1124 καὶ
485 1094 547 1125 τοῦ
574 1092 736 1135 βαδίζειν,
757 1094 820 1138 οὐχ
845 1092 891 1123 ἓν·
917 1093 1005 1126 ὥστε
1032 1093 1110 1125 οὔτε
1129 1093 1187 1125 ἐὰν
1207 1092 1238 1124 ἓν
1258 1105 1292 1125 τι
1311 1094 1408 1127 κατὰ

404 1136 536 1170 τούτων
562 1136 750 1181 καταφήσῃ
776 1149 848 1177 τις,
875 1140 936 1182 μία
959 1137 1168 1182 κατάφασις,
1197 1138 1287 1170 ἀλλα
1315 1138 1404 1182 φωνή

403 1182 462 1227 μὲν
488 1184 564 1226 μία,
589 1182 802 1225 καταφάσεις
828 1178 865 1214 δὲ
892 1184 1030 1214 πολλαί·
1059 1182 1138 1214 οὔτε
1162 1183 1220 1215 ἑοὶν
1237 1182 1311 1214 καθ’
1335 1183 1406 1220 ἑνὸς

404 1227 536 1266 ταῦτα,
566 1227 639 1259 ἀλλ’
671 1227 791 1271 ὁμοίως
817 1227 956 1260 πολλαί.

336 1274 374 1305 Εἰ
399 1269 456 1304 οὖν
482 1272 502 1308 ἡ
530 1270 687 1314 ἐρώτησις
714 1272 734 1308 γ’)
752 1267 952 1308 διαλεκτική
976 1270 1180 1314 ἀποκρίσεως
1198 1272 1290 1303 ἐστιν
1310 1274 1408 1309 αἴτη-

405 1315 516 1357 σις,’ἦ
543 1317 605 1353 τῆς
632 1315 850 1360 προτάσεως,
878 1314 899 1352 ἦ
925 1315 1069 1359 θατέρου
1090 1317 1205 1360 μορίου
1223 1317 1285 1354 τῆς
1314 1317 1409 1348 ἀντι-

350 1371 356 1379 “
406 1360 548 1405 φάσεως,
576 1361 596 1397 ἡ
622 1355 659 1392 δὲ
685 1359 849 1402 πρότασις
877 1360 1084 1404 ἀντιφάσεως
1103 1361 1180 1404 μιᾶς
1198 1360 1326 1404 μόριον,
1348 1361 1407 1392 οὐκ

408 1404 446 1438 ἂν
472 1407 520 1443 εἴη
549 1404 721 1448 ἀπόκρισις
748 1407 809 1448 μία
835 1404 914 1446 πρὸς
942 1406 1071 1437 ταῦτα·
1101 1401 1178 1437 οὐδὲ
1203 1404 1267 1450 γάρ
1290 1406 1310 1440 ἡ
1331 1404 1409 1449 ἐρώ-

406 1461 501 1488 τησις
535 1452 618 1494 μία,
646 1444 724 1481 οὐδὲ
749 1449 807 1482 ἑοὶν
835 1445 857 1491 ’ᾗ
885 1448 1024 1486 ἀληθής·

339 1497 471 1538 εἴρηται
496 1490 534 1526 δὲ
551 1490 672 1531 ἐν’τοῖς
698 1495 854 1530 Τοπικοῖς
881 1495 954 1536 περὶ
980 1493 1108 1525 αὐτῶν.
1127 1493 1219 1536 *Ἀμα
1240 1488 1277 1524 δὲ
1302 1487 1406 1529 δῆλον

408 1538 461 1571 ὅτι
487 1534 565 1571 οὐδὲ
591 1538 631 1571 τό
657 1541 690 1570 τί
717 1539 807 1571 ἐστιν
834 1538 992 1580 ἐρώτησίς
1018 1539 1090 1570 ἐστι
1111 1533 1325 1573 διαλεκτική.
1353 1539 1409 1569 Δεῖ

432 1583 470 1626 οὶρ
495 1578 654 1615 δεδόσθαι
680 1583 715 1615 ὲκ
741 1584 802 1620 τῆς
829 1583 1022 1628 ἐρωτήσεως
1055 1582 1208 1623 ἑλέσθαι,
1242 1581 1406 1625 ὁπότερον

406 1596 571 1705 {edievam
589 1628 650 1665 τῆς
669 1627 877 1672 ἀντιφάσεως
899 1627 1012 1672 μόριον
1035 1626 1410 1670 ἀποφήνασθαι.Ἀλλο“ι

429 1676 459 1704 εἴ
487 1672 546 1704 τὸν
583 1672 763 1714 ἐρωτῶντα
794 1667 1114 1717 προσδιορίσασθαι,
1147 1671 1291 1716 πότερον
1323 1666 1404 1704 τόδε

407 1718 499 1750 ἐστὶν
526 1718 541 1748 ὁ
570 1716 755 1760 ἄνθρωπος,
782 1716 803 1754 ἦ
829 1718 866 1749 οὐ
892 1717 1011 1749 τοῦτο.

476 1839 486 1851 ,
502 1821 581 1860 π),
596 1821 750 1856 ostquam
775 1812 967 1846 Aristoteles
992 1812 1220 1846 determinavit
1243 1811 1412 1845 diversita-

540 1977 549 2002 7,
556 1958 580 1998 J?
593 1960 806 1993 determinare
820 1959 899 2004 quid
915 1958 1039 1992 accidat
1055 1959 1278 1992 enunciationi
1296 1971 1335 1992 ex
1348 1958 1412 1993 hoc

593 2007 682 2054 quod
707 2008 840 2041 ,additur
872 2007 994 2052 aliquid
1027 2007 1174 2042 subiecto
1203 2007 1255 2040 vel
1286 2007 1412 2051 praedi-

345 2067 418 2092 cato
442 2058 559 2091 tollens
584 2059 654 2091 eius
679 2058 848 2090 unitatem.
874 2057 915 2090 Et
939 2058 1022 2090 circa
1046 2057 1110 2090 hoc
1132 2056 1199 2090 duo
1220 2056 1309 2090 facit:
1335 2057 1412 2101 quia

345 2108 464 2150 primo,
492 2106 686 2139 determinat
714 2105 934 2141 diversitatem
950 2114 1082 2145 earum;
1114 2104 1271 2146 secundo,
1300 2117 1413 2138 conse-

105 2167 113 2174 ·
125 2166 244 2192 Lect-seq-
345 2156 494 2200 quentias
511 2165 640 2195 earum;
657 2154 716 2188 ibi:
738 2154 894 2197 Quoniam
909 2166 978 2188 vero
995 2154 1064 2188 haec
1079 2149 1197 2198 quidem
1210 2153 1225 2170 *
1238 2162 1298 2187 etc.
1317 2154 1413 2188 Circa

345 2206 489 2250 primum
521 2203 587 2237 duo
615 2203 711 2236 facit:
744 2203 852 2247 primo
866 2229 874 2243 ,
907 2203 1002 2247 ponit
1029 2214 1142 2236 earum
1175 2202 1412 2242 diversitatem;

345 2253 509 2293 secundo,
534 2253 648 2297 probat
673 2263 789 2285 omnes
818 2252 1065 2285 enunciationes
1094 2263 1164 2284 esse
1194 2251 1304 2296 plures
1319 2261 1327 2292 ;
1353 2251 1412 2284 ibi:

105 2308 112 2316 '
123 2306 193 2327 Num.
203 2313 227 2332 4·
346 2303 377 2337 Si
389 2315 455 2347 ergo
468 2302 642 2336 dialectica*
652 2310 727 2334 etc.-
735 2301 823 2334 Dicit
835 2312 913 2343 ergo
924 2300 1032 2345 quoad
1046 2301 1202 2345 primum,
1215 2300 1413 2334 resumendo

107 2358 186 2380 ‘Leet-
199 2365 249 2387 vm,
265 2365 317 2380 n-12
346 2351 436 2396 quod
460 2352 493 2384 in
517 2351 618 2384 Primo
639 2350 762 2383 dictum
779 2348 883 2382 fuerat
896 2349 926 2388 *,
944 2349 1034 2393 quod
1058 2349 1217 2382 affirmare
1230 2349 1282 2382 vel
1295 2361 1413 2393 negare

109 2391 158 2412 Μ’
347 2411 452 2433 unum
476 2399 515 2432 de
540 2398 699 2443 pluribus,
716 2397 768 2430 vel
792 2397 885 2441 plura
910 2397 949 2430 de
974 2409 1054 2437 uno,
1071 2399 1097 2430 si
1116 2410 1155 2430 ex
1179 2397 1241 2430 illis
1266 2397 1414 2442 pluribus

347 2460 415 2481 non
440 2447 475 2480 fit
499 2459 615 2486 unum,
632 2458 700 2479 non
724 2455 773 2479 est
790 2446 977 2479 enunciatio
994 2458 1059 2479 una
1083 2446 1274 2480 affirmativa
1289 2446 1342 2480 vel
1359 2458 1414 2480 ne-

348 2497 465 2540 gativa.
490 2497 530 2529 Et
547 2494 742 2528 declarando
760 2495 929 2539 quomodo
955 2494 1153 2538 intelligatur
1168 2507 1272 2529 unum
1297 2495 1414 2529 debere

349 2557 419 2579 esse
432 2545 615 2577 subiectum
628 2552 683 2576 aut
697 2543 929 2587 praedicatum,
943 2543 1052 2576 subdit
1065 2545 1154 2588 quod
1171 2557 1267 2578 unum
1278 2545 1343 2578 dico
1355 2556 1415 2577 non

348 2596 374 2628 si
398 2606 502 2627 nomen
526 2605 622 2626 unum
645 2593 817 2636 impositum
844 2593 899 2632 sit,
930 2592 1013 2625 idest
1036 2605 1075 2625 ex
1099 2594 1222 2626 unitate
1247 2594 1414 2633 nominis,

349 2643 407 2676 sed
431 2655 470 2676 ex
494 2643 616 2675 unitate
645 2640 827 2684 significati.
861 2641 949 2674 Cum
977 2641 1065 2673 enim
1093 2641 1186 2684 plura
1215 2643 1417 2675 conveniunt

349 2692 383 2724 in
412 2703 479 2724 uno
507 2691 661 2730 nomine,
694 2691 738 2722 ita
767 2689 857 2733 quod
885 2702 923 2722 ex
951 2690 997 2722 eis
1025 2701 1093 2723 non
1121 2689 1176 2723 fiat
1200 2702 1305 2723 unum
1329 2690 1416 2723 illius

350 2741 493 2773 nominis
519 2738 748 2783 significatum,
774 2747 852 2770 tunc
877 2737 986 2770 solum
1002 2739 1093 2771 vocis
1118 2739 1223 2771 unitas
1244 2748 1302 2772 est.
1329 2739 1416 2772 Cum

350 2798 459 2822 autem
483 2800 588 2821 unum
616 2798 739 2820 nomen
764 2786 912 2831 pluribus
944 2787 1137 2830 impositum
1161 2796 1227 2826 est,
1252 2788 1320 2820 sive
1344 2798 1417 2831 par—

350 2838 436 2871 tibus
454 2837 652 2877 subiectivis‚
669 2837 737 2869 sive
758 2835 981 2879 integralibus,
1000 2845 1035 2868 ut
1051 2835 1164 2868 eadem
1180 2835 1417 2879 significatione

351 2885 536 2925 concludat,
561 2894 639 2918 tunc
663 2894 694 2918 et
718 2886 809 2918 vocis
831 2894 862 2918 et
878 2884 1050 2928 significati
1067 2885 1174 2918 unitas
1190 2894 1249 2925 est,
1266 2893 1298 2918 et
1314 2896 1418 2918 enun-

353 2936 502 2968 ciationis
526 2935 633 2967 unitas
658 2945 727 2966 non
752 2933 939 2977 impeditur.

419 2995 448 3017 2.
475 2982 663 3017 Secundum
683 2981 772 3026 quod
789 2982 971 3025 subiungit:
1002 2982 1042 3014 Ut
1058 2982 1142 3015 homo
1158 2982 1336 3026 estfortasse
1351 2983 1418 3015 ani-

352 3033 416 3066 mal
428 3039 454 3065 et
469 3039 658 3065 mansuetum
671 3038 696 3064 et
709 3031 788 3076 bipes
801 3030 997 3063 obscuritate
1010 3041 1078 3062 non
1092 3039 1188 3063 caret.
1206 3030 1319 3062 Potest
1331 3030 1418 3062 enirn

353 3080 488 3123 intelligi
507 3090 542 3113 ut
558 3082 600 3114 sit
613 3079 796 3124 exemplem
814 3079 852 3112 ab
866 3079 1034 3123 opposito,
1052 3080 1143 3123 quasi
1162 3079 1296 3112 diceret:
1314 3090 1418 3111 unum

353 3129 426 3162 dico
444 3140 511 3161 non
535 3141 574 3162 ex
598 3129 721 3161 unitate
745 3128 889 3160 nominis
910 3128 1055 3170 impositi
1080 3126 1227 3171 pluribus
1244 3139 1282 3160 ex
1299 3126 1418 3171 quibus

353 3189 421 3210 non
437 3176 473 3209 fit
490 3176 552 3209 tale
569 3188 684 3216 unum,
703 3175 983 3220 quemadmodum
1001 3175 1103 3208 homo
1121 3184 1170 3208 est
1190 3187 1293 3208 unum
1314 3174 1418 3219 quod-

355 3226 429 3260 dam
446 3238 485 3259 ex
510 3224 640 3258 animali
665 3234 697 3258 et
721 3233 893 3257 mansueto
911 3233 942 3257 et
958 3223 1085 3268 bipede,
1103 3224 1247 3268 partibus
1267 3235 1345 3257 suae
1365 3223 1418 3257 de-

354 3275 522 3307 finitionis.
549 3274 589 3306 Et
604 3285 645 3306 ne
663 3274 735 3317 quis
761 3272 904 3306 crederet
921 3272 1011 3317 quod
1027 3272 1087 3305 hae
1108 3281 1215 3305 essent
1231 3284 1325 3305 verae
1343 3271 1419 3305 defi-

355 3324 487 3356 nitionis
508 3323 652 3355 nominis
669 3331 793 3365 partes,
818 3322 1030 3365 interposuit,
1051 3321 1189 3365 fortasse.
1215 3321 1418 3365 Porphyrius

356 3381 476 3411 autem,
494 3370 631 3404 Boethio
648 3370 805 3403 referente
823 3379 854 3403 et
870 3369 1083 3413 approbante,
1096 3379 1223 3413 separat
1239 3369 1296 3402 has
1313 3378 1419 3402 textus

358 3419 550 3463 particulas,
582 3419 692 3452 dicens
718 3418 807 3463 quod
831 3418 1023 3451 Aristoteles
1047 3418 1218 3462 hucusque
1247 3417 1420 3451 declaravit

357 3469 620 3500 enunciationem
638 3467 726 3500 illam
751 3479 820 3500 esse
845 3466 966 3511 plures,
980 3468 1012 3499 in
1034 3478 1097 3511 qua
1118 3466 1212 3510 plura
1228 3466 1422 3499 subiiceren-

358 3524 411 3548 tur
430 3517 497 3555 uni,
511 3516 561 3548 vel
587 3515 626 3548 de
650 3527 719 3548 uno
744 3515 1005 3559 praedicarentur
1026 3515 1128 3559 plura,
1148 3527 1187 3548 ex
1211 3514 1329 3559 quibus
1353 3526 1421 3547 non

359 3563 394 3595 fit
411 3575 523 3596 unum.
549 3564 587 3596 In
612 3565 679 3596 istis
701 3573 810 3596 autem
834 3563 955 3597 verbis:
981 3564 1021 3596 Ut
1044 3564 1128 3597 homo
1148 3570 1188 3597 est
1203 3564 1332 3608 sortasse
1348 3572 1421 3604 etc„

118 3332 265 3360 Porphyrius.

1458 784 1476 803 *
1497 785 1539 815 At
1561 794 1636 815 vero
1661 795 1764 815 unum
1781 785 1819 816 de
1836 785 1996 825 pluribus,
2024 787 2075 817 vel
2105 787 2197 827 plura
2220 789 2259 819 de
2282 799 2350 820 uno
2365 789 2531 829 affirmare,

1526 829 1576 859 vel
1599 839 1723 869 negare,
1748 829 1773 859 si
1797 839 1863 860 non
1887 830 1927 861 sit
1950 840 2053 861 unum
2077 831 2196 872 aliquid
2219 833 2309 872 quod
2332 843 2369 864 ex
2388 835 2532 874 pluribus

1527 872 1730 913 significatur,
1747 883 1814 904 non
1835 881 1881 905 est
1905 872 2072 906 affirmatio
2089 885 2193 916 neque
2209 876 2335 916 negatio
2351 887 2424 908 una.
2449 878 2531 910 Dico

1527 924 1635 948 autem
1651 928 1765 957 unum,
1782 929 1849 949 non
1865 918 1891 949 si
1914 929 2018 949 unum
2033 929 2152 950 nomen
2172 920 2314 960 positum
2330 920 2389 960 sit,
2411 930 2477 952 non
2494 923 2534 954 sit

1527 969 1634 992 autem
1651 972 1754 993 unum
1769 963 1889 1004 aliquid
1905 973 1941 993 ex
1955 963 2027 1001 illis,
2045 971 2080 995 ut
2094 964 2195 995 homo
2212 971 2258 996 est
2273 964 2402 996 fortasse
2420 973 2451 997 et
2467 967 2533 997 ani-

1527 1006 1592 1036 mal
1616 1014 1646 1037 et
1669 1006 1757 1047 bipes
1782 1015 1812 1039 et
1835 1014 2057 1046 mansuetum,
2086 1009 2140 1038 sed
2164 1018 2201 1039 ex
2223 1009 2273 1039 his
2295 1019 2399 1040 unum
2422 1010 2472 1049 fit,
2496 1020 2534 1042 ex

1481 1070 1485 1073 -
1528 1051 1600 1081 albo
1617 1057 1724 1081 autem
1738 1058 1770 1082 et
1783 1052 1914 1083 homine
1929 1059 1959 1083 et
1973 1052 2145 1091 ambulare,
2162 1063 2227 1084 non
2243 1060 2289 1084 est
2303 1062 2421 1092 unum;
2437 1065 2534 1096 quare

1528 1105 1586 1125 nec
1610 1095 1635 1126 si
1658 1105 1762 1126 unum
1785 1096 1906 1138 aliquid
1930 1096 1968 1126 de
1991 1096 2040 1127 his
2063 1097 2197 1128 affirmet
2221 1098 2345 1139 aliquis,
2370 1099 2430 1130 erit
2451 1098 2534 1130 affir-

1529 1140 1627 1170 matio
1652 1148 1732 1171 una:
1765 1141 1820 1171 sed
1848 1151 1910 1172 vox
1940 1141 2072 1181 quidem
2100 1152 2179 1179 una,
2211 1142 2435 1174 affirmationes
2457 1153 2533 1174 vero

1529 1184 1663 1223 multae,
1684 1195 1741 1215 nec
1758 1185 1783 1216 si
1808 1186 1846 1216 de
1870 1196 1937 1216 uno
1960 1185 2034 1225 ista,
2060 1186 2115 1216 sed
2137 1186 2279 1218 similiter
2302 1187 2418 1228 plures.

1462 1271 1494 1302 Si
1518 1282 1592 1313 ergo
1622 1272 1782 1304 dialectica
1809 1274 2012 1314 interrogatio
2041 1274 2258 1315 responsionis
2286 1281 2332 1306 est
2351 1276 2462 1316 petitio
2484 1276 2535 1307 vel

1529 1316 1758 1358 propositionis
1780 1319 1831 1349 vel
1854 1319 1980 1349 alterius
2004 1320 2100 1360 partis
2124 1319 2392 1359 contradictionis,
2415 1330 2533 1361 propo-

1529 1361 1601 1392 sitio
1624 1372 1699 1393 vero
1724 1362 1819 1393 unius
1844 1363 2099 1394 contradictionis
2124 1371 2170 1395 est
2192 1374 2275 1405 pars,
2299 1374 2366 1395 non
2390 1364 2448 1396 en't
2469 1373 2535 1395 una

1529 1407 1694 1456 responsio
1718 1407 1758 1437 ad
1780 1407 1866 1438 haec.
1891 1408 2004 1448 Neque
2028 1409 2114 1439 enim
2136 1409 2341 1449 interrogatio
2371 1419 2452 1448 una,
2477 1418 2535 1440 nec

1530 1460 1555 1480 s:
1586 1457 1625 1480 sit
1647 1460 1729 1481 vera.

1462 1494 1592 1524 Dictum
1615 1501 1662 1525 est
1684 1501 1792 1526 autem
1815 1496 1854 1526 de
1878 1495 1926 1526 his
1954 1496 1987 1526 in
2011 1497 2154 1537 Topicis.
2179 1497 2283 1528 Simul
2305 1504 2415 1528 autem
2434 1497 2534 1528 mani-

1530 1538 1646 1569 festum
1662 1545 1724 1577 est,
1744 1540 1834 1580 quod
1850 1550 1908 1571 nec
1931 1539 1994 1571 hoc
2009 1541 2127 1581 ipsum,
2143 1542 2222 1582 quid
2237 1547 2295 1578 est,
2309 1541 2472 1572 dialectica
2486 1541 2535 1572 in-

1528 1583 1698 1623 terrogatio
1709 1590 1765 1614 est.
1781 1583 1917 1623 Oportet
1931 1584 2017 1615 enirn
2029 1585 2141 1616 datum
2155 1596 2223 1616 esse
2237 1596 2275 1617 ex
2288 1585 2536 1626 interrogatione

1529 1627 1653 1667 eligere,
1665 1634 1769 1658 utram
1785 1626 1860 1659 velit
1875 1629 2132 1660 contradictionis
2144 1637 2266 1670 partem
2282 1630 2467 1660 enunciare:
2479 1629 2536 1661 sed

1527 1678 1653 1712 oportet
1674 1671 1921 1746 {pterrogantem
1937 1673 2142 1704 determinare
2160 1680 2267 1705 utrum
2283 1673 2345 1704 hoc
2370 1673 2410 1705 sit
2422 1673 2535 1714 homo,

1522 1726 1562 1746 an
1586 1726 1652 1746 non
1698 1726 1746 1747 oc.

1466 1810 1606 1844 intendit
1624 1810 1785 1844 declarare
1810 1812 2077 1845 enunciationem
2100 1812 2245 1857 aliquam
2268 1825 2340 1847 esse
2363 1812 2486 1858 plures,
2502 1813 2536 1847 in

1467 1871 1531 1903 qua
1547 1858 1642 1903 plura
1658 1871 1697 1892 ex
1713 1859 1831 1904 quibus
1847 1859 1884 1894 fit
1904 1872 2009 1894 unum
2033 1860 2252 1895 subiiciuntur
2271 1861 2324 1895 vel
2347 1861 2536 1906 praedican-

1467 1917 1538 1948 tur;
1562 1909 1646 1942 sicut
1670 1920 1747 1942 cum
1770 1908 1904 1951 dicitur,
1928 1910 2013 1944 homo
2037 1917 2078 1956 est
2100 1911 2219 1944 animal
2242 1917 2269 1944 et
2291 1917 2481 1944 mansuetum
2511 1916 2538 1944 a

1467 1956 1556 2002 bipes,
1582 1957 1702 2001 copula
1725 1958 1911 1999 interiecta,
1935 1959 1987 1992 vel
2010 1959 2150 2000 morula,
2172 1969 2209 1993 ut
2233 1969 2378 1993 oratores
2401 1959 2536 1993 faciunt.

1467 2004 1547 2039 Ideo
1572 2014 1682 2039 autem
1706 2006 1868 2040 addidisse
1896 2008 2005 2048 aiunt,
2025 2008 2175 2052 fortasse,
2203 2017 2241 2042 ut
2269 2009 2449 2042 insinuaret
2470 2008 2536 2041 hoc

1468 2055 1656 2097 contingere
1676 2066 1792 2099 posse,
1813 2056 2033 2089 necessarium
2053 2065 2163 2089 autem
2183 2068 2252 2090 non
2271 2069 2353 2090 esse.

1536 2114 1564 2146 3.
1590 2104 1773 2137 Possumus
1798 2105 1831 2136 in
1855 2103 2005 2138 eamdem
2029 2102 2224 2150 Porphyrii,
2253 2105 2383 2140 Boethii
2418 2114 2451 2139 et
2481 2104 2538 2140 Al-

1468 2151 1549 2185 berti
1573 2153 1768 2186 sententiam
1789 2153 1969 2187 incidentes
1994 2153 2145 2187 subtilius
2169 2163 2294 2188 textum
2319 2153 2538 2196 introducere,

1467 2210 1504 2234 ut
1528 2210 1677 2249 quatuor·
1692 2201 1745 2235 hic
1770 2201 1874 2235 faciat.

1535 2250 1576 2283 Et
1593 2251 1700 2294 primo
1716 2250 1861 2295 quidem,
1878 2252 2015 2285 resumit
2032 2264 2115 2296 quae
2132 2253 2174 2285 sit
2194 2253 2382 2286 enunciatio
2399 2253 2432 2285 in
2449 2263 2538 2286 com-

1468 2300 1561 2332 muni
1577 2299 1705 2332 dicens:
1723 2301 1902 2334 Enunciatio
1915 2300 2019 2345 plures
2035 2307 2086 2341 est,
2100 2301 2132 2334 in
2146 2312 2210 2345 qua
2225 2313 2321 2334 unum
2337 2302 2371 2335 de
2382 2301 2538 2346 pluribuS,

1467 2348 1515 2381 vel
1526 2348 1623 2393 plura
1638 2348 1672 2381 de
1688 2360 1748 2382 uno
1771 2350 1981 2383 enunciantur.
2003 2349 2035 2382 si
2054 2356 2153 2383 tamen
2176 2361 2212 2383 ex
2230 2350 2292 2383 illis
2311 2350 2453 2395 pluribus
2476 2361 2537 2383 non

1423 2409 1426 2412 ’
1462 2397 1503 2441 fit
1526 2409 1632 2437 unum,
1658 2406 1694 2430 ut
1718 2398 1751 2430 in
1774 2398 1876 2431 Primo
1900 2400 1916 2419 *
1940 2397 2064 2439 dictum
2089 2408 2121 2431 et
2145 2399 2331 2443 expositum
2355 2398 2425 2432 fuit.

1536 2445 1664 2479 Deinde
1681 2445 1837 2480 dilucidat
1860 2446 1953 2479 illum
1974 2447 2151 2492 terminum
2177 2446 2216 2480 de
2233 2459 2313 2487 uno,
2337 2448 2406 2480 sive
2422 2459 2539 2488 unum,

1469 2493 1598 2527 dicens:
1620 2494 1697 2528 Dico
1713 2501 1812 2528 autem
1829 2507 1936 2535 unum,
1959 2495 2052 2535 idest,
2075 2506 2179 2528 unum
2203 2507 2326 2528 nomen
2350 2506 2448 2536 voco,
2471 2507 2540 2529 non

1470 2550 1604 2586 propter
1632 2543 1790 2576 unitatem
1814 2544 1924 2583 vocis,
1953 2543 2010 2576 sed
2038 2542 2305 2586 significationis,
2334 2553 2370 2576 ut
2394 2543 2540 2588 supradi-

1471 2599 1559 2623 ctum
1584 2599 1643 2623 est.

1538 2638 1666 2672 Deinde
1682 2640 1789 2679 tertio,
1813 2639 1990 2672 dividendo
2015 2639 2165 2680 declarat,
2187 2648 2219 2672 et
2242 2639 2436 2673 declarando
2461 2639 2540 2673 divi-

1471 2685 1528 2726 dit,
1545 2695 1627 2730 quot
1650 2687 1758 2720 modis
1779 2688 1941 2731 contingit
1966 2699 2071 2720 unum
2095 2699 2218 2720 nomen
2243 2689 2370 2732 imponi
2392 2687 2540 2732 pluribus

1471 2746 1510 2767 ex
1526 2735 1645 2779 quibus
1661 2747 1729 2777 non
1753 2735 1789 2768 fit
1812 2747 1929 2775 unum,
1947 2745 1982 2768 ut
2006 2748 2046 2768 ex
2069 2735 2133 2769 hoc
2150 2735 2371 2769 diversitatem
2388 2737 2541 2770 enuncia-

1470 2783 1569 2815 tionis
1585 2783 1775 2828 multiplicis
1792 2785 1945 2817 insinuet.
1963 2785 2005 2818 Et
2022 2785 2117 2828 ponit
2141 2784 2224 2818 duos
2249 2785 2380 2825 modos,
2397 2796 2541 2830 quorum

1471 2832 1561 2875 prior
1583 2833 1650 2873 est,
1680 2833 1812 2877 quando
1837 2845 1941 2866 unum
1971 2845 2094 2866 nomen
2119 2834 2301 2877 imponitur
2329 2833 2478 2878 pluribus
2501 2845 2542 2867 ex

1472 2880 1590 2924 quibus
1605 2881 1642 2914 fit
1662 2893 1782 2922 unum,
1811 2893 1879 2915 non
1902 2891 2011 2915 tamen
2029 2883 2061 2915 in
2079 2891 2239 2926 quantum
2257 2895 2296 2916 ex
2312 2883 2358 2916 eis
2373 2882 2409 2916 fit
2425 2894 2541 2916 unum.

1474 2928 1573 2963 Tunc
1593 2931 1700 2971 enim,
1723 2930 1798 2964 licet
1818 2931 2025 2965 materialiter
2053 2941 2084 2965 et
2111 2943 2168 2976 per
2196 2931 2345 2966 accidens
2373 2931 2542 2977 loquendo

1471 2990 1595 3012 nomen
1612 2980 1800 3024 imponatur
1816 2980 1964 3025 pluribus
1985 2993 2024 3014 ex
2042 2980 2161 3025 quibus
2177 2980 2214 3014 fit
2231 2993 2346 3021 unum,
2363 2980 2542 3014 formaliter

1473 3037 1583 3061 tamen
1607 3038 1639 3062 et
1659 3041 1717 3073 per
1740 3041 1774 3062 se
1799 3029 1966 3074 loquendo
1990 3041 2114 3063 nomen
2138 3041 2243 3063 unum
2267 3030 2449 3074 imponitur
2469 3029 2542 3074 plu-

1472 3076 1572 3116 ribus,
1596 3089 1635 3110 ex
1659 3077 1777 3122 quibus
1802 3089 1869 3123 non
1893 3077 1931 3111 fit
1955 3088 2078 3111 unum:
2103 3079 2180 3123 quia
2203 3079 2385 3122 imponitur
2409 3079 2456 3111 eis
2472 3089 2541 3112 non

1474 3127 1506 3159 in
1522 3135 1682 3170 quantum
1702 3138 1741 3159 ex
1755 3127 1801 3159 eis
1825 3136 1874 3160 est
1898 3139 2015 3167 unum,
2037 3137 2073 3161 ut
2097 3126 2232 3160 fortasse
2257 3136 2306 3160 est
2321 3126 2385 3160 hoc
2402 3138 2541 3167 nomen,

1473 3175 1570 3215 homo,
1595 3175 1788 3219 impositum
1805 3175 1845 3208 ad
1864 3175 2116 3219 significandum
2133 3175 2253 3209 animal
2277 3185 2309 3209 et
2332 3184 2542 3209 mansuetum

1474 3233 1505 3257 et
1522 3223 1624 3268 bipes,
1644 3223 1738 3264 idest,
1762 3233 1869 3268 partes
1894 3236 1971 3258 suae
1996 3224 2207 3265 definitionis,
2231 3236 2300 3258 non
2324 3225 2357 3257 in
2382 3232 2542 3269 quantum

1474 3273 1658 3306 adunantur
1680 3273 1714 3305 in
1738 3284 1838 3305 unam
1863 3272 2007 3306 hominis
2027 3282 2176 3307 naturam
2202 3285 2260 3317 per
2283 3273 2422 3307 modum
2450 3280 2541 3306 actus

1474 3330 1506 3354 et
1529 3321 1710 3365 potentiae,
1739 3320 1796 3354 sed
1821 3330 1856 3354 ut
1880 3321 2049 3356 distinctae
2074 3323 2138 3355 sint
2162 3323 2245 3355 inter
2268 3333 2303 3356 se
2331 3321 2540 3355 actualitates.

1475 3370 1516 3403 Et
1528 3370 1705 3402 insinuavit
1720 3369 1810 3414 quod
1830 3371 1947 3414 accipit
1967 3379 2075 3414 partes
2100 3369 2298 3404 definitionis
2322 3378 2359 3403 ut
2375 3369 2542 3403 distinctas

1475 3430 1533 3462 per
1549 3417 1636 3451 illam
1653 3418 1934 3458 coniunctionem,
1948 3427 1979 3452 et
1996 3430 2054 3463 per
2070 3418 2150 3452 illud
2166 3430 2300 3463 quoque
2313 3418 2329 3435 '⁰¹
2341 3417 2541 3451 adversative

1476 3466 1640 3500 additum:
1666 3466 1720 3500 Sed
1742 3467 1768 3499 si
1791 3478 1827 3500 ex
1846 3467 1890 3500 his
1907 3479 2003 3500 unum
2019 3467 2075 3512 fit,
2101 3468 2195 3511 quasi
2215 3466 2353 3507 diceret,
2377 3477 2453 3498 cum
2477 3465 2541 3499 hoc

1476 3524 1586 3548 tamen
1607 3524 1669 3548 stat
1685 3514 1775 3559 quod
1796 3527 1836 3548 ex
1851 3516 1898 3548 eis
1915 3527 2019 3548 unum
2035 3514 2080 3548 fit.
2105 3514 2240 3548 Addidit
2263 3523 2383 3554 autem,
2399 3514 2540 3558 fortasse,

1478 3564 1554 3607 quia
1581 3563 1644 3597 hoc
1672 3575 1810 3604 nomen,
1839 3564 1942 3604 homo,
1972 3575 2041 3596 non
2064 3572 2113 3596 est
2140 3563 2332 3606 impositum
2356 3561 2396 3595 ad
2419 3562 2542 3606 signifi·

2561 801 2568 808 ·
2585 798 2642 825 cap.
2653 803 2685 819 xi.

2564 2119 2718 2169 mae-

2565 2173 2684 2196 Album&

2569 2422 2576 2431 ”
2587 2421 2650 2443 Lect.
2662 2420 2701 2442 cit.

2570 3425 2578 3433 ·
2597 3423 2640 3446 Ed.
2662 3429 2676 3446 c
2696 3423 2784 3446 omittit

2568 3455 2668 3478 4⁸⁰1&-
