2788 4204
339 247 414 283 266

921 244 1305 282 POSTERIORUM
1332 244 1764 283 ANALYTICORUM
1793 247 1887 283 LIB.
1919 249 1945 284 I.

833 400 1136 456 LECTIO
1176 399 2031 459 TRIGESIMASECUNDA

465 522 797 571 DUBITATIO
834 519 1005 572 QUAE
1038 518 1152 559 EST
1186 519 1271 558 DE
1303 519 1620 562 PROCESSU
1652 522 1714 561 IN
1747 523 2064 564 INFINITUM
2097 523 2157 563 IN
2190 523 2396 564 MEDIIS

334 585 689 628 REDUCITUR
724 583 810 623 AD
849 581 1321 621 DUBITATIONEM
1357 581 1528 632 QUAE
1561 583 1864 625 MOVETUR
1901 585 1985 624 DE
2023 586 2343 626 EXTREMIS.
2378 586 2526 626 ITEM

631 642 966 685 DUBITATIO
1000 641 1171 694 QUAE
1207 642 1322 683 EST
1353 643 1437 682 DE
1471 644 1787 686 PROCESSU
1822 646 1883 686 IN
1912 647 2230 688 INFINITUM

364 711 424 751 IN
454 704 1123 749 DEMONSTRATIONIBUS
1153 704 1484 745 NEGATIVIS
1514 705 1870 748 REDUCITUR
1904 708 1991 748 AD
2020 709 2490 750 DUBITATIONEM

979 765 1152 819 QUAE
1185 765 1300 807 EST
1330 766 1414 806 DE
1443 766 1878 809 AFFIRMATIVIS

326 883 399 916 Ὀτι
424 881 481 926 μὲν
509 878 564 913 οὑν
590 879 639 912 τά
662 877 794 923 μεταξὺ
813 875 873 908 οὑκ
895 871 1085 922 ἐνδέχεται.
1103 876 1225 921 ἄπειρα
1251 874 1349 918 εἶναι,
1370 877 1398 907 εἰ

398 923 452 959 ἐπὶ
478 926 519 958 τὸ
542 925 638 958 κάτω
663 924 722 955 καὶ
747 922 789 955 τὸ
821 922 888 953 ἄνω
911 921 1080 954 ’ίστανται
1107 923 1140 952 αἱ
1169 924 1395 968 κατηγορίαι,

396 967 512 1007 δῆλον.
535 970 632 1016 Λέγω
650 964 679 999 δ’
702 968 768 1000 ἄνω
787 966 845 1010 μέν
865 966 928 1003 τήν
951 964 1005 998 ἐπὶ
1027 966 1068 998 τὸ
1088 964 1235 997 καθόλου
1253 967 1395 1010 μᾶλλον,

396 1015 492 1048 κάτω
517 1010 554 1046 δὲ
580 1014 644 1051 τήν
671 1012 725 1045 ἐπὶ
752 1012 793 1044 τὸ
817 1011 913 1044 κατά
938 1010 1046 1056 μέρος.

328 1061 366 1092 Ei
390 1061 455 1107 γάρ
481 1061 543 1092 τοῦ
567 1061 592 1091 A
615 1057 913 1104 κατηγορουιιένου
943 1056 1040 1088 κατά
1068 1056 1131 1088 τοῦ
1152 1057 1174 1085 Ζ
1203 1055 1326 1099 ἄπειρα
1351 1055 1399 1087 τά

395 1103 550 1149 μεταξύ,
589 1101 635 1148 ἐφ’
669 1103 713 1134 ὢν
738 1104 784 1144 Β,
811 1086 915 1139 δῆλον
951 1099 1005 1132 ὅτι
1039 1096 1204 1145 ἐνδέχοιτ’
1241 1098 1278 1132 ἂν
1310 1099 1398 1132 ὥστε

394 1152 453 1181 καὶ
481 1148 549 1182 &red
575 1149 638 1181 τοῦ
659 1148 684 1178 Α
710 1145 762 1179 ἐπὶ
789 1148 830 1180 τὸ
855 1146 952 1180 κάτω
980 1144 1091 1190 ἕτερον
1115 1145 1229 1189 ἑτέρου
1247 1155 1400 1190 κατηγο-

395 1194 524 1239 ρεῖσθαι
544 1195 588 1232 εἱς
612 1193 747 1237 ἄπειρον
765 1192 852 1236 (πρὶν
869 1192 934 1237 γάρ
956 1188 1010 1222 ἐπὶ
1031 1190 1073 1222 τὸ
1088 1192 1111 1221 Ζ
1138 1187 1256 1230 ἐλθεῖν,
1274 1190 1397 1232 ἄπειρα

395 1239 444 1271 τά
468 1237 613 1283 μεταξύ)
631 1239 689 1268 καὶ
717 1237 786 1269 ἀπὸ
811 1237 873 1270 τοῦ
890 1239 913 1268 Ζ
939 1233 993 1267 ἐπὶ
1016 1235 1057 1267 τὸ
1077 1235 1143 1266 ἅνω
1168 1235 1302 1278 ἄπειρα,
1323 1236 1397 1275 πρὶν

396 1285 450 1316 ἐπὶ
474 1283 515 1316 τὸ
532 1286 557 1315 Α
582 1281 700 1315 ἐλθεῖν.
720 1280 815 1314 ‘'Qu-‘r’
838 1282 866 1317 εἰ
883 1282 1002 1314 ταῦτα
1026 1275 1199 1320 ἀδύνατα,
1217 1281 1274 1310 καὶ
1293 1279 1356 1311 τοῦ
1373 1279 1398 1309 A

394 1330 451 1360 καὶ
477 1330 499 1359 Ζ
527 1324 701 1361 ἀδύνατον
730 1326 854 1370 ἄπειρα
879 1323 964 1357 εἶναι
989 1322 1134 1367 μεταξύ.

327 1369 413 1406 Οὑδέ
428 1373 493 1419 γάρ
510 1375 539 1405 εἴ
563 1384 614 1410 τις
637 1371 732 1417 λέγοι
759 1370 812 1403 ὅτι
833 1371 882 1403 τοὶ
902 1369 961 1414 μέν
981 1369 1054 1401 ἐστι
1071 1369 1139 1400 τῶν
1158 1368 1183 1398 A
1198 1369 1222 1398 Β
1248 1365 1397 1412 ἐχόμενα

397 1417 552 1454 ἀλλήλων
577 1416 667 1449 ὥστε
693 1415 739 1460 μὴ
758 1413 844 1447 εἶναι
870 1413 1016 1459 μεταξύ,
1036 1412 1083 1444 τά
1105 1407 1136 1443 δ’
1162 1409 1220 1444 οὑκ
1246 1412 1320 1443 ἔστι
1336 1413 1399 1443 λα-

395 1464 478 1504 βεῖν,
499 1457 594 1495 οὐδέν
620 1457 781 1505 διαφέρει.
801 1461 842 1490 “Ὸ
866 1459 930 1505 γάρ
958 1457 996 1491 ἂν
1022 1458 1116 1498 λάβω
1143 1458 1210 1489 τῶν
1232 1458 1268 1495 Β,
1297 1456 1396 1488 ἔσται

396 1507 475 1551 πρὸς
501 1507 542 1540 τὸ
561 1508 585 1538 A
613 1505 633 1542 ἦ
660 1506 740 1549 πρὸς
765 1505 807 1536 τὸ
824 1506 846 1535 Ζ
872 1502 892 1540 ἦ
919 1504 1043 1546 ἄπειρα
1060 1502 1108 1535 τά
1139 1501 1271 1546 μεταξύ
1296 1499 1317 1537 ἦ
1345 1500 1393 1532 οὕ.

389 1550 459 1583 'An’
490 1552 527 1583 οὑ
552 1546 594 1586 δή
622 1551 753 1594 πρῶτον
775 1549 913 1593 ἄπειρα,
933 1547 992 1580 εἴτ’
1015 1545 1109 1585 εὑθὺς
1128 1549 1197 1579 εἴτε
1219 1545 1266 1588 μη
1285 1542 1394 1586 εὑθὺς,

396 1566 491 1629 οὐδέν
517 1591 679 1639 διαφέρει·
711 1595 759 1626 τά
783 1593 847 1640 γάρ
873 1593 964 1638 μετά
987 1593 1108 1625 ταῦτα
1139 1589 1263 1635 ἄπειρά
1289 1588 1393 1623 ἐστιν.

326 1673 473 1716 Φανερόν
491 1667 528 1703 δὲ
551 1673 608 1702 καὶ
635 1669 690 1702 ἐπὶ
709 1672 772 1708 τῆς
790 1671 992 1713 στερητικῆς
1013 1663 1215 1709 ἀποδείξεως
1239 1667 1293 1700 ὅτι
1310 1665 1395 1703 στή-

393 1728 512 1757 σεται,
540 1718 630 1759 εἴπερ
657 1713 711 1747 ἐπὶ
738 1716 801 1752 τῆς
825 1714 1057 1760 κατηγορικῆς
1078 1713 1226 1745 ἵσταται
1253 1710 1303 1744 ἐπ’
1334 1710 1397 1756 ἀμ-

393 1762 532 1806 φότερα.
553 1760 667 1792 1Ἐστω
689 1760 753 1805 γάρ
777 1759 823 1804 μή
843 1755 1060 1804 ἐνδεχόμενον
1080 1757 1169 1802 μήτε
1192 1755 1246 1789 ἐπὶ
1264 1757 1306 1790 τό
1327 1756 1393 1788 ἄνω

395 1807 463 1840 ἀπὸ
489 1806 551 1837 τοῦ
578 1804 730 1837 ὑστάτου
756 1806 800 1843 εὶς
828 1806 906 1838 ἄπει
930 1817 962 1837 ον
989 1804 1076 1836 ἰε’ναι
1103 1801 1204 1848 (λέγω
1230 1798 1259 1832 δ’
1289 1800 1394 1833 ὑστα-

393 1865 451 1886 τον
485 1851 500 1883 ὃ
534 1847 621 1881 αὐτὸ
653 1849 710 1893 μὲν
745 1850 833 1892 ἄλλῳ
864 1816 980 1894 μηδενὶ
1011 1846 1178 1892 ὑπάρχει,
1216 1845 1327 1886 ἐκείνῳ
1356 1841 1394 1877 δέ

395 1899 491 1935 ἄλλο,
511 1895 579 1926 οἷον
598 1894 639 1927 τὸ
656 1896 691 1937 Ζ)
714 1895 803 1938 μήτε
828 1893 896 1927 ἀπὸ
921 1896 984 1928 τοῦ
1003 1891 1137 1938 πρώτου
1156 1890 1211 1923 ἐπὶ
1230 1891 1271 1923 τὸ
1289 1890 1393 1923 ὕστα-

393 1954 451 1976 τον
479 1939 580 1984 (λέγω
605 1935 642 1970 δέ
668 1941 802 1983 πρῶτον
830 1941 845 1971 ὃ
871 1940 959 1972 αὑτὸ
985 1939 1044 1982 μὲν
1069 1934 1146 1968 κατ’
1171 1936 1289 1976 ἄλλου,
1311 1933 1390 1968 κατ’

394 1986 519 2020 ἐκείνου
546 1979 583 2015 δὲ
608 1979 711 2028 μηδὲν
740 1985 851 2028 ἄλλο)·
879 1985 907 2016 εὶ
932 1980 975 2021 δή
1002 1979 1103 2016 ταῦτ’
1133 1978 1227 2021 ἐστί,
1253 1982 1310 2012 καὶ
1338 1978 1392 2012 ἐπὶ

393 2032 455 2068 τῆς
483 2027 683 2073 ἀποφάσεως
708 2029 891 2066 στήσεται.

325 2078 450 2123 Τριχῶς
474 2074 539 2120 γάρ
565 2071 738 2106 δείκνυται
763 2074 809 2118 μή
836 2072 1000 2118 ὑπάρχον.
1019 2072 1066 2103 ’“Η
1091 2070 1156 2114 γάρ
1175 2070 1199 2111 ᾧ
1217 2069 1276 2114 μέν
1297 2070 1337 2102 τό
1355 2071 1390 2111 Γ,

393 2121 434 2154 τὸ
454 2121 478 2150 Β
504 2118 649 2164 ὑπάρχει
675 2121 794 2159 παντί,
823 2118 845 2159 ᾤ
871 2114 908 2150 δὲ
934 2118 974 2150 τὸ
990 2119 1032 2158 Β,
1061 2114 1169 2150 οὐδενὶ
1195 2115 1235 2147 τὸ
1253 2115 1290 2146 A.
1326 2116 1393 2146 Τοῦ

392 2166 450 2211 μὲν
477 2166 586 2196 τοίνυν
612 2165 636 2193 Β
654 2164 696 2203 Γ,
727 2165 785 2195 καὶ
813 2162 863 2196 ἀεὶ
890 2164 951 2195 τοῦ
986 2161 1101 2205 ἑτέρου
1135 2155 1390 2204 διαστήματος,

394 2209 526 2254 ἀνάγκη
554 2203 701 2250 βαδίζειν
727 2209 771 2246 εὶς
800 2209 925 2251 ἄμεσα·
951 2204 1178 2253 κατηγορικὸν
1195 2203 1259 2250 γάρ
1286 2205 1392 2238 τοῦτο

391 2256 432 2288 τὸ
457 2251 646 2296 διάστημα.
675 2253 720 2283 Τὸ
746 2249 776 2284 δ’
806 2252 918 2296 ἕτερον
950 2247 1053 2288 δῆλον
1089 2251 1142 2284 ὅτι
1168 2249 1311 2295 εἱ-ἆλλῳ
1330 2248 1394 2296 οὐχ

392 2298 538 2343 ὑπάρχει
568 2296 737 2342 προτέρῳ,
770 2298 837 2329 οἷον
865 2298 913 2338 τῷ
937 2299 980 2335 Δ,
1014 2297 1121 2329 τοῦτο
1156 2289 1271 2330 δεήσει
1297 2295 1345 2335 τῷ
1368 2296 1393 2327 Β

393 2347 497 2376 παντὶ
524 2342 700 2387 ὑπάρχειν.
729 2343 793 2373 Καὶ
820 2343 847 2373 εὶ
873 2342 974 2374 πάλιν
1004 2341 1092 2383 ἄλλῳ
1115 2339 1176 2373 τοῦ
1194 2340 1218 2368 Δ
1242 2338 1393 2384 προτέρῳ

420 2387 427 2397 ,
825 2385 828 2388 ⁴

393 2401 456 2433 ουχ
487 2387 652 2432 ὑπάρχει,
685 2385 791 2418 ἐκεῖνο
822 2387 936 2423 δεήσει
963 2387 1010 2427 τῷ
1029 2387 1052 2416 Δ
1077 2386 1182 2419 παντὶ
1214 2383 1401 2429 ὑπάρχειν..

385 2431 479 2464 Ὣστ“
509 2430 581 2463 ἐπεὶ
600 2433 620 2468 ἡ
639 2432 694 2464 ἐπὶ
711 2431 752 2464 τὸ
769 2430 865 2463 κάτω
887 2431 1036 2463 ἵσταται
1054 2426 1142 2470 ὁδός,
1162 2430 1219 2460 καὶ
1238 2430 1258 2466 ἡ
1277 2428 1333 2463 ἐπὶ
1350 2430 1392 2463 τὸ

395 2478 461 2509 ἄνω
486 2475 670 2517 στήσεται,
687 2478 744 2507 καὶ
772 2477 871 2508 ἔσται
889 2487 922 2507 τι
941 2476 1088 2520 πρῶτον,
1108 2474 1132 2516 ᾧ
1152 2470 1214 2517 οὑχ
1232 2473 1389 2520 ὑπάρχει,

324 2522 426 2556 Πάλιν
454 2522 481 2552 εἰ
507 2521 547 2553 τὸ
573 2521 631 2564 μὲν
649 2523 673 2552 Β
699 2522 806 2553 παντὶ
831 2521 878 2561 τῷ
896 2521 940 2560 A,
973 2521 1020 2560 τῷ
1046 2515 1083 2551 δὲ
1101 2521 1121 2550 Γ
1148 2516 1284 2563 μηδενί,
1312 2520 1352 2552 τὸ
1369 2522 1394 2551 A

393 2567 440 2607 τῷ
465 2567 485 2596 Γ
512 2560 620 2597 οὐδενὶ
652 2564 808 2609 ὑπάρχει.
843 2563 946 2596 Πάλιν
978 2565 1084 2597 τοῦτο
1122 2565 1149 2596 εἱ
1179 2560 1230 2596 δεῖ
1261 2559 1390 2605 δεῖξαι,

393 2608 496 2647 δῆλον
524 2609 576 2642 ὅτι
594 2608 615 2646 ἦ
637 2605 696 2641 διά
721 2610 782 2642 τοῦ
810 2609 876 2641 ἄνω
896 2607 1023 2652 τρόπου
1046 2604 1268 2653 ’δειχθήσεται
1293 2606 1315 2644 ’ὃ
1335 2603 1395 2641 διαὶ

393 2654 519 2688 τούτου
539 2653 559 2690 ἦ
586 2655 648 2687 τοῦ
673 2656 802 2696 τρίτου.
827 2655 863 2684 '0
888 2653 946 2695 μὲν
975 2651 1030 2686 οὑν
1057 2654 1188 2696 πρῶτος
1211 2653 1393 2704 εἴρηται,ςὸ

392 2695 430 2731 δὲ
454 2699 610 2743 δεύτερος
634 2694 868 2753 δειχθήσεται.
895 2697 992 2730 Οὕτω
1017 2692 1047 2728 δ’
1077 2696 1115 2730 ἂν
1136 2693 1299 2737 δεικνυοι,
1324 2698 1392 2729 οἷον

394 2743 448 2776 ὅτι
473 2744 514 2776 τό
533 2745 556 2773 Δ
581 2744 629 2784 τῷ
654 2755 712 2787 μεν
730 2744 754 2774 Β
780 2744 885 2774 παντὶ
913 2742 1071 2787 ὑπάρχει,
1095 2743 1142 2783 τῷ
1167 2738 1203 2775 δὲ
1222 2743 1242 2772 Γ
1268 2737 1391 2783 οὐδενί,

392 2789 421 2820 αἱ
448 2786 578 2834 ἀνάγκη
613 2787 775 2833 ὑπάρχειν
806 2799 839 2819 τι
870 2787 918 2827 τῷ
936 2788 972 2819 Β.
1006 2788 1072 2818 Καὶ
1097 2786 1199 2818 πάλιν
1226 2786 1254 2817 εἱ
1285 2787 1393 2820 τοῦτο

393 2834 440 2874 τῷ
460 2835 480 2863 Γ
506 2834 552 2877 μή
579 2832 733 2876 ὑπάρξει,
762 2831 846 2864 ἄλλο
871 2833 920 2873 τῷ
942 2832 965 2861 Δ
990 2831 1149 2875 ὑπάρχει,
1177 2832 1193 2863 ὃ
1218 2831 1265 2871 τῷ
1284 2834 1305 2863 Γ
1333 2829 1394 2876 οὑχ

394 2876 550 2922 ὑπάρχει.
577 2875 703 2909 Οὑκοῧν
730 2877 802 2909 ἐπεὶ
829 2875 869 2908 τὸ
895 2875 1058 2921 ὑπάρχειν
1087 2876 1137 2909 ἀεὶ
1163 2877 1210 2918 τῷ
1238 2875 1393 2920 ἀνωτέρω

388 2922 550 2963 ἵσταται,
577 2921 747 2958 στήσεται
771 2922 828 2952 καὶΙ
855 2921 896 2952 *td
921 2920 968 2964 μή
995 2920 1171 2966 ὑπάρχειν.

322 2970 359 3000 Ὀ
382 2962 420 2998 δὲ
445 2968 558 3010 τρίτος
584 2966 709 3010 τρόπος
735 2963 789 3002 ἦν·
817 2965 843 2996 εἰ
863 2964 981 3009 τὸμὲν
1001 2966 1025 2997 A
1050 2967 1097 3007 τῷ
1115 2967 1139 2996 Β
1165 2967 1270 2997 παντὶ
1290 2964 1394 3009 ὑπάρ-

393 3023 465 3057 χει,
491 3010 532 3042 vd
557 3006 595 3042 δὲ
613 3013 633 3041 Γ
659 3010 707 3053 μή
745 3008 907 3054 ὑπάρχει,
935 3010 973 3041 οὑ
1000 3012 1106 3042 παντὶ
1132 3009 1278 3054 ὑπάρχει
1303 3009 1345 3041 τὸ
1372 3010 1393 3039 Γ

393 3057 416 3097 ᾧ
443 3055 483 3088 τὸ
510 3058 544 3086 A.
572 3055 678 3087 Πάλιν
703 3050 741 3086 δὲ
766 3054 873 3086 τοῦτο
899 3053 920 3090 ἢ
945 3049 1004 3086 διαὶ
1030 3056 1095 3088 τῶν
1123 3055 1189 3087 ἄνω
1215 3053 1392 3097 εἰρημένων

393 3099 414 3136 ἦ
434 3101 553 3144 ὁμοίως
578 3095 811 3145 δειχθήσεται.
834 3099 986 3136 Ἐκείνως
1009 3099 1068 3142 μέν
1093 3093 1138 3136 δή
1169 3098 1336 3139 ἵσταται,
1366 3099 1393 3130 εἰ

393 3139 420 3176 δ’
445 3143 552 3185 οὕτω,
576 3144 678 3177 πάλιν
695 3143 844 3187 λη’ψεται
862 3142 902 3175 τὸ
923 3144 947 3174 Β
966 3144 1012 3185 τῷ
1033 3145 1055 3174 Ε
1077 3142 1253 3188 ὑπάρχειν,
1274 3143 1296 3185 ᾦ
1314 3142 1354 3175 τὸ
1372 3144 1393 3173 Γ

419 3189 439 3226 ἠ
466 3190 572 3221 παντὶ
598 3188 754 3234 ὑπάρχει.
786 3189 852 3219 Καὶ
879 3188 984 3220 τοῦτο
1011 3188 1113 3220 πάλιν
1140 3189 1272 3232 ὁμοίως.
1295 3187 1392 3219 Ἐπεὶ

393 3201 421 3266 δ’
451 3232 632 3266 ὑπόκειται
653 3232 821 3266 ἵστασθαι
845 3233 904 3264 καὶ
930 3233 985 3264 ἐπὶ
1011 3233 1051 3265 τὸ
1076 3232 1187 3274 κάτω,
1209 3227 1313 3270 δῆλον
1340 3230 1393 3264 ὅτι

394 3277 564 3314 στήσεται
587 3280 645 3310 καὶ
670 3278 711 3310 τὸ
732 3279 753 3308 Γ
780 3277 843 3322 οὑχ
869 3277 1033 3322 ὑπάοχον.

326 3323 474 3366 Φανερόν
499 3317 527 3354 δ’
554 3321 606 3355 ὅτι
622 3325 680 3355 καὶ
698 3320 756 3355 ὲοὶν
774 3323 820 3365 μή
839 3322 901 3366 μιᾷ
918 3323 934 3354 ὀ
960 3323 983 3364 ᾧ
1005 3316 1203 3359 δεικνὺηται
1222 3319 1312 3353 ἀλλά
1329 3320 1393 3353 πά-

394 3379 481 3407 σαις,
509 3367 567 3399 6τὲ
593 3367 651 3411 μὲν
678 3364 714 3399 ὲκ
739 3368 802 3399 τοῦ
828 3366 962 3409 πρώτου
987 3365 1182 3411 σχήματος,
1211 3365 1270 3398 ὁτὲ
1294 3359 1331 3397 δὲ
1357 3365 1393 3397 ἐκ

394 3413 456 3444 τοῦ
481 3406 638 3454 δευτέρου
656 3410 677 3448 ἥ
698 3413 828 3454 τρίτου,
857 3410 909 3444 ὅτι
933 3413 990 3444 καὶ
1017 3410 1106 3444 οὕτω
1127 3409 1310 3447 στήσεται·
1337 3422 1395 3442 πε-

395 3455 603 3500 περασμέναι
627 3455 692 3501 γάρ
718 3456 798 3487 εἰσιν
825 3458 858 3488 αἱ
886 3451 979 3497 ὁδοί,
1015 3455 1063 3488 τά
1086 3450 1124 3487 δὲ
1150 3453 1393 3498 πεπερασμένα

395 3500 685 3544 πεπερασμενάκις
711 3499 840 3546 ἀνάγκη
860 3499 1071 3544 πεπεράνθαι
1089 3499 1220 3532 πάντα.
1241 3498 1316 3531 ’Ότι
1334 3499 1393 3542 μὲν

396 3542 451 3575 οὑν
477 3542 530 3576 ἐπὶ
557 3545 619 3582 τῆς
644 3544 844 3586 στερήσεως,
864 3547 954 3589 εἴπερ
971 3546 1029 3576 καὶ
1056 3542 1111 3576 ἐπὶ
1133 3544 1195 3577 τοῦ
1214 3543 1391 3588 ὑπάρχειν,

391 3586 553 3628 ἵσταται,
579 3583 695 3624 δῆλον.

1453 878 1469 897 *
1486 878 1584 916 Quod
1608 879 1738 919 quidem
1762 879 1857 919 igitur
1884 889 1950 909 non
1970 880 2124 920 contingit
2140 881 2245 911 media
2260 881 2381 912 infinita
2405 893 2483 921 esse,
2501 883 2526 914 si

1520 923 1552 952 in
1569 934 1696 954 sursum
1716 931 1746 954 et
1762 924 1912 954 deorsum
1931 931 2013 964 stent
2035 925 2297 965 praedicamenta,
2322 926 2526 958 manifestum

1521 975 1576 998 est.
1608 968 1687 998 Dico
1719 975 1826 999 autern
1856 978 1983 998 sursum
2006 969 2137 1009 quidem
2168 970 2258 1010 quod
2287 970 2320 999 in
2350 970 2526 1002 universale

1520 1012 1619 1052 magis
1639 1019 1695 1050 est,
1716 1013 1866 1043 deorsum
1885 1020 1992 1043 autem
2011 1014 2100 1054 quod
2119 1013 2152 1043 in
2171 1014 2364 1053 particulare.

1454 1056 1486 1087 Si
1502 1056 1588 1086 enirn
1611 1059 1640 1087 A
1663 1057 1861 1097 praedicante
1878 1058 1917 1087 de
1937 1057 1963 1088 C
1983 1057 2105 1088 infinita
2129 1066 2202 1089 sunt
2221 1058 2335 1097 media,
2359 1059 2392 1089 in
2408 1059 2525 1100 quibus

1521 1108 1567 1131 est
1589 1101 1632 1139 B,
1658 1101 1862 1132 manifestum
1887 1108 1932 1132 est
1956 1103 2046 1142 quod
2070 1102 2223 1142 contingit
2246 1102 2356 1142 utique
2381 1110 2416 1134 ut
2438 1104 2477 1134 ab
2497 1107 2525 1134 A

1519 1144 1553 1175 in
1573 1145 1723 1176 deorsum
1739 1146 1873 1176 alterum
1892 1146 1931 1176 de
1947 1147 2044 1177 altero
2061 1146 2232 1187 praedicari
2253 1147 2406 1188 contingit
2428 1148 2461 1178 in
2476 1148 2524 1178 in-

1519 1189 1645 1220 finitum
1670 1189 1860 1232 (antequam
1883 1190 1969 1220 enim
1991 1190 2023 1220 in
2041 1190 2068 1221 C
2084 1191 2198 1229 veniat,
2221 1190 2343 1222 infinita
2362 1199 2436 1223 sunt
2458 1203 2524 1223 me-

1520 1233 1601 1277 dia),
1620 1242 1650 1265 et
1673 1245 1690 1265 a
1710 1235 1736 1266 C
1754 1235 1786 1265 in
1806 1245 1933 1265 sursum
1949 1234 2080 1273 infinita,
2105 1242 2276 1276 antequam
2300 1235 2333 1266 in
2357 1239 2385 1267 A
2409 1236 2522 1267 veniat.

1520 1279 1626 1316 Quare
1650 1279 1676 1309 si
1697 1279 1774 1309 haec
1797 1279 2004 1319 impossibilia
2027 1285 2111 1318 sunt,
2136 1286 2167 1310 et
2185 1279 2284 1319 ipsius
2307 1282 2337 1310 A
2360 1287 2391 1311 et
2414 1280 2441 1312 C
2463 1281 2523 1311 im-

1521 1323 1671 1363 possibile
1695 1331 1742 1354 est
1763 1323 1885 1354 infinita
1909 1334 1975 1354 esse
1999 1323 2112 1354 media.

1453 1367 1565 1407 Neque
1589 1368 1674 1398 enim
1691 1367 1716 1398 si
1732 1368 1845 1408 aliquis
1869 1368 1961 1406 dicat,
1981 1368 2071 1408 quod
2094 1368 2171 1398 haec
2190 1367 2332 1408 quidem,
2350 1378 2432 1409 quae
2448 1375 2524 1399 sunt

1520 1414 1549 1442 A
1571 1412 1597 1442 B
1621 1412 1664 1450 C,
1688 1412 1794 1443 habita
1817 1419 1891 1443 sunt
1911 1413 1951 1442 ad
1966 1412 2112 1450 invicem,
2131 1419 2166 1442 ut
2181 1419 2212 1442 et
2230 1421 2297 1442 non
2321 1412 2384 1443 sint
2406 1412 2521 1452 media,

1519 1455 1572 1486 illa
1595 1466 1669 1486 vero
1694 1466 1761 1486 non
1784 1466 1851 1486 esse
1874 1456 2030 1496 accipere,
2057 1456 2135 1486 nihil
2159 1455 2269 1486 differt.
2295 1457 2523 1498 Quodcunque

1519 1500 1604 1530 enim
1622 1500 1731 1541 utique
1748 1500 1868 1540 accipio
1885 1510 1998 1530 eorum
2014 1510 2095 1540 quae
2112 1507 2186 1530 sunt
2195 1500 2232 1539 B,
2246 1508 2338 1531 erunt
2354 1501 2394 1531 ad
2409 1504 2449 1539 A,
2467 1508 2522 1532 aut

1518 1545 1559 1574 ad
1583 1544 1625 1582 C,
1651 1551 1705 1575 aut
1720 1543 1842 1575 infinita
1865 1545 1969 1575 media
1988 1552 2043 1575 aut
2067 1554 2144 1574 non.
2161 1547 2191 1574 A
2207 1554 2273 1584 quo
2290 1545 2354 1575 iam
2370 1552 2444 1576 sunt
2459 1545 2521 1586 pri-

1517 1598 1610 1618 mum
1633 1588 1766 1627 infinita,
1790 1589 1854 1619 sive
1878 1589 1994 1627 statim,
2019 1588 2083 1619 sive
2107 1598 2174 1619 non
2197 1589 2313 1628 statim,
2334 1589 2376 1621 nil
2402 1589 2519 1621 differt:

1517 1643 1600 1673 quae
1619 1633 1705 1663 enim
1724 1640 1798 1664 sunt
1816 1639 1890 1673 post
1907 1633 1996 1671 haec,
2014 1632 2136 1663 infinita
2154 1639 2238 1663 sunt.

1449 1676 1466 1695 *
1477 1677 1683 1708 Manifestum
1697 1684 1743 1708 est
1765 1685 1873 1708 autem
1892 1685 1922 1708 et
1940 1677 1973 1707 in
1991 1677 2143 1717 privativa
2158 1677 2427 1708 demonstratione
2440 1687 2522 1718 quo·
2547 1689 2559 1700 ·

1517 1722 1603 1752 niam
1628 1729 1741 1760 statur,
1769 1721 1794 1752 si
1818 1722 1949 1763 quidem
1973 1721 2006 1751 in
2031 1722 2239 1762 praedicativa
2255 1728 2354 1752 statur
2371 1722 2403 1752 in
2430 1721 2522 1753 utris-

1516 1776 1590 1807 que.
1610 1767 1656 1797 Sit
1670 1767 1708 1796 ab
1726 1766 1840 1797 ultimo
1864 1767 1951 1797 enim
1974 1776 2041 1796 non
2067 1766 2253 1806 contingens
2276 1776 2380 1807 neque
2398 1766 2432 1796 in
2455 1776 2522 1797 sur-

1516 1821 1589 1841 sum
1612 1812 1651 1841 ab
1675 1821 1725 1850 eo,
1743 1811 1775 1841 in
1791 1821 1858 1851 quo
1876 1818 1984 1850 statur,
2005 1811 2038 1841 in
2055 1810 2216 1841 infinitum
2237 1811 2281 1841 ire
2305 1809 2391 1854 (dico
2411 1817 2520 1842 autem

1515 1855 1548 1885 in
1573 1865 1640 1896 quo
1664 1863 1774 1894 statur,
1798 1856 1888 1896 quod
1910 1855 2019 1895 ipsum
2043 1855 2174 1896 quidem
2197 1855 2230 1885 in
2254 1855 2317 1886 alio
2341 1855 2432 1886 nullo
2456 1862 2520 1894 est,

1515 1900 1571 1930 sed
1593 1900 1627 1930 in
1649 1900 1705 1931 illo
1729 1900 1833 1939 aliud,
1858 1906 1894 1931 ut
1915 1898 1971 1942 Z);
1996 1910 2100 1940 neque
2123 1910 2142 1930 a
2164 1900 2269 1941 primo
2297 1900 2330 1930 in
2353 1900 2404 1938 id,
2433 1900 2523 1941 quod

1515 1951 1562 1974 est
1584 1944 1617 1975 in
1641 1944 1792 1975 ultimum
1817 1943 1909 1987 (dico
1933 1951 2040 1975 autem
2055 1944 2208 1985 primum,
2225 1944 2315 1985 quod
2330 1944 2438 1985 ipsum
2454 1944 2523 1985 qui-

1515 1989 1589 2019 dem
1610 1989 1649 2019 de
1674 1989 1748 2027 alio,
1769 1989 1823 2019 sed
1847 1989 1885 2019 de
1908 1988 1964 2019 illo
1988 1989 2115 2020 nullum
2143 1987 2260 2032 aliud);
2291 1989 2318 2019 si
2342 1988 2436 2029 igitur
2459 1989 2523 2020 hoc

1515 2033 1582 2071 erit,
1603 2040 1633 2064 et
1651 2033 1684 2063 in
1703 2033 1870 2074 negatione
1890 2033 2030 2064 stabitur.

1447 2078 1627 2118 Tripliciter
1650 2078 1736 2108 enim
1759 2079 1994 2108 demonstratur
2017 2088 2083 2108 non
2107 2087 2184 2108 esse.
2215 2079 2282 2108 Aut
2303 2077 2338 2108 in
2360 2087 2427 2118 quo
2450 2076 2522 2118 qui-

1516 2123 1590 2153 dem
1614 2129 1660 2153 est
1683 2123 1722 2161 C,
1738 2123 1764 2153 B
1780 2123 1862 2154 inest
1885 2123 1986 2161 omni,
2011 2123 2066 2153 sed
2084 2122 2116 2152 in
2136 2132 2203 2163 quo
2222 2122 2259 2161 B,
2277 2121 2357 2152 nulli
2375 2122 2457 2152 inest
2479 2124 2520 2153 A.

1516 2167 1618 2208 Ipsius
1646 2167 1778 2208 quidem
1801 2167 1896 2208 igitur
1922 2167 1949 2198 C
1977 2167 2019 2206 B,
2046 2174 2076 2198 et
2096 2177 2221 2207 semper
2252 2167 2380 2198 alterius
2411 2166 2521 2207 spatii,

1514 2222 1640 2243 necesse
1664 2219 1709 2243 est
1738 2212 1782 2242 ire
1811 2213 1844 2243 in
1867 2211 2068 2242 immediata:
2101 2211 2309 2252 praedicativa
2336 2210 2423 2242 enim
2444 2211 2522 2242 haec

1495 2288 1497 2290 ,
1515 2263 1562 2288 est
1585 2256 1740 2288 distantia.
1770 2257 1831 2287 Sed
1855 2257 1989 2287 alterum
2013 2257 2218 2287 manifestum
2241 2263 2302 2294 est,
2326 2256 2416 2296 quod
2439 2256 2465 2286 si
2488 2256 2522 2287 in

1515 2301 1580 2332 alio
1604 2311 1671 2332 non
1690 2308 1737 2332 est
1755 2301 1863 2342 priori,
1889 2308 1924 2332 ut
1947 2301 1980 2331 in
2003 2301 2050 2340 D,
2068 2301 2131 2332 hoc
2154 2301 2306 2342 indigebit
2328 2300 2362 2330 in
2385 2301 2476 2331 omni
2494 2301 2520 2332 B

1515 2356 1592 2377 esse.
1618 2346 1659 2377 Et
1682 2345 1707 2376 si
1731 2345 1846 2376 iterum
1869 2346 1901 2376 in
1923 2346 1986 2376 alio
2010 2346 2082 2386 ipso
2106 2346 2135 2377 D
2154 2345 2259 2386 priore
2275 2355 2341 2376 non
2361 2344 2464 2385 fuerit,
2483 2345 2521 2376 il-

1514 2389 1572 2422 lud
1586 2389 1738 2430 indigebit
1757 2391 1790 2420 in
1807 2390 1895 2421 omni
1912 2390 1941 2421 D
1959 2401 2035 2421 esse.
2061 2391 2178 2429 Quare,
2195 2390 2350 2432 quoniam
2370 2390 2522 2421 deorsum

1515 2441 1624 2474 statur,
1649 2442 1679 2466 et
1693 2445 1776 2475 quae
1800 2435 1893 2478 estin
1910 2445 2038 2466 sursum
2061 2436 2204 2475 stabitur,
2228 2442 2259 2466 et
2281 2435 2338 2466 erit
2356 2434 2522 2476 quoddam

1515 2479 1718 2520 principium,
1737 2479 1770 2510 in
1789 2490 1856 2520 quo
1876 2490 1942 2510 non
1962 2479 2028 2510 erit.

1448 2523 1566 2554 Iterum
1583 2523 1608 2554 si
1630 2524 1656 2556 B
1680 2524 1811 2566 quidem
1827 2524 1860 2554 in
1877 2524 1967 2555 omni
1990 2527 2030 2563 A,
2054 2524 2087 2554 in
2107 2524 2133 2556 C
2153 2530 2261 2555 autem
2277 2523 2379 2562 nullo,
2394 2525 2424 2553 A
2439 2524 2473 2555 in
2492 2524 2520 2556 C

1513 2569 1604 2600 nullo
1628 2568 1694 2599 erit.
1721 2569 1848 2606 Iterum,
1874 2569 1899 2599 si
1919 2569 1994 2599 haec
2019 2575 2145 2609 oportet
2168 2569 2395 2606 demonstrare,
2419 2568 2520 2599 mani-

1515 2613 1632 2644 festum
1655 2619 1702 2643 est
1731 2613 1887 2653 quoniam
1910 2621 1966 2644 aut
1995 2623 2051 2653 per
2076 2612 2274 2652 superiorem
2302 2612 2439 2643 modum
2464 2613 2519 2644 de-

1514 2657 1760 2695 monstrabitur,
1784 2664 1839 2687 aut
1861 2667 1918 2697 per
1940 2657 2044 2696 hunc,
2069 2665 2124 2688 aut
2146 2667 2203 2697 per
2225 2656 2363 2688 tertium.
2395 2657 2520 2688 Primus

1514 2700 1646 2742 quidem
1669 2701 1763 2741 igitur
1786 2701 1887 2732 dictus
1911 2708 1976 2739 est;
2007 2702 2165 2732 secundus
2188 2708 2295 2732 autem
2325 2701 2520 2732 demonstra-

1515 2745 1608 2777 bitur.
1633 2745 1682 2776 Sic
1697 2752 1804 2776 autem
1821 2746 1931 2786 utique
1948 2746 2192 2785 demonstratur,
2213 2753 2250 2777 ut
2271 2746 2300 2777 D
2324 2746 2358 2777 in
2380 2747 2406 2777 B
2430 2746 2520 2777 omni

1516 2797 1572 2828 est,
1589 2789 1620 2820 in
1639 2789 1665 2820 C
1682 2796 1790 2820 autem
1810 2790 1911 2828 nullo,
1937 2789 1963 2820 si
1983 2800 2108 2821 necesse
2129 2798 2175 2822 est
2190 2790 2310 2831 aliquid
2336 2801 2403 2822 esse
2425 2790 2459 2822 in
2481 2790 2518 2822 B.

1516 2834 1644 2872 Iterum,
1662 2834 1687 2864 si
1704 2834 1766 2865 hoc
1781 2834 1814 2864 in
1838 2834 1865 2866 C
1890 2844 1956 2864 non
1972 2835 2040 2875 erit,
2059 2835 2146 2866 aliud
2160 2845 2236 2866 vero
2252 2835 2284 2866 in
2303 2836 2332 2866 D
2357 2842 2413 2875 est,
2430 2835 2520 2876 quod

1515 2878 1549 2908 in
1572 2878 1599 2910 C
1623 2888 1690 2909 non
1713 2885 1769 2909 est.
1799 2878 1896 2919 Igitur
1919 2879 2074 2920 quoniam
2097 2889 2164 2910 esse
2188 2889 2312 2920 semper
2335 2880 2368 2910 in
2392 2889 2520 2911 sursum

1515 2929 1585 2960 stat,
1606 2923 1698 2954 stabit
1716 2930 1747 2954 et
1765 2933 1831 2953 non
1851 2933 1928 2954 esse.

1448 2967 1575 2998 Tertius
1595 2974 1702 2998 autem
1721 2974 1782 2998 est:
1807 2967 1833 2997 si
1858 2970 1886 2998 A
1909 2967 1943 2998 in
1965 2967 1990 2998 B
2015 2967 2104 2998 omni
2128 2968 2212 3006 insit,
2237 2968 2264 3000 C
2287 2968 2413 2999 veroin
2429 2967 2519 2999 nullo

1515 3011 1564 3050 sit,
1581 3022 1647 3042 non
1666 3011 1698 3042 in
1716 3011 1804 3042 omni
1821 3011 1860 3043 sit
1879 3011 1917 3050 C,
1934 3012 1966 3042 in
1985 3022 2052 3053 quo
2069 3019 2115 3043 est
2133 3014 2171 3043 A.
2194 3013 2311 3044 Iterum
2335 3019 2442 3044 autem
2457 3012 2521 3044 hoc

1516 3063 1571 3087 aut
1585 3066 1641 3096 per
1657 3056 1801 3096 superius
1818 3056 1909 3095 dicta,
1930 3063 1984 3087 aut
2000 3056 2142 3088 similiter
2158 3057 2435 3088 demonstrabitur.
2460 3056 2519 3088 Illo

1515 3108 1622 3132 autem
1645 3101 1745 3131 modo
1769 3107 1882 3139 statur;
1907 3101 1933 3131 si
1948 3111 2023 3131 vero
2043 3101 2086 3132 sic
2103 3108 2159 3139 est,
2177 3101 2291 3132 iterum
2307 3100 2476 3141 accipietur
2493 3101 2520 3132 B

1514 3145 1548 3176 in
1571 3145 1598 3175 E
1622 3155 1706 3183 esse,
1730 3144 1763 3175 in
1786 3155 1852 3186 quo
1878 3145 1905 3176 C
1929 3155 1996 3176 non
2018 3145 2051 3176 in
2075 3145 2163 3176 omni
2189 3146 2226 3177 E.
2255 3146 2297 3177 Et
2319 3145 2382 3176 hoc
2405 3145 2521 3176 iterum

1515 3189 1665 3220 similiter.
1698 3189 1862 3226 Quoniam
1891 3197 1998 3221 autem
2029 3200 2216 3221 concessum
2251 3197 2297 3221 est
2315 3197 2404 3220 'stare
2434 3189 2520 3220 etin

1515 3234 1681 3273 deorsum,
1705 3233 1909 3265 manifestum
1942 3241 1988 3265 est
2016 3235 2104 3276 quod
2128 3234 2220 3266 stabit
2251 3241 2281 3265 et
2308 3234 2342 3264 in
2370 3233 2397 3265 C
2430 3233 2520 3275 quod

1514 3288 1581 3309 non
1605 3284 1660 3309 est.

1447 3322 1652 3354 Manifestum
1670 3329 1778 3353 autem
1793 3329 1840 3353 est
1863 3322 2029 3363 quoniam,
2049 3329 2080 3354 et
2102 3323 2129 3353 si
2152 3332 2219 3354 non
2238 3332 2302 3354 una
2316 3321 2366 3352 via
2386 3321 2519 3352 demon-

1514 3373 1662 3398 straretur
1685 3367 1739 3397 sed
1763 3366 1924 3406 omnibus,
1949 3367 2121 3408 aliquando
2145 3366 2276 3408 quidem
2299 3376 2336 3397 ex
2359 3365 2460 3406 prima
2482 3363 2518 3395 fi-

1514 3421 1610 3452 gura,
1635 3406 1807 3452 aliquando
1832 3421 1906 3442 vero
1930 3421 1967 3442 ex
1990 3411 2127 3442 secunda
2150 3418 2206 3442 aut
2227 3411 2336 3448 tertia,
2364 3408 2518 3450 quoniam

1515 3462 1546 3486 et
1578 3455 1620 3486 sie
1644 3455 1792 3486 stabitur:
1824 3454 1930 3486 finitae
1960 3455 2046 3486 enim
2076 3462 2150 3486 sunt
2176 3455 2264 3493 viae;
2294 3453 2382 3485 finita
2411 3459 2518 3484 autem

1513 3498 1600 3530 finite
1623 3499 1785 3530 multoties
1809 3507 1936 3540 sumpta
1960 3509 2085 3531 necesse
2105 3506 2151 3530 est
2170 3498 2252 3530 finiri
2276 3497 2394 3529 omnia.
2419 3497 2518 3534 Quod

1514 3543 1646 3584 quidem
1664 3543 1759 3584 igitur
1774 3543 1806 3574 in
1823 3543 2009 3583 privatione,
2029 3543 2055 3574 si
2069 3543 2199 3584 quidem
2216 3549 2246 3573 et
2261 3542 2294 3572 in
2310 3551 2387 3580 esse,
2407 3547 2517 3579 statur,

1514 3587 1719 3618 manifestum
1742 3594 1798 3618 est.

2553 890 2565 901 ⁴*
2580 890 2637 918 Cap.
2647 897 2686 912 xx.

2554 916 2609 944 Seq.
2624 920 2681 939 text.
2696 923 2733 946 34.

2574 1689 2632 1717 Cap.
2646 1695 2692 1712 ιω.

2549 1716 2605 1744 seq.
2614 1719 2671 1738 text.
2686 1722 2721 1744 34.
