2548 4192
519 273 979 311 DISSERTATIONES
1009 274 1258 311 CRITICAE
1287 275 1343 311 IN
1374 274 1412 311 S.
1433 274 1675 312 THOMAM
1703 275 2026 322 AQUINATEM

175 357 240 397 pite
262 366 346 395 xxiv,
364 356 442 386 haec
460 355 569 386 habet:
597 367 612 381 οι
633 353 787 394 Officium
807 354 847 384 de
868 353 1012 394 Corpore
1033 353 1153 384 Christi
1177 353 1250 384 fecit

177 414 191 428 »
214 412 251 432 ex
279 400 431 431 mandato
460 399 635 431 Urbani...
660 398 733 428 Hoc
761 405 869 428 autem
885 397 974 428 'fecit
996 398 1185 438 completum
1219 405 1250 429 et

177 459 192 473 ι
214 452 373 487 quantum
401 445 440 475 ad
468 444 620 475 lectiones
643 449 674 473 et
701 449 860 483 quantum
887 443 927 473 ad
956 448 1056 473 totum
1085 442 1249 482 Officium,

177 502 191 517 ι
213 497 280 521 tam
303 490 457 520 diurnum
489 498 588 529 quam
612 492 826 524 nocturnum,
859 497 957 528 quam
981 487 1077 518 etiam
1100 488 1143 517 ad
1170 489 1249 518 Mis-

177 547 192 562 »
214 544 284 565 sam
308 541 339 564 et
357 533 516 574 quidquid
539 532 593 563 illa
616 531 667 562 die
686 538 838 562 cantatur.
864 532 899 562 In
925 542 989 572 qua
1006 532 1156 563 Historia
1177 531 1250 572 (re-

177 590 191 606 ,
213 579 383 619 sponsoria
407 579 650 609 Nocturnorum
681 577 868 617 intelligunt
894 576 1056 607 Rubricae
1086 576 1249 619 nostrae),

177 635 191 649 »
214 623 240 653 si
264 622 458 653 attendimus
481 623 521 652 ad
543 622 639 652 verba
662 620 842 659 scribentis,
871 621 962 662 quasi
990 631 1099 651 omnes
1111 621 1252 662 figurae

177 679 191 694 »
215 668 331 699 veteris
354 667 549 699 Testamenti
570 666 604 696 in
627 665 689 696 hoc
709 664 825 696 Officio
848 665 995 696 videntur
1018 666 1184 704 contineri,
1203 666 1251 697 lu-

177 724 192 739 »
215 712 343 743 culento
363 719 394 743 et
412 711 543 753 proprio
563 711 646 752 stylo
669 710 833 760 adaptatae
856 710 896 740 ad
912 710 1126 741 Eucharistiae
1145 710 1251 741 Sacra-

178 769 192 784 »
215 763 405 787 mentum.»
432 757 492 787 Par
515 763 562 787 est
584 754 806 786 testimonium
830 755 993 786 Guillelmi
1017 755 1056 786 de
1080 756 1190 786 Tocco
1218 755 1250 786 in

174 801 248 832 Vita
267 801 368 842 capite
386 811 431 839 xv,
451 810 587 831 numero
612 800 666 830 18:
694 813 709 827 ι
726 799 856 840 Scripsit
877 799 1030 851 Officium
1050 800 1091 831 de
1109 800 1253 841 Corpore

177 858 191 872 ι
217 845 348 883 Christi,
375 846 414 876 de
433 846 585 876 mandato
604 845 708 885 Papae
728 844 862 875 Urbani:
886 844 919 875 in
939 855 1005 885 quo
1025 855 1149 883 omnes,
1169 855 1252 886 quae

177 903 192 918 2
215 890 254 920 de
277 890 340 921 hoc
360 890 565 922 Sacramento
585 896 670 928 sunt,
690 894 813 920 veteres
825 889 964 931 figuras
982 890 1128 929 exposuit
1152 897 1182 920 et
1199 899 1252 920 ve-

178 948 192 963 »
215 934 333 972 nunes,
357 945 440 976 quae
464 935 504 966 de
527 944 610 965 nova
633 939 711 965 sunt
727 935 851 974 gratia,
869 934 1062 974 compilavit.
1082 947 1096 961 ›
1124 934 1253 965 Tertius

176 979 262 1011 testis
291 980 410 1011 accedit
438 979 616 1010 Bernardus
647 978 822 1010 Guidonis:
855 979 968 1009 «Item
995 978 1166 1009 mandante
1193 978 1252 1008 sibi

179 1036 194 1051 ›
217 1023 360 1055 Domino
384 1025 515 1056 Urbano
538 1024 635 1064 Papa,
659 1024 791 1054 dictavit
815 1029 846 1054 et
869 1023 1025 1053 ordinavit
1048 1028 1148 1053 totum
1173 1022 1252 1053 Offi-

179 1081 194 1095 »
218 1069 305 1100 cium
329 1068 578 1104 ecclesiasticum
600 1068 641 1098 de
665 1067 810 1108 Corpore
835 1067 975 1104 Christi,
1009 1074 1075 1097 tam
1098 1067 1252 1097 diurnum

180 1126 194 1140 »
217 1123 316 1155 quam
331 1118 543 1144 nocturnum:
561 1122 659 1153 quam
679 1111 775 1142 etiam
794 1109 975 1154 (Officium)
991 1112 1151 1142 Missae.»
1172 1111 1254 1141 Rem

177 1158 305 1189 tradunt
327 1158 474 1188 eamdem
497 1156 734 1187 Valleoletanus
758 1163 789 1187 et
812 1162 938 1186 sanctus
961 1155 1154 1186 Antoninus.

242 1202 341 1242 Apud
365 1202 519 1232 loannem
542 1201 580 1231 de
604 1200 778 1238 Columna,
806 1200 1025 1241 synchronum
1048 1200 1252 1239 scriptorem,

176 1247 210 1278 in
235 1246 344 1278 codice
370 1257 430 1277 ms.
455 1246 503 1276 De
526 1245 601 1275 viris
628 1245 818 1282 illustribus,
849 1245 926 1275 haec
954 1244 1125 1274 habentur:
1161 1243 1253 1274 Com-

170 1291 283 1333 posuit
304 1296 412 1322 autem
441 1296 473 1321 et
495 1291 547 1321 hic
565 1289 657 1330 felix
679 1295 710 1321 et
731 1294 866 1321 sanctus
886 1289 1011 1319 Doctor
1037 1287 1190 1329 Officium
1213 1289 1255 1319 de

179 1335 339 1376 Comata
341 1335 477 1373 Christi,
501 1345 565 1376 quo
587 1335 734 1365 devotius
752 1335 784 1364 in
804 1333 950 1364 Ecclesia
969 1333 1033 1364 Dei
1051 1343 1114 1364 non
1134 1333 1254 1364 dicitur

178 1389 238 1412 nee
259 1385 422 1412 cantatur.
447 1380 483 1410 ln
506 1378 733 1411 Dissertatione
756 1378 906 1416 secunda,
926 1388 1015 1408 num.
1038 1388 1047 1408 1
1076 1388 1135 1419 pro
1155 1378 1253 1408 animi

177 1424 326 1463 candore,
345 1434 429 1466 opus
449 1424 559 1455 loanni
577 1424 616 1454 de
631 1423 793 1455 Columna
812 1423 1041 1463 interpolatum
1060 1430 1096 1453 ut
1117 1422 1252 1474 agnovi,

177 1469 221 1502 ita
243 1469 375 1500 lectores
399 1469 495 1500 etiam
514 1468 698 1499 admonitos
720 1468 826 1506 volui;
850 1468 1012 1508 vitamque
1032 1467 1134 1498 adhuc
1154 1467 1253 1508 egisse

177 1513 438 1555 interpolatorem
461 1523 547 1544 anno
577 1514 658 1544 1332
688 1513 885 1544 inconcussis
904 1512 1098 1552 argumentis
1117 1512 1252 1543 ostendi.

177 1558 214 1590 ld
236 1559 340 1590 habeo
359 1566 477 1595 tamen,
501 1558 592 1599 quod
610 1567 722 1589 causae
746 1565 871 1588 nostrae
894 1556 1031 1587 maxime
1051 1556 1144 1593 favet,
1164 1557 1253 1587 Tho·

177 1609 250 1635 me
272 1603 424 1645 Aquinati
447 1602 612 1641 Officium,
636 1603 726 1645 quod
749 1612 786 1633 ea
809 1609 908 1633 aetate
928 1601 1175 1642 persolvebatur,
1200 1601 1254 1633 tri-

177 1648 294 1680 butum
313 1648 419 1679 fuisse.
439 1649 522 1679 Rem
541 1646 709 1678 confirmat
730 1646 980 1678 luculentissime
999 1645 1140 1676 Historia
1155 1653 1254 1677 trans-

177 1693 305 1724 lationis
329 1693 470 1733 corporis
492 1691 641 1723 Doctoris
663 1691 818 1732 Angelici‚
849 1701 932 1732 quae
955 1691 996 1721 ad
1018 1700 1140 1721 annum
1171 1691 1253 1722 1368

178 1737 314 1779 pertinet
328 1738 400 1768 sub
429 1738 560 1769 Urbano
590 1737 619 1767 V
649 1736 736 1777 apud
762 1735 909 1767 Bollandi
938 1734 1186 1766 Continuatores
1215 1736 1254 1766 ad

179 1782 266 1814 diem
288 1793 308 1824 7
332 1782 436 1814 martii
460 1781 561 1823 capite
583 1790 633 1820 m,
658 1791 747 1811 num.
778 1787 827 1811 12.
855 1794 870 1808 ι
887 1779 1036 1819 Magister
1056 1779 1252 1811 Generalis...

181 1840 196 1855 ι
218 1834 293 1870 post
315 1837 461 1868 vesperas
480 1826 623 1857 eiusdem
650 1825 719 1856 festi
744 1824 899 1866 Corporis
921 1823 1039 1855 Christi
1068 1825 1161 1855 Pont
1151 1824 1253 1866 ficem

180 1883 198 1899 ›
222 1871 389 1903 Urbanum
418 1871 448 1901 V
470 1870 562 1901 adiit:
592 1876 732 1910 tuncque
760 1868 909 1909 Magister
940 1868 1046 1909 coepit
1074 1879 1254 1909 proponere

181 1929 196 1945 ι
217 1916 321 1947 verbis
349 1922 386 1946 ut
413 1914 583 1956 sequitur..
594 1915 712 1956 ,quod
740 1920 867 1945 sanctus
890 1913 1035 1944 Thomas
1066 1913 1106 1944 de
1134 1914 1254 1945 Ordine

181 1974 197 1990 n
219 1967 348 1999 nostro,
371 1960 416 1992 ad
442 1959 631 1990 mandatum
659 1959 792 1990 Domini
818 1958 943 1989 Urbani
964 1958 1074 1998 Papae
1088 1958 1147 1996 IV,
1167 1959 1254 1990 ordi-

181 2017 199 2034 »
221 2007 310 2038 navit
335 2004 490 2046 Officium
518 2004 718 2035 hodiernum.
743 2003 784 2034 Et
813 2003 919 2034 statim
945 2003 986 2033 ad
1009 2003 1071 2034 hoc
1094 2003 1255 2034 Dominus

182 2063 198 2080 ι
219 2050 320 2092 Papa:
336 2050 413 2081 Hoc
427 2058 511 2091 nego
527 2048 593 2086 tibi,
604 2048 691 2080 doce.
700 2049 795 2079 Tunc
805 2047 953 2088 Magister
968 2047 1114 2088 allegavit
1127 2049 1254 2090 Legen-

183 2107 198 2124 »
221 2093 486 2138 dam(Guiue1mi
502 2093 540 2124 de
551 2091 676 2136 Tocco)
692 2098 724 2124 et
737 2101 936 2130 communem
952 2093 1116 2123 hominum
1133 2094 1254 2134 opinio—

181 2144 303 2171 »'nem.
328 2139 451 2170 Ibidem
474 2138 570 2169 etiam
593 2137 753 2168 Dominus
775 2137 894 2168 Comes
918 2137 1063 2167 Nolanus
1087 2145 1118 2168 et
1140 2148 1253 2168 omnes

180 2197 195 2212 ›
217 2184 350 2216 Domini
359 2182 555 2219 Cardinales,
564 2182 654 2223 quasi
670 2182 837 2214 clamando
851 2181 1073 2212 testimonium
1083 2182 1253 2213 dederunt:

179 2241 195 2257 a»
221 2229 317 2267 Quod
344 2228 450 2260 dictus
472 2237 498 2259 s.
519 2227 658 2258 Thomas
671 2226 756 2268 sesti
777 2226 931 2267 Corporis
952 2226 1072 2257 Christi
1098 2226 1252 2268 Officium

180 2284 195 2302 ει
218 2274 378 2305 veraciter
401 2277 432 2303 et
451 2272 655 2309 excellenter,
673 2271 833 2303 subtiliter
851 2276 882 2301 et
895 2271 1088 2302 mirabiliter
1103 2272 1251 2303 ordinas-

179 2330 195 2346 »
216 2323 274 2350 set.
298 2318 375 2349 Post
398 2317 461 2348 hoc
484 2316 646 2347 Dominus
665 2316 750 2356 Papa
773 2315 864 2346 dixit:
891 2315 987 2353 Quod
1005 2325 1116 2346 verum
1141 2322 1222 2347 erat.
1236 2329 1250 2344 x·

245 2363 298 2394 IV.
323 2361 477 2394 Officium
499 2361 585 2392 istud
607 2361 688 2392 inter
711 2360 877 2401 Opuscula
899 2370 990 2391 num.
1012 2361 1097 2391 LVII
1122 2368 1253 2401 prostat,

176 2407 368 2439 recensitum
387 2407 426 2437 ab
445 2405 619 2437 editoribus
638 2405 803 2436 Romanis.
824 2404 992 2445 Specimen
1017 2405 1085 2435 eius
1110 2405 1254 2436 exhibere

176 2458 328 2493 praestat,
359 2458 396 2482 ut
418 2460 500 2491 quae
523 2450 654 2480 inferius
678 2450 810 2480 dicenda
833 2456 908 2480 sunt
934 2449 1071 2490 quisque
1095 2449 1253 2488 facillime,

177 2496 256 2538 quin
290 2495 373 2527 edita
404 2495 587 2535 pervolvere
620 2501 752 2534 cogatur
783 2494 947 2534 exempla,
980 2493 1111 2534 adsequi
1142 2494 1253 2526 valeat.

181 2553 197 2569 α
217 2540 270 2571 Ad
285 2541 414 2581 primas
442 2539 568 2579 Vesper.
592 2539 668 2569 Ant.
693 2538 845 2570 Sacerdos
873 2538 906 2568 in
935 2544 1110 2569 aeternum.
1134 2539 1253 2570 Psalm.

181 2598 196 2614 2
218 2584 305 2616 Dixit
327 2583 497 2615 Dominus.
521 2584 596 2614 Ant.
627 2583 792 2615 Miserator
821 2589 852 2613 et
882 2582 1059 2613 misericors
1082 2583 1252 2614 Dominus.

134 2654 140 2665 ,
180 2642 196 2657 »
217 2629 304 2660 Psal.
329 2627 526 2660 Confitebor.
550 2628 627 2658 Ant.
653 2627 794 2659 Calicem
821 2626 973 2658 salutaris.
1003 2627 1089 2658 Psal.
1115 2627 1254 2659 Credidi.

181 2687 196 2703 υ
217 2674 293 2704 Ant.
314 2673 403 2704 Sicut
420 2672 564 2703 novellae
583 2672 750 2703 olivarum.
767 2672 854 2703 Psal.
873 2671 961 2702 Beati
981 2681 1104 2703 omnes.
1123 2673 1253 2713 Antiph.

180 2720 199 2747 ί
218 2717 285 2757 Qui
313 2727 426 2759 pacem
454 2717 555 2758 ponit.
584 2717 670 2748 Psal.
701 2716 812 2747 Lauda
840 2715 1020 2747 Ierusalem.
1055 2716 1253 2757 Capitulum,

181 2776 196 2792 »
217 2762 378 2794 Dominus
402 2762 489 2793 Iesus
511 2761 545 2792 in
567 2771 632 2802 qua
651 2768 754 2792 nocte.
774 2762 967 2802 Responsor.
991 2761 1103 2792 Homo
1122 2762 1254 2802 quidam

180 2820 196 2836 »
219 2806 293 2838 fecit
315 2816 450 2838 coenam
473 2816 632 2847 magnam.
657 2806 826 2847 Hymnus,
850 2806 956 2846 Pange
980 2805 1088 2846 lingua
1111 2806 1252 2846 gloriosi.

181 2865 196 2880 a
226 2851 379 2883 Versicul.
402 2851 523 2882 Panem
547 2850 585 2881 de
605 2851 702 2881 caelo.
727 2850 779 2881 Ad
796 2850 927 2890 Magnis.
946 2851 1076 2891 Antiph.
1101 2851 1131 2882 Ο
1155 2861 1253 2892 quam

182 2909 199 2924 ι
221 2896 326 2927 suavis
349 2894 411 2926 est!
434 2895 560 2933 Oratio,
584 2895 672 2926 Deus
695 2895 751 2936 qui
775 2895 868 2926 nobis
891 2895 950 2926 sub
970 2894 1184 2926 Sacramento.
1203 2897 1255 2927 Ad

182 2952 198 2967 ›
223 2940 416 2980 Completor.
452 2940 526 2970 Ant.
555 2939 713 2970 Miserere.
751 2940 838 2970 Psal.
869 2939 955 2970 Cum
982 2939 1164 2970 invocarem
1194 2948 1252 2972 etc.

184 2995 198 3011 »
220 2984 273 3015 Ad
286 2984 381 3015 Nunc
400 2983 542 3022 dimittis,
557 2985 633 3015 Ant.
650 2984 797 3014 Alleluia.
817 2984 911 3014 Panis
930 2994 1028 3025 quem
1045 2993 1104 3024 ego
1125 2985 1251 3016 dedero.

251 3041 266 3056 ι
292 3027 345 3058 Ad
372 3028 492 3059 Matut.
524 3028 621 3059 Inuit.
655 3028 819 3059 Christum
849 3029 980 3068 Regem.
1011 3029 1097 3060 Psal.
1128 3030 1252 3061 Venite.

184 3085 198 3100 »
221 3072 390 3113 Hymnus,
409 3072 509 3103 Sacris
525 3072 698 3103 solemniis.
714 3073 755 3103 In
772 3083 789 3103 I
803 3073 896 3103 Noct.
908 3074 982 3104 Ant.
1000 3073 1154 3104 Fructum
1169 3074 1252 3105 salu-

185 3130 199 3145 »
222 3116 362 3148 tiferum.
378 3116 464 3147 Psal.
481 3116 597 3147 Beatus
621 3116 677 3147 vir.
693 3117 768 3148 Ant.
793 3119 823 3148 A
850 3116 955 3148 fructu
979 3117 1140 3148 frumenti.
1164 3119 1251 3150 Psal.

184 3174 198 3188 ι·
223 3160 310 3192 Cum
328 3160 520 3191 invocarem.
543 3161 619 3191 Ant.
640 3159 881 3199 Communione
905 3161 1030 3192 Calicis.
1053 3162 1140 3193 Psal.
1166 3162 1252 3194 Con-

185 3219 200 3233 »
223 3215 321 3236 serva.
340 3210 370 3236 v.
389 3205 510 3235 Panem
530 3204 616 3236 caeli.
636 3205 745 3236 Lectio
762 3216 785 3244 1,
805 3206 963 3236 Immensa
980 3206 1103 3237 divinae
1127 3207 1250 3247 largita-

184 3263 199 3277 »
222 3250 262 3280 tis
280 3248 442 3280 beneficia.
461 3249 556 3289 Resp.
577 3249 760 3280 Immolabit
777 3250 930 3281 hoedum.
954 3251 1062 3281 Lectio
1081 3261 1116 3289 n,
1136 3252 1180 3282 Ut
1198 3262 1252 3282 au-

184 3307 199 3321 »
222 3302 288 3325 tem
312 3294 390 3325 tanti
415 3292 569 3324 beneficii.
593 3293 688 3334 Resp.
722 3293 906 3324 Comedetis
934 3305 1051 3325 carnes.
1074 3295 1184 3326 Lectio
1207 3307 1252 3334 m,

185 3352 200 3367 ι
222 3339 433 3370 Manducatur
451 3337 558 3378 itaque
583 3347 602 3367 a
626 3336 782 3369 fidelibus.
811 3338 906 3378 Resp.
929 3339 1078 3378 Respexit
1097 3339 1191 3370 Elias.
1212 3340 1252 3370 In

186 3397 202 3411 x
226 3396 241 3410 ι
263 3392 282 3413 2
301 3383 394 3414 Noct.
411 3383 486 3413 Ant.
506 3382 633 3412 Memor
647 3381 687 3412 sit
701 3382 872 3413 Dominus.
887 3383 973 3413 Psal.
993 3383 1158 3413 Exaudiat.
1175 3385 1251 3414 Ant.

185 3440 201 3456 v
222 3427 353 3458 Paratur
369 3427 461 3457 nobis
477 3435 596 3457 mensa.
613 3426 700 3456 Psal.
728 3426 888 3456 Dominus
910 3426 997 3466 regit.
1016 3427 1091 3457 Ant.
1117 3427 1152 3456 In
1174 3437 1253 3458 voce

187 3485 202 3500 »
225 3471 435 3503 exultationis.
446 3471 531 3502 Psal.
543 3470 839 3508 Quemadmodum.
849 3476 879 3501 ν.
888 3470 1012 3501 Cibavit
1022 3471 1201 3502 eos.Lectio
1210 3482 1253 3510 tv,

187 3530 202 3544 ι»
224 3516 419 3547 Suavitatem
434 3515 570 3556 denique
583 3514 680 3544 huius
695 3514 896 3545 Sacramenti.
913 3515 1007 3554 Resp.
1031 3514 1136 3553 Panis,
1156 3525 1253 3555 quern

158 3569 165 3573 ‘
186 3573 201 3588 ν
225 3570 285 3601 ego
308 3561 402 3591 dabo.
431 3561 540 3590 Lectio
567 3569 598 3597 v,
630 3558 790 3589 Convenit
817 3559 922 3600 itaque
955 3558 1128 3598 devotioni.
1158 3559 1252 3599 Resp.

187 3618 202 3633 ιι
225 3604 443 3636 Coenantibus
466 3604 527 3634 illis
550 3603 678 3643 accepit.
702 3603 812 3634 Lectio
834 3614 876 3641 v1,
900 3603 944 3634 Ut
966 3604 1074 3633 autem
1097 3603 1254 3643 praedicta

187 3662 202 3676 ›
225 3649 336 3690 quinta
355 3649 440 3680 feria.
460 3649 554 3689 Resp.
575 3647 706 3688 Accepit
722 3648 807 3678 lesus
827 3657 952 3688 panem.
968 3647 1008 3677 In
1029 3648 1044 3677 3
1062 3648 1155 3678 Noct.
1177 3649 1252 3678 Ant.

329 3711 398 3744 Opp.
418 3711 448 3735 D.
463 3710 578 3736 ”raonis
598 3710 629 3735 T.
650 3711 667 3735 1.

2250 289 2379 315 CCXLIX

1308 354 1488 385 »introibo
1517 355 1558 385 ad
1585 355 1692 386 Altare
1720 355 1790 386 Dei.
1807 355 1893 386 Psal.
1912 355 2019 386 ludica
2041 365 2092 385 me
2111 356 2208 387 Deus.
2232 358 2307 388 Ant.
2325 357 2377 389 Ci-

1308 411 1322 426 »
1345 399 1430 429 bavit
1445 409 1504 430 nos
1520 399 1691 430 Dominus.
1707 400 1793 430 Psal.
1805 399 1950 430 Exultate
1964 400 2045 430 Deo.
2055 401 2130 431 Ant.
2145 400 2194 431 Ex
2207 401 2294 432 altari
2308 409 2376 433 tuo.

1308 456 1322 470 »
1345 444 1430 474 Psal.
1462 444 1570 481 Quam
1593 444 1716 475 dilecta.
1738 449 1768 475 v.
1792 444 1917 475 Educas
1941 454 2066 484 panem.
2095 445 2204 475 Lectio
2233 456 2293 485 vn,
2324 447 2378 477 Se-

1308 500 1323 515 »
1346 488 1489 518 cundum
1520 489 1606 519 Ioan.
1638 488 1722 520 Caro
1753 499 1824 519 mea
1854 498 1928 519 vere
1959 495 2006 520 est
2028 489 2126 520 cibus.
2150 489 2274 521 Homil.
2297 491 2379 521 beati

1309 544 1323 559 »
1345 532 1517 572 Augustini
1535 533 1697 574 Episcopi.
1718 533 1805 565 Cum
1827 533 1913 564 enim
1934 533 2005 564 cibo
2029 541 2060 564 et
2082 540 2173 574 potu.
2199 534 2294 575 Resp.
2315 535 2379 572 Qui

1309 589 1323 604 »
1347 577 1518 608 manducat
1536 588 1642 608 meam
1665 588 1803 609 carnem.
1822 578 1931 609 Lectio
1949 588 2016 616 vm,
2031 578 2178 619 Denique
2195 578 2261 609 iam
2285 589 2380 620 expo-

1309 633 1324 648 »
1346 621 1402 652 nit.
1426 622 1521 662 Resp.
1546 622 1632 653 Misit
1658 633 1711 653 me
1733 622 1843 653 vivens
1866 623 1966 654 Pater.
1996 623 2105 654 Lectio
2127 633 2179 662 xx,
2212 623 2301 654 Sicut
2327 633 2380 654 me

1309 677 1323 692 ι
1346 665 1441 696 misit.
1473 666 1567 707 Resp.
1600 667 1692 698 Unus
1723 667 1814 707 panis
1844 674 1874 698 et
1902 677 2006 698 unum
2029 677 2155 708 corpus.

1376 722 1391 737 ²
1413 710 1465 741 Ad
1483 711 1622 748 Laudes,
1643 713 1718 742 Ant.
1729 711 1890 752 Sapientia
1908 711 2091 742 aedificavit.
2110 712 2196 743 Psal.
2216 712 2378 743 Dominus

1310 767 1324 783 a
1347 755 1488 795 regnavit
1506 762 1563 786 etc.
1581 757 1655 787 Ant.
1675 756 1875 796 Angelorum
1890 766 1969 787 esca.
1989 757 2064 787 Ant.
2080 756 2216 796 Pinguis*
2227 763 2282 788 est.
2302 757 2378 788 Ant.

1310 812 1325 827 »
1348 799 1530 830 Sacerdotes
1561 799 1630 830 Dei.
1654 801 1730 831 Ant.
1759 800 1905 831 Vincenti
1929 801 2023 831 dabo.
2055 800 2195 841 Capitul.
2219 801 2379 832 Dominus

1310 856 1325 872 ›
1348 844 1630 884 1esus.Hrmnus,
1650 845 1793 875 Verbum
1812 854 2002 895 supernum.
2017 851 2046 876 v.
2068 845 2180 877 Posuit
2197 845 2276 876 fines
2294 852 2378 877 tuos.

1310 901 1324 915 »
1347 888 1399 918 Ad
1420 888 1540 918 Bened.
1571 889 1647 919 Ant.
1676 889 1747 928 Ego
1776 899 1850 919 sum
1871 889 1962 929 panis
1985 890 2086 920 vivus.
2109 891 2161 921 Ad
2182 891 2325 921 Primam
2350 896 2380 922 et

1311 945 1325 960 ι
1348 932 1392 962 ad
1423 941 1533 963 omnes
1555 933 1670 963 Horas
1698 934 1893 973 antiphonae
1915 934 2076 971 Laudum,
2094 940 2211 975 quarta
2236 940 2379 975 excepta.

1311 989 1325 1003 ι
1347 976 1442 1016 Resp.
1463 976 1532 1007 Iesu
1549 976 1685 1007 Christe.
1710 982 1738 1007 v.
1760 977 1825 1014 Qui
1845 984 1947 1008 natus.
1970 979 2022 1009 Ad
2050 979 2134 1010 Tert.
2156 979 2295 1019 Capitul.
2311 979 2380 1010 Do-

1311 1033 1325 1047 »
1349 1020 1456 1050 minus
1481 1021 1577 1052 Iesus.
1595 1021 1690 1061 Resp.
1711 1021 1831 1051 Panem
1847 1022 1933 1052 caeli.
1953 1023 2004 1053 Ad
2022 1023 2110 1054 Sext.
2130 1023 2268 1064 Capitul.
2289 1024 2380 1061 Quo-

1312 1077 1326 1092 »
1349 1064 1547 1105 tiescumque
1576 1065 1818 1096 manducabitis
1846 1066 1941 1106 Resp.
1963 1066 2088 1098 Cibavit
2111 1077 2175 1098 eos·
2208 1068 2260 1099 Ad
2292 1069 2379 1100 Non.

1311 1121 1326 1136 ι
1351 1108 1492 1148 Capitul.
1513 1109 1719 1150 Quicumque
1738 1110 1983 1141 manducaverit.
2000 1111 2095 1151 Resp.
2115 1112 2239 1142 Educas
2253 1122 2380 1152 panem.

1312 1165 1326 1180 »
1348 1153 1400 1183 Ad
1422 1153 1461 1183 II
1488 1153 1613 1193 Vesper.
1641 1154 1836 1194 antiphonae
1863 1155 2023 1186 Laudum.
2053 1156 2139 1186 Psal.
2166 1157 2295 1196 capitul.
2319 1158 2380 1198 hy—

1311 1209 1326 1224 »
1349 1206 1454 1234 mnus,
1472 1207 1554 1228 vers.
1572 1199 1656 1229 sicut
1671 1199 1703 1229 in
1721 1198 1743 1228 I
1762 1199 1886 1238 Vesper.
1898 1199 1949 1230 Ad
1967 1199 2097 1240 Magnis.
2116 1202 2191 1231 Ant.
2209 1201 2238 1232 O
2256 1211 2381 1232 sacrum

1312 1254 1326 1268 ιι
1349 1241 1544 1273 convivium.
1571 1241 1706 1280 Oratio,
1735 1250 1772 1273 ut
1797 1243 1830 1273 in
1853 1243 1963 1283 primis
1982 1244 2111 1284 Vesper.
2131 1245 2195 1275 Per
2225 1244 2379 1277 Octavam

1311 1299 1326 1314 a
1348 1285 1479 1317 Invitat.
1515 1286 1680 1318 Christum
1708 1296 1824 1327 panem
1848 1288 2057 1328 Angelorum.
2088 1289 2140 1320 Ad
2163 1289 2279 1320 Bened.
2303 1291 2379 1321 Ant.

1311 1343 1325 1357 ›
1347 1330 1418 1370 Ego
1434 1341 1506 1361 sum
1526 1331 1616 1371 panis
1639 1331 1740 1362 vivus.
1765 1332 1818 1362 Ad
1836 1332 1966 1372 Magnis.
1983 1334 2058 1364 Ant.
2084 1333 2272 1364 Memoriam
2296 1334 2378 1366 fecit.

1311 1387 1324 1402 x
1349 1374 1480 1406 Caetera
1499 1382 1535 1406 ut
1552 1375 1585 1406 in
1601 1375 1660 1407 die.
1678 1377 1782 1407 Missa
1801 1383 1837 1407 ut
1852 1376 1884 1407 in
1901 1376 2092 1416 missalibus,
2107 1378 2221 1408 additis
2240 1378 2284 1409 ad
2299 1379 2380 1409 San-

1311 1432 1326 1447 »
1348 1425 1418 1451 ctus
1441 1420 1634 1461 quibusdam
1657 1420 1964 1461 interpolationibus.
1983 1434 1998 1448 »

1374 1464 1567 1496 Mutationes
1586 1465 1708 1506 aliquas
1726 1465 1839 1503 refero,
1859 1476 1938 1506 quas
1957 1473 2067 1506 postea
2085 1466 2160 1497 Pius
2179 1467 2208 1498 V
2227 1466 2380 1498 Summus

1307 1508 1453 1540 Pontifex
1472 1509 1597 1540 invexit.
1621 1509 1761 1550 Capitul.
1785 1511 1829 1541 ad
1846 1510 1869 1541 I
1881 1516 1912 1541 et
1929 1510 1971 1541 II
1992 1511 2116 1551 Vesper.
2138 1517 2168 1542 et
2181 1511 2224 1542 ad
2239 1511 2379 1549 Laudes,

1309 1553 1431 1584 Fratres
1455 1564 1514 1594 ego
1539 1554 1624 1584 enim
1649 1554 1754 1595 accepi
1778 1565 1796 1585 a
1818 1555 1981 1592 Domino,
2005 1556 2124 1596 absque
2147 1565 2290 1596 respons.
2319 1566 2378 1596 pro

1309 1607 1398 1628 more
1417 1598 1574 1629 Ecclesiae
1594 1600 1769 1630 Romanae.
1788 1599 1875 1630 Lect.
1899 1610 1921 1638 1,
1945 1610 1978 1638 n,
1994 1610 2029 1631 111
2047 1610 2086 1631 ex
2108 1599 2278 1640 Epistolal
2300 1600 2382 1631 beati

1308 1642 1399 1673 Pauli
1418 1643 1568 1683 Apostoli
1582 1644 1622 1674 ad
1633 1643 1779 1675 Corinth.
1791 1644 1891 1684 capite
1906 1654 1947 1675 xx.
1964 1645 2215 1685 Responsorium
2230 1650 2382 1686 quartum

1309 1687 1408 1718 sancti
1424 1687 1571 1718 Thomae
1591 1694 1738 1719 amotum
1756 1688 1964 1730 additumque
1984 1689 2022 1720 de
2037 1699 2123 1720 novo
2145 1694 2287 1727 sextum,
2312 1690 2382 1730 Ego

1309 1741 1383 1762 sum
1396 1731 1488 1772 panis
1501 1732 1592 1763 vitae.
1608 1733 1672 1763 Per
1688 1732 1843 1764 Octavam
1858 1733 2009 1764 lectiones
2024 1744 2083 1774 pro
2098 1733 2197 1764 tribus
2211 1734 2383 1765 Nocturnis

1309 1775 1395 1806 iuxta
1417 1776 1582 1807 Romanae
1605 1777 1763 1808 Ecclesiae
1786 1777 1894 1808 ritum.
1915 1778 1996 1809 Sunt
2019 1778 2115 1809 etiam
2134 1778 2249 1809 eodem
2270 1778 2304 1808 in
2323 1778 2382 1810 Of-

1309 1819 1394 1858 ficio,
1418 1820 1491 1851 ritui
1515 1820 1647 1852 fratrum
1670 1822 1926 1853 Praedicatorum
1945 1823 2200 1862 accommodato,
2219 1822 2383 1854 varietates

1310 1864 1444 1905 aliquae.
1476 1866 1529 1896 Ad
1558 1866 1580 1896 I
1614 1866 1739 1907 Vesper.
1769 1877 1835 1897 una
1866 1873 1934 1898 ant.
1962 1867 2114 1898 Sacerdos
2144 1867 2177 1898 in
2207 1874 2382 1898 aeternum.

1310 1919 1382 1940 cum
1405 1911 1546 1951 quinque
1565 1911 1652 1951 psal.
1673 1911 1824 1942 Laudate.
1852 1911 1925 1942 Una
1948 1913 2043 1943 etiam
2065 1913 2186 1952 antiph.
2207 1912 2250 1942 ad
2268 1911 2310 1942 II
2327 1912 2382 1942 Ve-

1309 1964 1394 1994 sper.
1419 1954 1591 1995 Sapientia,
1615 1965 1688 1986 cum
1707 1956 1793 1996 psal.
1814 1956 1902 1996 apud
1921 1957 2072 1987 Thomam
2087 1956 2279 1997 adsignatis,
2298 1956 2384 1987 Dixit

1310 1998 1470 2030 Dominus
1495 2006 1553 2031 etc.
1577 2000 1641 2030 Per
1667 1999 1821 2031 Octavam
1847 2007 1908 2031 tres
1932 2007 2057 2032 tantum
2079 2001 2240 2032 lectiones.

1696 2115 1906 2153 CAPUT
1945 2117 1997 2153 Il.

1310 2211 1466 2237 Godefridus
1485 2213 1665 2238 Henschenius
1686 2220 1710 2238 et
1724 2213 1813 2238 Daniel
1833 2213 2024 2246 Papebrochius
2044 2212 2182 2237 censebant
2207 2212 2231 2237 id
2252 2220 2331 2237 unum
2351 2212 2382 2237 ab

1381 2247 1509 2280 Aquinate
1529 2248 1687 2281 praestitum,
1706 2254 1735 2273 ut
1753 2248 1823 2282 prius
1843 2248 1986 2274 Leodiense
2006 2247 2126 2273 Officium
2147 2248 2281 2272 meliorem
2300 2247 2325 2272 in
2340 2256 2382 2272 or-

1382 2283 1468 2308 dinem
1489 2284 1617 2315 redigeret
1636 2283 1847 2317 reformaretque,
1867 2284 1954 2317 paucis
1973 2283 2073 2314 additis9
2088 2283 2155 2308 iuxta
2170 2291 2271 2308 morem
2287 2283 2382 2308 Roma-

1381 2326 1430 2343 nae
1454 2319 1554 2344 Curiae.
1580 2319 1708 2344 Vindicias
1734 2319 1786 2352 agit
1810 2320 1982 2344 validissimas
2007 2319 2103 2344 Natalis
2126 2319 2288 2344 Alexander:
2315 2326 2382 2352 quae

1382 2354 1485 2379 uberius
1505 2353 1696 2380 confirmantur.

1310 2452 1333 2483 1.
1448 2451 1580 2490 fficium,
1603 2452 1694 2493 quod
1716 2458 1826 2483 sancto
1850 2451 1997 2482 Thomae
2020 2451 2202 2482 adiudicant
2228 2451 2382 2492 probatis-

1448 2496 1520 2527 simi
1535 2503 1640 2535 testes,
1665 2497 1705 2527 ad
1721 2506 1852 2527 examen
1874 2502 1991 2527 vocant
2010 2495 2203 2527 Godefn’dus
2218 2495 2379 2527 Hensche-

1309 2541 1382 2572 nius
1399 2547 1430 2572 et
1445 2541 1559 2572 Daniel
1573 2541 1810 2581 Papebrochius
1823 2540 1856 2571 in
1871 2541 2057 2582 Appendice
2073 2541 2113 2571 ad
2128 2540 2214 2571 diem
2231 2541 2246 2571 5
2265 2540 2381 2581 aprilis.

1310 2586 1346 2616 ln
1360 2596 1431 2616 eam
1445 2585 1549 2616 abiere
1567 2585 1755 2616 sententiam
1773 2595 1863 2616 num.
1881 2593 1916 2626 9:
1943 2599 1959 2614 ι
1971 2585 2092 2616 Divum
2105 2585 2279 2623 Thomam,
2294 2585 2382 2626 quod

1311 2642 1326 2657 ›
1348 2630 1435 2661 iuxta
1451 2630 1609 2661 Ecclesiae
1622 2630 1807 2662 Leodiensis
1822 2630 1920 2661 ritum
1939 2636 2163 2670 composuerat
2180 2629 2324 2668 Ioannes,
2335 2639 2381 2659 re-

1312 2687 1327 2702 »
1350 2674 1537 2706 formavisse
1551 2674 1704 2706 Officium
1719 2675 1896 2705 secundum
1910 2684 2036 2705 morem
2048 2675 2215 2705 Romanae
2226 2674 2379 2704 Curiae...

1312 2732 1328 2747 »
1349 2719 1480 2750 mutatis
1496 2719 1705 2760 detractisque
1727 2719 1776 2758 iis,
1793 2729 1875 2760 quae
1890 2719 2043 2750 mutanda
2062 2718 2315 2758 detrahendaque
2331 2727 2382 2748 oc-

1311 2776 1326 2791 »
1350 2764 1532 2795 currebant:
1553 2770 1584 2794 et
1599 2763 1707 2795 addito
1723 2763 1849 2804 insigni,
1866 2763 1922 2804 qui
1937 2763 2179 2801 desiderabatur,
2196 2763 2239 2793 ad
2254 2762 2382 2793 Laudes

1312 2821 1327 2836 w
1350 2807 1485 2850 hymno,
1501 2808 1611 2839 Sacris
1624 2809 1797 2839 solemniis.
1808 2821 1822 2835 1>
1842 2808 1926 2839 Hinc
1940 2818 2044 2849 neque
2063 2817 2187 2838 novum
2201 2806 2261 2837 dici
2278 2806 2380 2845 debet,

1309 2853 1399 2894 quod
1414 2853 1563 2884 Urbanus
1585 2853 1627 2883 lv
1652 2853 1900 2893 persolvendum
1925 2852 2075 2884 Officium
2102 2851 2251 2882 instituit:
2278 2860 2381 2891 neque

1309 2898 1386 2928 novi
1400 2893 1518 2938 ¹Operis
1533 2907 1627 2927 verus
1650 2904 1760 2928 auctor
1775 2908 1799 2928 s.
1816 2897 1969 2928 Thomas.

1376 2942 1704 2972 Animadvertendum
1728 2948 1915 2982 proponunt
1937 2941 2070 2971 verbum
2095 2940 2189 2977 illud,
2214 2940 2378 2977 ordinare,

1309 2987 1399 3027 quod
1411 2986 1526 3017 vetusti
1541 2986 1708 3026 scriptores
1732 2993 1934 3026 usurparunt.
1960 2985 2035 3015 Inde
2058 2994 2196 3024 namque
2213 2993 2379 3023 argumen-

1309 3037 1379 3062 tum
1395 3037 1538 3069 sumunt,
1554 3030 1688 3061 minime
1711 3031 1750 3061 de
1773 3041 1859 3061 novo
1875 3031 2037 3060 Thomam
2061 3028 2279 3068 composuisse
2300 3027 2378 3059 Offi-

1309 3075 1416 3113 cium;
1445 3076 1500 3105 sed
1523 3075 1610 3115 prius
1633 3075 1850 3115 compositum
1873 3075 1905 3105 in
1929 3074 2075 3104 ordinem
2104 3073 2270 3103 meliorem
2293 3072 2379 3103 rede-

1308 3120 1389 3160 gisse
1405 3130 1440 3150 ac
1456 3119 1530 3150 ritui
1547 3120 1695 3150 Romano
1715 3119 1982 3150 accommodasse.
2007 3117 2197 3158 Diligentius
2217 3116 2379 3148 conferan-

1308 3171 1359 3194 tur
1387 3161 1576 3206 (inquiunt)
1605 3163 1659 3193 illa
1681 3163 1746 3194 duo
1779 3163 1898 3204 Officia
1921 3173 1939 3192 a
1958 3163 2076 3192 Ioanne
2099 3161 2268 3192 Leodiensi
2292 3168 2322 3192 et
2340 3161 2379 3191 ab

1307 3208 1467 3248 Aquinate
1498 3207 1656 3238 confecta:
1684 3207 1769 3238 istud
1793 3218 1829 3238 ex
1852 3207 1908 3237 illo
1934 3207 2161 3247 depromptum
2188 3206 2278 3236 facile
2302 3215 2379 3236 con·

1308 3252 1410 3283 stabit.
1426 3251 1532 3282 Officii
1546 3252 1693 3282 Thomae
1707 3252 1867 3292 specimen
1883 3261 1976 3291 supra
1991 3251 2122 3282 allatum
2137 3257 2197 3281 est:
2218 3249 2377 3290 specimen

1308 3296 1435 3326 alterius
1454 3305 1491 3326 ex
1509 3302 1636 3326 vetusto
1653 3295 1831 3333 directorio,
1851 3296 1983 3336 aliisque
1998 3305 2073 3325 mss.
2089 3294 2280 3325 membranis
2296 3294 2377 3324 Leo-

1309 3340 1424 3370 diensis
1448 3339 1546 3369 sancti
1569 3340 1696 3370 Martini
1725 3340 1872 3371 ecclesiae
1900 3339 2065 3380 proferunt
2091 3338 2210 3369 laudati
2233 3337 2378 3369 Bollandi

1309 3384 1567 3414 Continuatores.

1375 3428 1510 3467 Nempe,
1537 3426 1606 3457 «In
1629 3427 1652 3457 I
1678 3427 1765 3467 Vesp.
1780 3429 1856 3458 Ant.
1877 3427 2037 3457 Sacerdos.
2062 3427 2180 3457 Psalm.
2203 3425 2289 3456 Dixit
2311 3426 2377 3456 Do-

1311 3483 1326 3498 »
1349 3471 1456 3501 minus
1481 3469 1501 3511 (
1505 3470 1633 3501 caeteri
1649 3472 1771 3511 psalmi
1785 3471 2074 3512 subintelliguntur
2095 3476 2126 3501 et
2148 3469 2376 3512 antiphonae).

1311 3528 1326 3543 »
1348 3515 1516 3556 Hymnus,
1541 3515 1646 3554 Pange
1665 3515 1782 3555 lingua.
1811 3515 1949 3555 Capitul.
1974 3514 2133 3545 Dominus
2162 3515 2258 3545 Iesus.
2281 3514 2377 3555 Resp.

1311 3572 1326 3586 »
1348 3560 1459 3589 Homo
1484 3558 1624 3599 quidam.
1649 3564 1678 3589 ν.
1702 3559 1821 3590 Panem
1846 3559 1885 3589 de
1904 3559 2002 3590 caelo.
2022 3559 2073 3589 Ad
2090 3558 2220 3599 Magnis.
2247 3559 2322 3590 Ant.
2347 3558 2377 3590 O

1310 3615 1325 3630 ²
1348 3613 1447 3644 quam
1462 3602 1576 3633 suavis.
1596 3603 1749 3642 Collecta,
1763 3604 1813 3634 Da
1828 3603 1920 3634 nobis
1935 3613 2143 3644 quaesumus,
2154 3603 2206 3634 Ad
2224 3603 2377 3643 Complet.

1312 3660 1326 3675 »
1348 3648 1516 3688 Hymnus,
1535 3646 1680 3678 Christus
1694 3657 1776 3679 vere.
1800 3648 1996 3688 Capitulum,
2015 3648 2075 3678 Per
2095 3647 2252 3678 homines.
2272 3653 2302 3678 v.
2316 3648 2376 3678 Po-

2202 3709 2232 3734 32
