2548 4192
178 269 342 297 CCLXXXII

178 339 330 369 sententia
349 344 405 376 est,
426 347 525 367 unum
546 335 738 366 intellectum
757 335 899 364 melioris
922 342 990 363 esse
1006 332 1134 362 virtutis
1151 339 1248 370 posse

177 394 251 425 prae
270 383 331 413 alio
353 384 384 412 in
402 381 610 422 intelligendo
630 390 665 410 ac
681 380 761 409 inter
777 378 923 408 homines
950 377 1112 406 meliorem
1138 375 1251 405 sortiri

179 428 303 468 aliquos
332 427 473 457 animam
504 431 534 456 et
561 425 694 454 maioris
722 424 858 454 virtutis.
893 422 1069 451 Damnatus
1101 419 1250 449 articulus

178 472 351 510 inficiatur,
380 471 464 501 hanc
494 468 664 499 nobilitatis
693 468 907 498 diversitatem
938 464 1082 504 depromi
1112 474 1206 504 posse
1229 473 1250 493 a

173 522 272 558 parte
288 522 476 556 corporum:
495 514 596 543 immo
615 522 690 542 vero
711 512 804 541 docet
819 509 973 550 AquinaS,
994 513 1115 548 quanto
1135 517 1251 548 corpus

180 566 227 592 est
250 561 364 591 melius
379 559 583 600 dispositum,
604 561 693 587 tanto
717 555 879 585 meliorem
904 554 1017 584 sortiri
1040 553 1193 582 animam.
1215 552 1251 582 In

180 606 294 636 eodem
313 603 444 634 articulo
463 600 659 641 impossibile
679 599 864 629 enunciatur
883 597 1060 638 praefatum
1079 596 1251 626 nobilitatis

180 649 357 685 discrimen,
377 647 455 687 quin
475 645 570 676 simul
588 645 784 680 animarum,
805 652 888 683 quae
907 642 1027 672 nobiles
1046 646 1077 671 et
1095 641 1251 682 ignobiles

181 698 294 730 essent,
319 692 465 722 diversae
488 690 725 720 constituantur
747 688 884 728 species:
907 693 1029 726 praeter
1052 685 1251 715 nobilitatem

180 748 216 768 ex
245 736 420 766 diversitate
449 733 562 774 speciei
590 739 694 763 ortam
721 732 755 762 in
782 731 930 771 Angelis,
959 730 1115 760 maiorem
1143 729 1251 760 statuit

178 782 299 812 Doctor
316 779 486 819 Angelicus
512 778 735 818 minoremque
754 776 937 806 animorum
960 774 1163 805 rationalium
1182 783 1250 814 per-

177 825 347 856 fectionem
373 833 409 853 ex
429 822 583 862 principio
608 821 866 851 individuationis
886 820 1099 859 desumptam,
1120 828 1162 849 ex
1180 828 1250 848 cor-

170 879 253 911 pore
277 868 394 899 scilicet
417 867 531 897 melius
553 867 723 906 disposito:
751 865 839 906 quod
869 864 921 894 ille
949 863 1116 894 confirmat
1139 862 1250 892 disser-

176 913 303 945 tissimis
322 911 423 942 verbis
443 911 483 941 ad
510 912 542 941 3:
562 910 754 947 Dicendum,
780 909 938 950 inquiens,
962 908 1047 948 quod
1065 907 1251 947 differentia

166 958 321 1000 formae,
353 965 436 997 quae
465 965 528 986 non
552 956 704 996 provenit
728 955 790 984 nisi
819 964 860 984 ex
888 953 1017 983 diversa
1046 953 1252 992 dispositione

177 1002 348 1038 materiae,
381 1011 444 1031 non
458 1000 549 1041 facit
571 999 787 1030 diversitatem
811 997 987 1029 secundum
1011 998 1166 1037 speciem,
1196 996 1253 1027 sed

176 1047 279 1078 solum
294 1045 469 1076 secundum
486 1051 670 1081 numerum;
680 1044 764 1074 unde
779 1053 861 1084 quae
875 1042 949 1072 inde
964 1041 1095 1081 profluit
1109 1041 1253 1071 eiusdem

177 1091 298 1122 formae
318 1089 468 1130 perfectio
488 1099 555 1119 non
574 1095 620 1119 est
638 1087 793 1128 specifica,
810 1088 864 1117 sed
881 1086 1021 1117 conditio
1041 1085 1253 1116 individualis.

177 1136 262 1166 Bene
286 1141 317 1165 et
340 1134 461 1174 optime
485 1133 654 1164 cohaerent
678 1132 787 1163 omnia
813 1132 846 1162 in
876 1131 1006 1170 vulgato
1031 1130 1254 1171 philosophiae

179 1180 352 1218 sistemate,
377 1178 410 1209 in
434 1188 500 1219 quo
524 1177 684 1208 rationalis
708 1177 834 1207 animus
865 1182 920 1206 aut
942 1185 1033 1205 mens
1056 1175 1100 1206 ita
1129 1174 1254 1218 corpori

179 1223 328 1264 organico
357 1223 531 1263 praesidet,
556 1229 592 1252 ut
615 1222 757 1252 eiusdem
781 1221 884 1252 forma
907 1220 1003 1250 etiarn
1030 1219 1253 1257 substantialis,

180 1275 211 1299 et
233 1274 340 1306 actus,
369 1274 400 1298 et
422 1267 534 1297 intima
557 1265 729 1297 entelechia
757 1266 918 1296 habeatur.

249 1322 278 1343 2.
303 1312 418 1344 Adhuc
433 1311 493 1342 alia
508 1317 594 1351 patet
612 1311 702 1350 origo
727 1320 763 1340 ex
782 1320 846 1351 qua
862 1310 993 1346 diversa,
1017 1314 1146 1339 auctore
1167 1307 1255 1338 Tho-

179 1367 242 1395 ma,
263 1356 375 1387 exoriri
393 1357 492 1387 virtus
512 1362 542 1386 et
563 1355 713 1395 perfectio
733 1361 838 1394 potest
857 1355 889 1384 in
910 1353 1130 1394 intelligendo.
1152 1353 1256 1383 Verba

179 1402 246 1432 eius
270 1407 360 1431 sunt:
383 1401 456 1431 Alio
485 1400 578 1431 modo
606 1400 764 1439 contingit
792 1399 851 1429 hoc
875 1407 917 1428 ex
934 1402 1032 1437 parte
1061 1396 1254 1438 inferiorum

180 1447 347 1483 virtutum,
372 1446 486 1487 quibus
509 1444 689 1475 intellectus
712 1443 836 1483 indiget
859 1440 906 1484 (in
926 1442 988 1471 hoc
1009 1447 1091 1471 statu
1111 1439 1254 1483 unionis)

178 1490 223 1521 ad
240 1491 292 1520 sui
305 1491 531 1530 operationem.
549 1488 606 1518 Illi
623 1489 718 1525 enim,
731 1488 763 1517 in
778 1487 892 1527 quibus
908 1487 1011 1517 virtus
1029 1486 1253 1526 imaginativa,

181 1540 211 1565 et
234 1535 419 1575 cogitativa,
437 1539 468 1564 et
482 1534 691 1564 memorativa
710 1536 758 1562 est
782 1532 896 1561 melius
915 1530 1079 1570 disposita,
1100 1534 1176 1559 sunt
1191 1539 1255 1559 me-

181 1580 245 1609 lius
259 1579 404 1618 dispositi
418 1578 462 1608 ad
480 1576 735 1618 intelligendum.
753 1575 859 1606 Huius
879 1574 1009 1614 originis
1028 1573 1150 1604 mentio
1167 1573 1255 1604 nulla

181 1623 214 1653 in
234 1623 365 1653 articulo
382 1632 471 1652 cxxrv
483 1622 536 1652 ubi
556 1621 735 1651 intellectus
754 1620 925 1651 nobiliores
939 1620 1024 1656 aliis,
1037 1618 1127 1659 quod
1145 1618 1256 1649 attinet

182 1668 221 1697 ad
252 1667 418 1697 rationales
449 1666 573 1696 animos
604 1665 792 1703 hominum,
824 1663 997 1695 universim
1025 1669 1253 1703 pernegantur:

183 1711 356 1751 eademque
381 1710 538 1751 profertur
559 1720 622 1740 una
635 1710 667 1740 in
684 1709 816 1740 articulo
834 1718 986 1746 chxxvn,
1002 1707 1057 1738 ubi
1078 1708 1254 1747 potentiam

180 1756 364 1786 sensitivam
381 1755 455 1785 scite
473 1755 603 1785 adnotat
621 1760 732 1784 auctor
755 1763 904 1784 censurae
927 1752 1032 1783 vocari
1059 1752 1253 1782 intellectum

174 1801 352 1840 passivum.
384 1799 548 1839 Originem
582 1805 751 1840 utramque
781 1808 840 1838 pro
870 1807 930 1828 suo
959 1796 1076 1836 ingenii
1107 1796 1254 1827 acumine

181 1844 345 1884 coniungit
355 1850 480 1874 sanctus
490 1843 635 1873 Thomas
645 1853 680 1873 ac
691 1850 859 1883 utramque
870 1841 1099 1882 sapientissime
1109 1840 1252 1871 illustrat.

249 1889 300 1919 111.
321 1888 382 1919 Sed
405 1887 651 1918 Averroisticam
675 1887 811 1928 denique
840 1887 961 1924 labem,
987 1895 1051 1927 qua
1074 1885 1160 1915 idem
1183 1885 1254 1915 arti-

180 1933 270 1964 culus
303 1931 456 1970 inficitur,
482 1932 600 1962 adiecta
625 1932 762 1962 censoris
794 1931 845 1961 vel
878 1930 1054 1962 collectoris
1082 1930 1176 1960 verba
1200 1930 1253 1960 de-

180 1977 349 2008 nunciant:
371 1986 475 2014 error,
500 1976 682 2017 inquientis,
706 1978 781 2017 quia
805 1976 865 2006 hoc
883 1976 976 2016 ponit
1006 1984 1105 2005 unum
1131 1974 1253 2004 intelle-

180 2027 264 2052 ctum
283 2023 314 2052 in
332 2021 486 2052 omnibus.
504 2021 621 2051 Anima
637 2020 828 2052 intellectiva
843 2020 967 2057 reiecta,
983 2019 1149 2049 hominem
1166 2028 1253 2049 com-

180 2066 328 2106 pingebat
343 2068 498 2096 Averroes
515 2076 552 2096 ex
572 2076 704 2106 corpore
726 2072 756 2096 et
780 2065 885 2095 anima
902 2064 1060 2101 sensitiva,
1078 2063 1253 2104 eademque

180 2110 318 2148 mortali,
335 2110 434 2141 tribus
453 2110 653 2140 facultatibus
677 2109 827 2150 praedita,
845 2109 962 2140 scilicet
985 2109 1174 2149 cogitatrice
1197 2118 1253 2138 seu

175 2155 368 2195 phantasia,
394 2155 610 2185 aestimatrice
634 2160 664 2185 et
687 2155 860 2184 memoria:
887 2163 966 2194 quas
985 2153 1018 2183 in
1040 2153 1182 2190 homine,
1212 2153 1253 2183 ob

181 2199 336 2229 maiorem
360 2209 434 2239 prae
457 2199 563 2228 anima
587 2199 755 2229 brutorum
783 2198 1022 2238 perfectionem,
1044 2198 1178 2228 vocabat
1201 2207 1253 2227 ra-

182 2245 298 2274 tionem
317 2243 552 2284 particularem
578 2248 609 2274 et
631 2244 825 2274 intellectum
846 2244 1026 2283 passivum.
1043 2242 1188 2272 Addebat
1205 2243 1253 2272 in-

183 2288 342 2319 tellectum
368 2293 516 2329 agentem
536 2286 631 2329 (inter
653 2294 810 2328 separatas
835 2286 1055 2327 intelligentias
1078 2285 1253 2329 infimam),

181 2332 406 2370 immortalem,
424 2339 598 2370 aeternum,
615 2332 800 2362 hominibus
821 2332 1035 2368 adsistentem,
1056 2341 1123 2361 non
1146 2331 1254 2362 multi—

182 2376 298 2417 plicem
321 2387 379 2417 pro
404 2376 535 2416 singulis
552 2387 675 2414 eorum,
693 2377 747 2407 sed
771 2386 874 2407 unum
895 2376 927 2406 in
951 2375 1113 2413 omnibus,
1132 2385 1254 2416 proque

183 2421 304 2451 diversa
327 2421 486 2461 potentiae
503 2421 667 2452 sensitivae
691 2421 873 2451 conditione
895 2421 1106 2451 diversimode
1130 2420 1254 2461 partici-

183 2473 304 2505 patum.
331 2465 472 2496 Consule
506 2466 657 2496 Iacobum
690 2466 884 2496 Bruckerum
913 2465 946 2496 in
979 2465 1119 2495 Historia
1150 2464 1255 2496 critica

183 2510 405 2552 philosophiae
426 2515 516 2540 torno
541 2510 592 2540 111.
611 2510 711 2550 Impia
728 2517 758 2540 et
781 2510 915 2540 absurda
937 2509 1078 2540 doctrina
1094 2509 1171 2540 haec
1187 2520 1254 2540 ma-

182 2556 265 2586 xime
289 2555 463 2585 invaluerat
478 2555 557 2584 inter
574 2554 690 2585 sciolos
707 2564 742 2584 ac
760 2564 860 2584 vanos
876 2554 1095 2591 Academicos,
1114 2556 1269 2595 quorum'

184 2599 304 2630 articuli
329 2609 459 2630 censura
490 2598 655 2629 Parisiensi
684 2599 782 2628 notati
807 2605 862 2628 aut
891 2598 995 2638 ipsam
1026 2598 1196 2629 involvunt
1225 2605 1255 2630 et

184 2645 315 2675 latenter
345 2643 540 2683 significant,
566 2650 621 2673 aut
658 2642 790 2673 efferunt
822 2642 1025 2682 apertissime.
1059 2643 1255 2673 Huiusmodi

186 2695 260 2719 sunt
283 2688 536 2718 cxv11:Scientia
560 2688 711 2728 magistri
727 2693 757 2717 et
772 2687 921 2727 discipuli
944 2692 991 2717 est
1015 2697 1080 2717 una
1106 2695 1257 2718 numero:

185 2734 269 2764 ratio
292 2738 398 2763 autem
425 2732 510 2773 quod
533 2732 712 2762 intellectus
734 2732 775 2762 sit
799 2741 927 2762 unus....
947 2738 1034 2761 cxxi:
1058 2731 1255 2768 Intellectus,

186 2779 241 2818 qui
255 2783 301 2808 est
316 2778 428 2807 ultima
443 2777 580 2807 hominis
588 2775 758 2816 perfectio,
768 2781 814 2806 est
822 2777 953 2816 penitus
967 2776 1157 2806 abstractus.
1167 2783 1255 2806 cxxv:

187 2822 374 2853 Intellectus
395 2821 611 2861 speculativas
633 2821 821 2860 simpliciter
843 2825 890 2850 est
912 2825 1064 2850 aeternus
1093 2825 1123 2850 et
1153 2821 1257 2850 incor-

188 2866 364 2907 ruptibilis:
383 2871 527 2906 respectu
552 2875 628 2896 vero
651 2865 747 2895 huius
770 2865 906 2895 hominis
930 2865 1163 2904 corrumpitur,
1189 2874 1258 2895 cor-

188 2912 292 2951 ruptis
301 2910 582 2951 phantasmatibus
598 2910 629 2939 in
647 2917 696 2946 eo;
712 2919 767 2949 per
781 2919 863 2949 quae
879 2909 1006 2946 scilicet,
1028 2908 1125 2938 veluti
1142 2918 1198 2949 per
1212 2908 1258 2938 in-

188 2962 378 2993 strumenta,
396 2964 486 2994 agere
503 2961 557 2984 aut
572 2954 744 2993 intelligere
768 2953 929 2984 dicebatur
951 2953 1127 2983 intellectus
1151 2962 1257 2992 agens.

189 2999 384 3030 Commento
418 2998 620 3039 putidissimo
654 2998 782 3028 adversa
806 3005 880 3028 sunt
913 3008 949 3028 ex
973 2997 1127 3028 diametro
1161 2997 1258 3028 sancti

188 3044 335 3074 Thomae
356 3044 521 3083 dogmata:
542 3049 590 3073 tot
613 3042 779 3073 rationales
796 3042 981 3073 individuali
1004 3041 1176 3072 differentia
1193 3041 1258 3071 ani-

189 3098 260 3118 mos
285 3087 445 3127 distingui,
462 3094 542 3128 quot
565 3087 712 3117 homines
736 3093 958 3117 numeramus:
979 3086 1064 3117 iuxta
1088 3095 1259 3116 numerum

189 3132 391 3174 rationalium
406 3132 588 3162 animorum
602 3132 709 3172 ipsum
725 3131 820 3162 etiam
835 3131 1037 3172 multiplicari
1053 3130 1258 3169 intellectum,

189 3184 260 3207 tum
283 3183 439 3216 agentem,
456 3183 526 3206 tum
549 3176 744 3216 possibilem,
763 3183 798 3206 ut
822 3185 899 3206 aevo
923 3176 978 3206 illo
1007 3175 1258 3215 distinguebant,

190 3228 221 3252 et
239 3221 465 3261 loquebantur:
487 3227 608 3260 praeter
623 3219 803 3260 specificam
819 3220 1000 3251 animorum
1018 3227 1048 3250 et
1064 3219 1259 3250 intellectum

190 3265 398 3302 nobilitatem,
415 3274 496 3305 quae
521 3265 652 3304 singulis
677 3264 858 3295 communis
882 3272 938 3302 est,
956 3265 1070 3304 gradus
1088 3263 1166 3294 alios
1190 3274 1259 3294 mo·

191 3310 312 3350 dosque
329 3309 529 3350 perfectionis
545 3309 694 3349 distingui
711 3317 858 3349 oportere
882 3310 914 3339 in
933 3308 1160 3350 intelligendo:
1179 3318 1259 3349 quo-

191 3364 262 3384 rum
286 3354 337 3384 alii
361 3354 516 3394 originem
532 3353 648 3384 habent
672 3364 689 3384 a
711 3353 982 3394 phantasmatibus
1004 3361 1033 3384 et
1057 3353 1108 3384 alii
1133 3362 1169 3383 ex
1188 3352 1258 3393 ipso

191 3405 381 3439 promanant
403 3397 662 3429 individuationis
686 3399 852 3439 principi0.
871 3399 954 3429 Hinc
978 3398 1079 3429 solida
1103 3397 1181 3428 ratio
1205 3407 1259 3438 pa-

191 3450 245 3480 tet,
262 3453 325 3483 qua
349 3443 483 3483 permoti
501 3443 558 3473 viri
583 3442 756 3473 doctissimi
780 3444 987 3480 contendunt,
1005 3453 1070 3473 non
1090 3442 1170 3472 illud
1194 3442 1259 3472 Ste-

192 3487 298 3526 phano
322 3487 474 3528 Tempier
497 3487 658 3527 Episcopo
688 3487 851 3518 parisiensi
879 3488 1048 3518 consilium
1077 3487 1178 3517 inesse
1203 3496 1259 3526 po·

191 3530 298 3568 tuisse,
315 3532 403 3571 quod
427 3531 486 3571 ipsi
510 3532 652 3562 tribuunt
675 3533 791 3563 aemuli
816 3533 914 3563 sancti
938 3533 1097 3564 Thomae.
1124 3538 1159 3562 ut
1181 3540 1260 3572 quas

192 3574 294 3604 theses
318 3575 426 3605 docuit
449 3576 591 3616 Aquinas
614 3576 818 3617 vulgavitque
847 3577 878 3607 in
903 3576 1036 3615 scholis,
1059 3575 1183 3606 tametsi
1207 3575 1261 3605 da-

194 3619 307 3648 mnatis
332 3619 467 3649 articulis
491 3619 621 3650 fortasse
645 3629 804 3651 consonae
828 3621 930 3651 verbis
954 3627 1046 3651 tenus
1069 3620 1260 3659 viderentur,

914 251 1373 290 DISSERTATIONES
1404 251 1652 289 CRITICAE

1307 341 1364 360 sua
1388 338 1498 361 notare
1522 341 1653 361 censura
1668 330 1814 362 voluerit.
1832 330 2026 362 Successoris
2051 329 2147 360 etiam
2171 328 2322 369 Stephani
2341 328 2379 359 de

1305 374 1475 406 Bourretto
1501 375 1669 415 prudentia
1690 375 1826 405 maxime
1845 375 1957 414 elucet,
1974 375 2030 416 qui
2053 384 2219 405 censuram
2239 374 2383 403 decesso-

1306 419 1347 449 ris
1372 429 1409 449 eo
1435 419 1576 450 adhibito
1600 426 1852 460 temperamento
1881 419 2095 459 abrogandam
2126 418 2381 458 abolendamque

1307 463 1492 502 declaravit,
1513 469 1672 504 quatenus
1694 463 1839 494 videlicet
1862 464 2016 504 tangebat
2038 469 2092 494 aut
2116 463 2223 503 potius
2248 467 2385 502 tangere

1306 507 1519 539 adserebatur
1541 518 1655 539 sanam
1684 508 1864 539 doctrinam
1892 509 1997 538 sancti
2033 508 2182 538 Thomae.
2210 506 2383 546 Impudens

1307 551 1409 582 fuerat
1423 562 1582 583 vanorum
1605 552 1778 583 hominum
1802 552 1941 591 facinus,
1958 552 2013 593 qui
2041 551 2271 582 Averroisticos
2290 550 2383 580 alios-

1306 606 1369 636 que
1394 606 1513 627 errores
1530 596 1653 627 facilius
1677 603 1713 627 ut
1728 597 1943 637 propinarent,
1961 597 2020 627 sub
2036 596 2185 627 innoxiae
2209 595 2380 633 doctrinae,

1307 650 1405 680 quam
1429 641 1572 682 Aquinas
1597 648 1627 672 et
1650 641 1790 682 magistri
1813 641 1957 681 apprime
1990 640 2135 672 catholici
2164 640 2380 678 tradiderunt,

1307 684 1422 715 cortice
1445 692 1545 716 tectos
1568 685 1779 727 palliatosque
1801 686 1982 725 vulgabant.

1691 804 1891 842 CAPUT
1923 805 1998 840 III.

1307 910 1412 935 Roberti
1433 911 1464 934 da
1489 910 1647 934 Kildwardbi
1673 915 1698 934 et
1722 910 1824 934 loannis
1843 908 1963 938 Pekami,
1984 907 2247 940 Archiepiscoporum
2271 907 2383 932 Cantua-

1379 946 1515 1006 quglifittg}
1531 953 1639 970 censura
1659 946 1685 970 in
1703 945 1798 970 thesim
1817 945 1849 969 de
1868 952 1921 969 una
1938 944 1964 968 in
1986 943 2093 968 homine
2112 943 2196 968 forma
2215 942 2385 967 substantiali.

1310 1095 1333 1125 Ι.
1426 1093 1655 1134 hilosophicae,
1673 1103 1748 1124 curn
1772 1092 1879 1134 eisque
1903 1101 2062 1123 connexae
2086 1090 2245 1132 quaedam
2273 1099 2383 1120 occur-

1427 1145 1511 1177 runt,
1528 1149 1546 1168 a
1570 1138 1643 1168 divo
1667 1137 1797 1168 Thoma
1820 1143 2039 1177 propugnatae
2067 1135 2186 1173 theses,
2209 1144 2288 1175 quas
2312 1143 2383 1164 cen-

1310 1185 1393 1215 soria
1415 1183 1557 1223 virgula,
1587 1182 1685 1213 dubio
1709 1181 1821 1222 procul
1850 1181 1961 1220 omni,
1987 1180 2074 1211 iuxta
2103 1179 2202 1219 ipsius
2235 1178 2383 1209 Thomae

1310 1239 1440 1260 sensum
1463 1234 1615 1258 notarunt
1637 1225 1875 1267 Archiepiscopi
1899 1226 1964 1256 duo
1989 1223 2232 1255 cantuarienses
2260 1222 2294 1253 in
2316 1224 2384 1253 An-

1310 1274 1382 1314 glia,
1400 1273 1558 1304 Robertus
1578 1272 1616 1302 de
1635 1270 1831 1302 Kildwardbi
1847 1269 1977 1301 Ordinis
1999 1268 2257 1300 Praedicatorum
2278 1273 2309 1297 et
2335 1267 2384 1297 lo-

1311 1328 1407 1349 annes
1422 1318 1579 1348 Pekamus
1594 1326 1631 1347 ex
1645 1316 1766 1347 Ordine
1780 1315 1944 1345 Minorum
1960 1312 2207 1353 adsumptus.1n
2222 1322 2268 1350 ea,
2286 1321 2386 1352 quam

1311 1363 1384 1393 tulit
1407 1360 1653 1399 Kildwardbius,
1671 1369 1801 1391 censura
1817 1359 1931 1399 legitur
1947 1358 2047 1398 capite
2064 1368 2109 1395 m,
2126 1367 2216 1387 num.
2243 1366 2280 1387 12
2298 1355 2385 1396 apud

1311 1406 1467 1437 Carolum
1490 1405 1655 1445 Duplessis
1675 1405 1860 1444 d'Argentre
1884 1413 1977 1444 saepe
1993 1403 2174 1433 laudatum:
2195 1401 2276 1431 Item
2299 1400 2386 1441 quod

1311 1452 1512 1492 vegetativa,
1529 1450 1683 1480 sensitiva
1706 1454 1736 1479 et
1759 1448 1952 1479 intellectiva
1981 1452 2058 1478 sunt
2081 1456 2147 1477 una
2165 1445 2285 1487 somna
2308 1446 2384 1476 sim-

1304 1496 1388 1536 plex
1418 1494 1474 1525 vel*
1499 1489 1704 1534 simpliciter:
1727 1492 1882 1523 nimirum
1911 1492 1944 1522 in
1974 1491 2117 1522 homine.
2143 1490 2258 1521 Thesis
2283 1495 2330 1520 est
2351 1488 2385 1519 in

1311 1540 1437 1570 decreto
1460 1537 1590 1569 Pekami
1614 1536 1738 1568 confixa
1760 1546 1846 1567 anno
1875 1536 1969 1574 1286,
1986 1545 2077 1566 num.
2095 1535 2134 1565 8:
2154 1534 2250 1572 Quod
2272 1535 2305 1564 in
2329 1534 2384 1564 ho-

1311 1585 1397 1614 mine
1421 1588 1468 1614 est
1491 1587 1616 1614 tantum
1641 1591 1707 1612 una
1722 1580 1850 1622 forma,
1867 1581 1989 1611 scilicet
2010 1581 2121 1610 anima
2145 1578 2336 1609 rationalis:
2353 1582 2385 1608 et

1312 1628 1404 1658 nulla
1427 1628 1494 1658 alia
1509 1627 1627 1669 forma
1649 1625 1880 1657 substantialis.
1907 1625 1998 1655 Hanc
2021 1633 2206 1664 germanam
2236 1631 2303 1652 esse
2327 1621 2385 1652 do-

1312 1672 1446 1703 ctrinam
1469 1671 1568 1702 sancti
1591 1670 1750 1708 Thomae,
1768 1678 1867 1710 quam
1888 1668 2013 1699 Parisiis
2033 1677 2141 1698 coram
2164 1667 2336 1707 palamque
2350 1665 2385 1697 in

1311 1717 1428 1748 scholis
1451 1715 1588 1754 tradidit,
1608 1715 1821 1755 scriptamque
1845 1713 1909 1744 suis
1933 1712 2052 1753 passim
2075 1712 2109 1742 in
2132 1710 2292 1752 Operibus
2314 1710 2384 1741 reli-

1311 1762 1390 1802 quit,
1408 1761 1544 1792 dubium
1560 1760 1687 1790 nullum
1708 1765 1763 1790 est.
1781 1761 1833 1789 An
1858 1757 1969 1788 eadem
1993 1766 2069 1798 ergo
2088 1765 2147 1797 pro
2166 1756 2317 1786 damnato
2338 1765 2385 1786 er-

1310 1815 1380 1836 rore
1404 1805 1511 1836 haberi
1536 1802 1666 1835 debeat?

1377 1850 1487 1880 Nolim
1511 1859 1570 1890 ego
1595 1843 1808 1890 prolixam‘de
1822 1845 2045 1888 philosophica
2067 1844 2153 1882 thesi,
2163 1844 2386 1886 quaestionem

1310 1894 1483 1933 instituere,
1501 1900 1645 1925 veterum
1668 1902 1703 1923 ac
1720 1891 1894 1923 recentium
1918 1889 2188 1931 philosophorum
2212 1888 2270 1919 hac
2294 1888 2333 1918 de
2352 1897 2385 1918 re

1310 1939 1423 1980 placita
1448 1948 1610 1976 enarrare,
1635 1947 1671 1968 ac
1696 1936 1876 1977 diligentius
1908 1934 2067 1976 inquirere
2090 1933 2123 1963 in
2155 1933 2227 1963 illos
2255 1931 2385 1963 unionis

1310 1983 1424 2014 mentis
1445 1993 1519 2014 cum
1536 1991 1669 2023 corpore
1685 1981 1812 2018 modos,
1829 1979 1885 2022 qui
1909 1978 2100 2019 multiplices
2117 1976 2282 2017 excogitati
2299 1982 2384 2007 sunt.

1310 2029 1345 2058 In
1369 2038 1405 2058 ea
1420 2034 1561 2058 versatur
1583 2026 1727 2067 Aquinas
1742 2025 1905 2055 verissima
1920 2023 2084 2061 sententia,
2099 2031 2181 2064 quae
2197 2021 2386 2052 rationalem

1309 2072 1455 2103 animum
1478 2081 1533 2102 seu
1558 2078 1699 2101 mentem
1721 2069 1918 2100 inficiabatur
1948 2067 1999 2098 vel
2022 2073 2182 2098 motorem
2205 2075 2272 2096 esse
2295 2074 2385 2106 prae-

1310 2117 1465 2148 sidentem
1489 2115 1615 2156 corpori
1638 2114 1736 2145 veluti
1760 2113 1925 2144 machinae
1949 2118 2066 2150 motae,
2090 2117 2127 2142 ut
2149 2110 2252 2140 aiebat
2273 2109 2384 2148 Plato,

1310 2161 1359 2192 vel
1383 2167 1560 2202 separatam
1583 2159 1823 2199 intelligentiam
1852 2156 1977 2198 corpori
2001 2155 2205 2186 adsistentem
2228 2153 2386 2194 excipien—

1310 2213 1440 2247 temque
1464 2205 1695 2246 phantasmata,
1721 2210 1756 2234 ut
1784 2204 1940 2233 Averroes
1970 2199 2142 2241 inquiebat.
2169 2197 2312 2230 Consule
2336 2207 2386 2228 ca-

1310 2257 1369 2291 put
1391 2260 1454 2280 Lvn
1478 2256 1508 2280 et
1532 2248 1695 2290 sequentia
1718 2247 1788 2278 libri
1813 2245 1942 2277 secundi
1967 2244 2087 2276 Contra
2119 2243 2261 2284 gentiles.
2287 2242 2387 2273 Adse-

1310 2295 1397 2326 rebat
1410 2304 1486 2325 vero
1503 2293 1690 2324 rationalem
1706 2291 1852 2323 eamdem
1867 2290 2018 2327 animam,
2030 2288 2176 2319 facultate
2192 2285 2387 2327 intelligendi

1310 2339 1495 2380 praeditam,
1514 2347 1580 2368 esse
1603 2347 1711 2368 veram
1742 2335 1884 2376 corporis
1908 2334 2067 2372 formam,
2092 2342 2192 2363 unam
2220 2341 2295 2363 cum
2319 2340 2387 2362 cor-

1310 2393 1389 2424 pore
1412 2382 1601 2414 efficientem
1625 2380 1848 2412 substantiam:
1869 2379 1958 2420 quod
1982 2387 2018 2408 ea
2042 2377 2220 2418 exponebat
2242 2375 2385 2415 ratione,

1310 2438 1392 2469 quae
1412 2427 1542 2458 coeteris
1562 2426 1629 2457 eius
1654 2425 1721 2456 aevi
1741 2424 1897 2465 magistris
1916 2421 2098 2454 communis
2117 2427 2191 2452 erat.
2211 2419 2388 2451 Dissidium

1311 2472 1460 2510 fervebat,
1477 2481 1557 2502 num
1580 2481 1646 2501 una
1669 2470 1751 2501 foret
1769 2469 1802 2499 in
1826 2467 1957 2499 homine
1975 2465 2162 2497 huiusmodi
2186 2464 2290 2496 forma
2314 2464 2387 2496 sub-

1311 2516 1472 2554 stantialis,
1491 2526 1527 2547 ex
1543 2525 1607 2557 qua
1624 2525 1736 2545 omnes
1753 2512 2025 2554 proficiscerentur
2048 2509 2203 2550 energiae,
2219 2508 2294 2548 vita,
2317 2517 2387 2539 sen·

1311 2571 1375 2599 sus,
1392 2560 1583 2598 intellectio;
1612 2569 1652 2590 an
1675 2558 1810 2590 totidem
1842 2554 2045 2597 multiplicari
2075 2553 2294 2585 substantiales
2323 2551 2386 2583 for-

1311 2615 1379 2636 mas
1403 2610 1574 2645 oporteret,
1596 2610 1678 2644 quot
1700 2603 1771 2633 illae
1795 2608 1869 2632 sunt
1897 2599 2054 2641 praefatae
2077 2595 2242 2638 energiae?
2259 2598 2386 2628 Partem

1311 2650 1451 2690 priorem
1475 2648 1638 2688 amplexus
1672 2654 1718 2678 est
1740 2646 1904 2687 Aquinas,
1931 2645 1970 2674 ab
1994 2653 2094 2684 eaque
2126 2642 2268 2672 discessit
2290 2650 2386 2672 num-

1312 2699 1430 2734 quam:
1451 2692 1656 2733 solidumque
1680 2699 1803 2727 causae,
1820 2699 1919 2731 quam
1942 2687 2112 2725 tutabatur,
2134 2685 2329 2727 praesidium
2351 2685 2386 2716 in

1313 2747 1351 2768 eo
1376 2737 1519 2777 positum
1542 2743 1622 2774 erat,
1648 2734 1737 2776 quod
1761 2734 1845 2764 ultro
1870 2733 1937 2763 eius
1961 2731 2069 2762 aetatis
2100 2730 2245 2761 doctores
2271 2729 2385 2761 admit-

1312 2782 1430 2817 tebant,
1447 2786 1589 2811 mentem
1605 2789 1671 2810 esse
1686 2787 1794 2808 veram
1815 2776 1956 2818 corporis
1972 2775 2111 2807 formam
2132 2784 2168 2805 ac
2182 2774 2280 2805 totius
2297 2783 2385 2805 com-

1313 2825 1408 2866 positi
1432 2831 1564 2866 partem.

1364 2871 1427 2900 'Ac
1452 2878 1526 2899 sane
1549 2867 1713 2905 invidiam,
1728 2875 1828 2909 quam
1843 2864 2019 2906 praedictae
2033 2863 2179 2904 opinioni
2203 2862 2317 2894 inferre
2333 2872 2386 2894 co-

1314 2914 1470 2944 nabantur
1493 2911 1651 2950 nonnulli,
1669 2910 1820 2941 amolitur
1843 2919 1974 2940 omnem
1998 2908 2282 2949 prudentissimum
2305 2906 2388 2938 iudi-

1315 2958 1412 2995 cium,
1429 2957 1518 2999 quod
1541 2957 1593 2987 illa
1618 2956 1714 2996 etiam
1737 2961 1836 2985 aetate
1860 2953 2035 2985 doctissimi
2058 2953 2116 2983 viri
2141 2953 2180 2983 de
2208 2951 2386 2993 praedictae

1315 3012 1465 3033 censurae
1484 3008 1514 3032 et
1529 3001 1654 3032 levitate
1677 3007 1708 3031 et
1724 3009 1850 3030 excessu
1873 2998 2023 3029 tulerunt.
2041 2997 2136 3028 Plura
2152 2996 2217 3027 iam
2241 2995 2388 3027 dedimus

1314 3047 1373 3078 hac
1389 3047 1428 3077 de
1445 3056 1477 3076 re
1493 3045 1526 3076 in
1542 3043 1768 3076 Dissertatione
1783 3043 1881 3074 XXV.
1899 3041 2153 3073 Kildwardbium
2169 3039 2388 3081 Archiepisco·

1315 3101 1395 3132 pum
1411 3089 1673 3122 Cantuariensem
1689 3087 1880 3130 gravissimis
1904 3086 1983 3117 datis
1999 3086 2108 3117 litteris
2131 3085 2320 3127 insequutus
2341 3083 2389 3115 est

1315 3135 1505 3167 Guillelmus
1529 3135 1568 3165 de
1591 3133 1742 3164 Morbeka
1764 3131 2032 3172 Archiepiscopus
2049 3129 2213 3162 Corinthi:
2233 3127 2386 3170 praecipi-

1314 3187 1443 3221 temque
1466 3179 1563 3210 latam
1587 3178 1625 3209 ab
1649 3177 1719 3218 ipso
1743 3177 1776 3208 in
1800 3176 1902 3207 theses
1929 3182 1983 3206 aut
2005 3175 2150 3206 innoxias
2179 3180 2211 3204 et
2240 3171 2387 3214 probabi-

1314 3225 1358 3255 les
1383 3231 1437 3255 aut
1453 3223 1547 3254 etiam
1562 3221 1740 3253 verissimas
1757 3230 1923 3252 censuram
1943 3219 2114 3251 contendit.
2134 3219 2285 3249 Testatur
2297 3215 2387 3248 Guil-

1314 3269 1429 3299 lelmus
1448 3268 1612 3299 Ochamus
1635 3266 1667 3297 in
1686 3265 1828 3306 Dialogis
1848 3275 1880 3305 p.
1898 3264 1996 3303 1,1ib.
2022 3264 2065 3302 11,
2081 3273 2149 3304 cap.
2170 3269 2248 3293 xxu:
2272 3261 2387 3292 Plures

1314 3314 1397 3344 alios
1420 3314 1521 3354 ipsam
1545 3308 1799 3354 (Kildwardbii)
1827 3310 2065 3341 damnationem
2089 3312 2224 3348 putasse
2251 3311 2386 3337 temera-

1315 3359 1419 3388 riam:
1441 3357 1616 3398 pluresque
1639 3355 1838 3386 Parisienses
1861 3354 2007 3385 doctores
2036 3357 2067 3383 et
2088 3352 2252 3383 scholares
2280 3357 2386 3380 asser-

1315 3404 1417 3433 tiones
1439 3401 1612 3432 damnatas
1634 3410 1655 3430 a
1679 3400 1762 3430 dicto
1785 3398 2030 3439 Archiepiscopo
2049 3396 2178 3438 publice
2200 3394 2349 3426 tenuisse.

1383 3445 1575 3477 Godefridus
1600 3445 1638 3475 de
1661 3443 1828 3481 Fontibus,
1846 3442 2055 3474 clarissimum
2070 3441 2103 3471 in
2126 3436 2292 3471 Parisiensi
2308 3435 2386 3467 Uni-

1315 3490 1459 3521 versitate
1475 3490 1596 3527 lumen,
1613 3488 1798 3519 latissimam
1812 3486 1948 3518 instituit
1962 3485 2081 3524 Quodl.
2100 3484 2152 3522 lll,
2169 3489 2224 3514 art.
2241 3491 2262 3512 v
2277 3487 2386 3512 tracta-

1316 3535 1437 3566 tionem
1453 3535 1492 3565 de
1515 3533 1595 3565 thesi
1618 3533 1682 3571 illa,
1699 3542 1781 3574 quae
1804 3531 1836 3562 in
1857 3531 1982 3562 decreto
2006 3529 2132 3560 alterius
2147 3525 2385 3566 Archiepiscopi

1318 3578 1552 3610 cantuariensis
1576 3577 1702 3608 Ioannis
1725 3575 1854 3607 Pekami
1876 3575 2023 3605 damnata
2052 3571 2174 3612 legitur.
2201 3569 2386 3601 Damnatio-

1318 3623 1366 3654 nis
1390 3633 1498 3654 causas
1522 3621 1675 3663 perquirit
1698 3631 1733 3651 ac
1756 3619 1918 3660 patefacit,
1941 3627 2023 3659 quae
2045 3616 2193 3647 videntur
2220 3624 2287 3645 esse
2311 3623 2387 3645 con-
