2548 4192
201 272 304 298 cium

580 339 789 379 CAPUT
819 338 890 374 IX.

200 442 330 468 Michaelis
341 442 465 475 Lequieni
480 442 648 471 coniecturae,
660 441 734 473 queis
751 448 831 472 opera
845 438 1024 471 Areopagitica
1039 438 1116 462 Petro
1131 437 1271 470 Cnaphaeo

272 486 319 503 seu
338 478 439 503 Fulloni
458 477 663 509 Monophysitae,
683 480 727 500 aut
741 475 841 500 cuidam
858 482 887 498 ex
902 474 1019 498 eiusdem
1035 473 1141 497 asseclis
1157 473 1272 497 tribuen-

272 514 304 538 da
320 514 472 546 suspicatur.
488 513 604 544 Itemque
628 511 787 536 coniecturae
802 510 891 534 Crozei
908 510 940 533 de
955 509 1064 540 Synesio
1079 508 1270 540 Areopagitico-

272 557 330 573 rum
349 554 452 573 auctore
472 547 604 580 simulque
623 546 825 579 praeformatore
849 546 987 569 haereseos
1008 543 1253 576 Monophisitarum.

202 650 226 680 1.
249 641 430 721 Innoxiam
461 644 636 675 doctrinam
668 642 923 682 Areopagiticam
955 650 1039 678 esse,
1071 640 1273 680 maximeque

280 690 551 731 Eutychianorum
580 687 736 718 erroribus
760 687 940 723 adversam,
972 685 1169 724 diligentiore
1193 684 1272 714 inito

203 735 354 772 examine,
369 734 448 764 infra
473 733 550 762 mihi
574 731 807 762 ostendendum
831 737 877 760 est
891 730 924 759 in
943 736 1206 769 argumentorum
1221 738 1272 759 so-

201 780 332 815 lutione,
358 788 438 818 quae
461 777 623 814 validiore,
639 786 737 816 quam
756 775 907 805 hactenus
931 774 1050 813 egerint
1073 773 1135 810 alii,
1156 780 1272 803 conatu

201 822 353 864 opposuit
376 821 567 862 LequienuS.
589 820 795 851 Coniecturas
814 819 882 849 eius
897 819 996 848 modo
1012 819 1168 858 expendo,
1184 818 1273 858 queis

202 873 366 908 permotus
397 873 559 896 auctorem
589 864 887 904 Areopagiticorum
918 862 1095 903 suspicatus
1128 869 1174 892 est
1213 862 1273 892 dici

201 921 295 953 posse
318 911 447 941 Petrum
461 910 632 940 Fullonem
647 908 919 949 Monophysitam.
940 921 953 935 ιι
971 907 1032 937 Hic
1047 907 1192 937 omittere
1207 917 1273 937 non

204 970 218 985 »
242 965 375 997 possum
390 953 507 997 (inquit
521 955 552 984 in
573 954 799 984 dissertatione
812 953 1046 983 Damascenica
1062 962 1095 990 11,
1116 962 1203 982 num.
1221 950 1274 994 16)

203 1014 217 1029 »
241 1000 415 1041 pessimum
440 1000 526 1029 hunc
550 998 716 1028 hominem
740 995 991 1040 (Cnaphaeum)
1018 1003 1072 1026 aut
1101 996 1274 1037 quemdam

202 1059 217 1074 ι
240 1045 350 1075 saltem
374 1054 411 1074 ex
434 1043 501 1074 eius
525 1043 659 1080 asseclis,
684 1042 860 1082 genuinum
883 1041 979 1071 fuisse
998 1040 1096 1070 videri
1112 1047 1274 1081 parentem

204 1103 218 1118 »
241 1089 406 1126 librorum,
431 1088 487 1129 qui
510 1087 722 1127 Areopagitici
747 1086 923 1116 audierunt.
945 1085 1046 1116 Cuius
1066 1095 1154 1115 meae
1174 1085 1275 1125 suspi-

203 1147 218 1162 »
241 1133 342 1164 cionis
366 1133 442 1163 haec
466 1132 544 1162 ratio
569 1138 632 1169 est,
657 1131 746 1172 quod
770 1131 870 1171 capite
894 1141 927 1160 111
952 1130 990 1160 de
1021 1129 1203 1160 Hierarchia
1227 1139 1275 1159 ec-

204 1192 218 1207 »
242 1177 429 1214 clesiastica,
453 1177 508 1207 ubi
533 1176 664 1206 strictim
692 1175 834 1216 primum
857 1174 949 1205 refert
977 1183 1118 1214 moxque
1142 1174 1275 1204 subinde

203 1236 218 1251 »
241 1228 362 1252 enarrat
386 1221 508 1251 divinae
531 1220 676 1260 liturgiae
699 1226 813 1260 partes,
837 1229 916 1260 quas
940 1219 978 1249 ab
998 1218 1162 1258 Apostolis
1181 1218 1275 1249 tradi-

204 1281 218 1295 »
241 1273 288 1297 tas
312 1276 378 1296 esse
402 1265 589 1306 persuadere
617 1264 787 1295 lectoribus
810 1263 929 1300 voluit,
959 1263 1157 1293 mentionem
1181 1263 1276 1293 etiam

203 1325 218 1340 »
241 1310 348 1341 fecerit
371 1309 560 1340 recitationis
585 1309 741 1350 symboli:
763 1304 1092 1351 προομολογηθείσης
1109 1305 1175 1338 ὑπὸ
1193 1317 1276 1338 παν-

205 1369 219 1385 »
243 1353 301 1391 τὸς
335 1354 398 1386 τοῦ
432 1354 495 1390 τῆς
522 1353 701 1389 ἐκκλησίας
736 1350 964 1396 πληρώματος
998 1351 1061 1388 τῆς
1091 1349 1275 1388 amomi<

204 1414 219 1429 >v
243 1399 463 1444 ὑμνολογίας;
490 1409 561 1430 cum
586 1399 688 1429 omnis
706 1397 871 1428 Ecclesiae
889 1402 998 1428 coetus
1016 1396 1182 1437 confessus
1200 1401 1276 1427 ante

205 1459 220 1473 ιο
233 1445 344 1486 fuerit
367 1445 557 1475 catholicam
582 1442 818 1473 laudationem:
836 1441 898 1471 hoc
918 1447 965 1471 est
988 1447 1023 1471 ut
1041 1441 1108 1480 ipse
1127 1441 1160 1470 in
1186 1441 1275 1471 theo-

205 1503 220 1518 »
244 1489 288 1519 ria
312 1489 452 1530 mysterii
476 1487 615 1528 exponit,
641 1485 704 1522 τῆς
729 1483 905 1529 θρησκείας
930 1483 972 1517 τὸ
995 1482 1178 1526 σύμβολον,
1200 1485 1275 1515 reli-

206 1547 221 1562 »
242 1534 351 1575 gionis
377 1533 581 1574 ,symbolum;
613 1532 702 1572 quod
730 1541 845 1571 nempe
877 1530 1075 1560 recitandum
1103 1529 1209 1560 statim
1237 1529 1275 1559 ab

206 1591 221 1606 2
244 1588 369 1618 egressu
389 1577 690 1608 catechumenorum
709 1582 739 1606 et
758 1584 1047 1614 energumenorum
1060 1573 1112 1604 ait:
1129 1574 1175 1604 uti
1190 1579 1276 1614 post-

206 1636 221 1651 »
245 1632 280 1653 ea
303 1621 368 1652 fieri
393 1621 556 1652 consuevit
579 1620 611 1650 in
635 1619 782 1650 Ecclesiis
805 1619 906 1659 graeci
926 1619 1014 1656 ritus,
1029 1628 1166 1659 quarum
1181 1618 1277 1648 etiam

207 1681 221 1695 »
244 1676 368 1697 morem
390 1666 478 1697 latini
509 1665 655 1705 deinceps
683 1663 796 1694 imitati
821 1670 905 1694 sunt.
930 1663 1028 1704 Atqui
1052 1663 1277 1693 ecclesiasticae

206 1725 221 1740 ι
244 1711 401 1742 Historiae
425 1716 634 1740 monumenta
657 1708 839 1749 perhibent,
860 1708 968 1748 paucis
992 1707 1082 1738 annis
1105 1714 1277 1748 antequam

206 1769 221 1784 »
244 1755 444 1796 supposititia
474 1753 619 1794 Dionysii
641 1753 808 1783 volumina
831 1752 1010 1792 prodirent,
1039 1752 1170 1782 Petrum
1194 1751 1276 1782 Cna-

206 1814 220 1828 a»
243 1800 399 1840 phaeum,
424 1809 499 1830 cum
521 1797 759 1828 Antiochenum
782 1797 936 1827 thronum
960 1797 1068 1827 denuo
1092 1802 1278 1836 occupasset

207 1858 221 1873 »
244 1842 343 1887 (anno
359 1844 424 1885 476
440 1850 475 1874 ut
489 1841 583 1885 infra)
598 1841 768 1872 instituisse
784 1848 819 1872 ut
833 1841 1018 1881 symbolum
1032 1840 1105 1871 fidei
1125 1842 1157 1871 in
1177 1841 1277 1870 omni-

207 1902 221 1918 »
244 1890 302 1919 bus
324 1889 428 1919 missis
451 1887 647 1924 recitaretur;
670 1886 728 1916 καὶ
755 1884 788 1916 ἐν
814 1882 908 1921 παίση
927 1882 1063 1925 συνάξει
1087 1883 1128 1917 τὰ
1152 1882 1280 1927 σύμβο-

208 1947 223 1962 »
244 1933 302 1964 λον
326 1929 503 1978 λέγεσθαι,
530 1931 633 1972 inquit
654 1930 735 1961 libro
756 1931 782 1960 11
797 1931 990 1961 Theodorus
1014 1931 1137 1960 Lector.
1171 1930 1279 1967 Quem

209 1991 223 2006 ι
246 1978 342 2008 ritum
366 1977 474 2018 paullo
499 1982 572 2016 post
595 1975 653 2006 sub
677 1974 844 2006 Anastasio
870 1975 1072 2015 imperatore,
1087 1974 1280 2005 Timotheus

209 2035 224 2050 ι
247 2020 622 2061 Constantinopolitanus
638 2019 776 2050 Antistes
793 2019 1029 2060 Monophysita‚
1041 2018 1280 2050 Calchedonen-

208 2080 223 2095 »
246 2067 335 2107 sique
359 2066 491 2107 Synodo
520 2064 678 2101 infensus,
702 2063 735 2094 in
759 2064 836 2094 urbe
865 2063 949 2103 regia
977 2063 1135 2094 observari
1162 2063 1280 2101 sanxit,

210 2124 225 2139 ›
248 2111 362 2142 eodem
386 2111 517 2141 Lectore
540 2115 627 2139 teste.
651 2109 698 2139 Ex
721 2118 788 2149 quo
812 2107 912 2148 capite
928 2107 1172 2148 compertiorem
1187 2108 1281 2138 habe-

211 2169 226 2184 »
249 2166 321 2186 mus
345 2162 489 2192 aetatem,
514 2163 577 2194 qua
601 2153 707 2193 spuria
729 2152 949 2192 Areopagitica
969 2152 1145 2192 conscripta
1165 2159 1248 2183 sunt.
1263 2165 1278 2180 »

278 2213 292 2227 a
310 2199 361 2230 Ad
384 2199 476 2237 haec,
501 2197 776 2239 quemadmodum
800 2196 991 2237 Cnaphaeus
1019 2197 1135 2227 iterum
1158 2197 1282 2236 excogi-

211 2257 225 2272 »
247 2244 324 2275 tavit
347 2250 383 2274 ut
405 2249 606 2283 unguentum
630 2248 775 2272 sanctum
799 2251 855 2271 seu
880 2241 1016 2271 chrisma
1035 2241 1139 2281 palam
1168 2241 1201 2271 in
1223 2241 1281 2272 Ec-

211 2301 226 2316 »
249 2288 351 2323 clesia,
367 2288 507 2318 adstante
522 2286 657 2326 populo,
673 2292 855 2322 sacraretur,
871 2284 913 2317 τὲ
930 2282 1032 2328 μύρον
1049 2283 1085 2316 ἐν
1103 2284 1147 2321 τῆ
1165 2284 1281 2322 ἐκκλη-

211 2346 226 2361 »
249 2334 307 2363 σία.
325 2331 379 2363 ἐπὶ
396 2329 525 2368 παντὸς
547 2329 634 2361 λαοῦ
653 2327 854 2375 ἀγιάζεσθαιι
870 2328 1010 2372 (Theod.
1025 2331 1110 2361 Lect.
1131 2330 1212 2361 libro
1228 2330 1280 2374 ΙΙ),

212 2390 227 2405 »
249 2387 331 2418 quae
354 2377 487 2417 proinde
511 2375 704 2406 consecratio
729 2375 817 2416 prius
842 2375 924 2405 clam
944 2381 974 2405 et
993 2381 1077 2405 extra
1092 2374 1232 2405 divinam
1246 2375 1282 2406 li—

213 2434 227 2450 »
250 2421 386 2461 turgiam
409 2420 518 2457 fiebat·‚
541 2419 583 2450 ita
605 2429 736 2460 quoque
760 2419 841 2450 libro
866 2419 904 2450 de
924 2419 1043 2450 Eccles.
1064 2419 1215 2450 hierarch.
1231 2430 1281 2451 ca-

213 2478 228 2494 »
251 2465 314 2506 pite
337 2476 367 2495 tv
391 2465 514 2504 legitur,
539 2463 644 2494 statim
667 2464 769 2494 valere
792 2463 885 2495 iussis
909 2463 1142 2494 cathecumenis
1165 2471 1196 2495 et
1214 2464 1282 2495 aliis

214 2523 229 2538 2
251 2510 307 2551 qui
331 2520 348 2539 a
372 2508 522 2539 sacrificio
553 2508 592 2539 de
615 2517 704 2538 more
735 2509 936 2545 arcebantur,
965 2507 1192 2548 auspicandam
1215 2519 1282 2540 esse

214 2567 229 2582 2
252 2554 332 2584 intra
362 2553 530 2584 Missarum
559 2552 730 2588 solemnia,
762 2562 797 2583 ac
828 2552 962 2592 proinde
995 2552 1161 2583 christiana
1190 2553 1282 2594 plebe

214 2611 230 2626 2
252 2605 430 2639 praesente,
455 2596 551 2627 divini
575 2596 728 2636 unguenti
752 2596 1031 2626 consecrationem.
1046 2608 1060 2623 ιι

283 2656 297 2670 ι
315 2641 471 2680 Quinimo
495 2641 572 2671 ritus
595 2641 682 2678 alter,
697 2640 752 2681 qui
772 2640 890 2671 ibidem
922 2640 1141 2680 subiungitur,
1170 2651 1282 2682 quem-

215 2700 230 2715 »
253 2697 315 2728 que
339 2686 498 2726 hodieque
521 2685 688 2716 observant
711 2684 833 2720 Graeci,
853 2691 888 2715 ut
911 2691 1112 2724 unguentum
1131 2695 1226 2725 super
1241 2686 1283 2716 al-

215 2744 230 2759 »
253 2738 316 2762 tare
340 2730 523 2771 depositum
546 2729 713 2769 seraphicis
737 2728 845 2769 figuris
864 2729 987 2759 duabus
1007 2735 1201 2768 contegatur,
1217 2739 1283 2770 quo

216 2789 231 2804 »
253 2773 444 2815 significetur
468 2773 632 2805 Christum
655 2773 710 2814 qui
734 2779 899 2813 unguento
923 2779 1192 2812 repraesentatur,
1214 2783 1283 2814 per-

216 2833 230 2848 »
253 2826 351 2860 petuo
366 2818 530 2859 Seraphim
545 2817 678 2855 cantico,
691 2818 780 2859 quod
800 2818 984 2858 Trisagium
1000 2826 1055 2847 seu
1075 2817 1283 2848 Tersanctum

217 2877 232 2893 w
254 2863 378 2900 dicitur,
403 2861 565 2900 celebrari;
589 2872 697 2892 annon
721 2861 782 2892 hoc
806 2861 901 2893 etiarn
915 2861 1078 2901 Cnaphaei
1098 2868 1128 2892 et
1147 2861 1285 2892 Severia-

217 2921 232 2937 ι
255 2918 372 2939 norum
396 2914 536 2938 mentem
559 2913 590 2937 et
612 2906 776 2946 ingenium
800 2906 930 2943 redolet,
955 2905 1010 2946 qui
1039 2906 1189 2947 Trisagia
1214 2916 1286 2936 can-

217 2966 232 2981 »
254 2953 314 2983 tica
329 2951 428 2982 modo
445 2950 503 2982 toti
517 2950 664 2982 Trinitati
679 2950 835 2987 accinunt,
851 2950 950 2980 modo
971 2949 1031 2980 soli
1047 2949 1128 2980 Filio
1143 2960 1179 2980 ac
1194 2950 1285 2981 Chri-

218 3010 232 3025 »
255 3003 322 3034 sto,
347 2995 622 3037 quemadmodum
646 2994 900 3025 Ecclesiasticum
922 2994 1016 3032 illud,
1032 2994 1170 3025 Sanctus
1184 2995 1284 3032 Deus,

218 3054 233 3069 ›
256 3041 394 3071 Sanctus
406 3039 526 3081 fortis,
551 3039 691 3070 Sanctus
713 3044 744 3070 et
766 3039 972 3076 immortalis,
993 3038 1113 3069 adiecta
1127 3038 1286 3070 interdum

219 3098 234 3114 »
256 3095 345 3121 voce,
369 3085 424 3125 qui
447 3083 622 3125 crucifixus
645 3093 678 3114 es
696 3093 759 3124 pro
779 3084 878 3120 nobis,
895 3090 931 3114 ut
944 3083 984 3113 ad
999 3082 1162 3114 Christum
1181 3083 1286 3114 referri

219 3142 235 3158 ›
258 3126 469 3168 significetur?
492 3128 598 3158 Huius
621 3127 843 3165 additamenti,
873 3137 938 3168 quo
963 3127 1062 3158 Filius
1091 3134 1138 3158 ter
1166 3129 1286 3168 procla-

220 3187 235 3202 »
258 3179 396 3203 maretur
421 3177 568 3209 sanctus,
594 3179 756 3203 auctorem
785 3171 880 3202 fuisse
904 3171 1093 3210 Fullonem,
1123 3172 1174 3203 vel
1197 3173 1288 3212 pueri

219 3230 235 3246 »
257 3223 385 3248 norunt.
400 3229 414 3244 ι
441 3217 527 3247 Haec
549 3216 612 3247 ine.

285 3261 323 3292 11.
352 3260 501 3302 Sequitur
531 3260 641 3301 opinio
671 3260 721 3292 vel
750 3260 857 3301 potius
888 3266 1109 3291 commentum
1139 3261 1288 3292 Maturini

218 3305 390 3347 Veyssieris
413 3305 444 3335 la
467 3304 584 3342 Croze,
609 3304 699 3335 cuius
723 3304 799 3335 haec
822 3305 943 3336 adserta
966 3311 1040 3336 sunt
1062 3305 1143 3335 libro
1168 3305 1179 3336 1
1205 3305 1287 3337 citati

218 3349 339 3391 operis:
366 3359 391 3380 1.
411 3349 553 3387 Scilicet,
575 3348 809 3390 Areopagiticas
833 3349 1066 3380 lucubrationes
1089 3359 1204 3388 revera
1231 3350 1289 3382 abs

217 3395 373 3435 scriptore
390 3393 568 3434 prodiisse,
589 3393 644 3434 qui
664 3403 846 3434 perversum
864 3394 1060 3434 Apollinarii
1077 3393 1196 3435 dogma
1212 3399 1287 3425 tem-

213 3439 342 3479 peravit
362 3437 506 3479 quidem,
532 3437 586 3468 sed
608 3438 765 3468 haeresim
784 3437 1040 3479 praeformavit,
1063 3448 1161 3479 quam
1181 3438 1287 3480 Eutr-

220 3483 327 3513 chiani
335 3488 365 3513 et
375 3482 623 3523 Monophysitae
637 3482 813 3513 coluerunt.
829 3483 902 3520 Qua
916 3482 947 3513 in
960 3492 991 3513 re
1005 3482 1079 3513 satis
1094 3482 1137 3513 illi
1153 3489 1198 3514 est
1213 3493 1288 3514 con-

221 3526 405 3556 sentientem
428 3526 541 3557 habere
564 3526 783 3557 doctissimum
799 3527 1009 3568 Lequienum:
1028 3537 1057 3558 2.
1068 3527 1288 3568 Theophilum

221 3570 425 3600 Alexandriae
456 3570 652 3610 Episcopum
682 3571 784 3610 prima
807 3571 882 3601 novi
911 3571 1068 3610 dogmatis
1100 3571 1288 3603 lineamenta

223 3613 464 3654 praeformasse3
488 3621 713 3655 auctoremque
742 3615 875 3655 Synesio
899 3615 1060 3655 Episcopo
1084 3615 1289 3647 Ptolemaidis

924 253 1389 294 DISSERTATIONES
1420 254 1669 291 CRITICAE

1329 332 1441 371 fuisse,
1467 340 1502 364 ut
1526 334 1566 363 ad
1590 333 1686 364 errori
1712 333 1943 364 conciliandam
1967 332 2187 363 auctoritatem
2210 331 2307 362 libros
2331 341 2407 362 con-

1329 377 1468 408 cinnaret
1492 378 1551 408 sub
1575 378 1633 407 viri
1658 377 1823 418 apostolici
1848 378 1990 415 nomine,
2015 377 2161 418 Dionysii
2184 376 2406 417 Areopagitae:

1331 422 1358 451 3.
1375 422 1463 452 Haec
1483 432 1579 462 opera
1603 429 1668 452 tam
1691 422 1872 452 venerando
1896 422 2020 452 nomini
2038 422 2204 462 supposita
2223 421 2255 451 in
2275 421 2407 451 archivis

1328 465 1485 496 Ecclesiae
1515 466 1745 496 Alexandrinae
1768 466 1913 504 latuisse,
1939 466 2041 496 donec
2071 466 2209 507 Cyrillus
2233 465 2408 505 Theophili

1328 519 1500 548 successor,
1525 510 1580 550 qui
1605 520 1744 540 errorem
1768 510 1904 540 maxime
1921 511 2094 550 promovit,
2111 510 2266 540 nonnulla
2290 520 2327 540 ex
2346 509 2407 539 illis

1328 554 1517 594 deprompta
1541 554 1722 584 testimonia
1746 554 1889 585 adhibuit
1913 562 2022 585 contra
2045 555 2227 585 Diodorum
2251 561 2282 585 et
2300 554 2407 584 Theo-

1328 598 1456 635 dorum,
1481 609 1563 639 quae
1578 605 1688 638 postea
1709 598 1866 629 Severiani
1883 599 2058 638 allegarunt
2079 599 2112 628 in
2135 599 2303 629 collatione
2321 598 2407 629 Con-

1328 642 1611 682 stantinopolitana
1634 653 1719 673 anno
1747 644 1807 673 532
1833 643 1949 673 habita.

1395 686 1494 716 Porro
1511 687 1733 727 Theophilum
1749 687 2001 717 Alexandrinum
2015 687 2096 717 inter
2109 697 2328 727 praecursores
2343 687 2407 717 Eu-

1328 730 1461 770 tychetis
1485 731 1721 761 numerandum
1754 741 1821 761 esse
1850 731 1955 771 colligi
1979 741 2016 761 ex
2040 741 2078 761 eo
2103 741 2197 772 posse
2221 738 2312 772 putat
2329 731 2407 762 Cro-

1328 784 1415 811 zeus,
1440 775 1530 814 quod
1553 775 1620 814 ipse
1644 785 1681 805 ex
1705 785 1818 805 eorum
1842 785 1977 805 numero
2002 775 2113 813 fuerit,
2137 775 2193 816 qui
2217 776 2303 816 apud
2327 776 2408 816 Nys-

1329 828 1454 855 senum,
1478 818 1510 848 in
1537 818 1670 858 epistola
1693 820 1734 849 ad
1757 819 1865 859 ipsum
1890 819 2111 859 Theophilum
2135 820 2284 850 adversus
2308 820 2409 860 Apol—

1329 862 1479 899 linarem,
1505 862 1712 893 Orthodoxos
1740 863 1819 893 duas
1849 863 1882 892 in
1911 863 2039 893 Christo
2071 870 2198 894 naturas
2223 863 2408 894 confitentes

1329 907 1556 937 insimulabant
1580 907 1703 944 erroris,
1719 917 1755 937 ac
1779 907 1804 937 si
1828 907 1909 937 duos
1921 907 2016 947 filios
2034 908 2177 938 colerent
2191 909 2224 938 in
2245 908 2407 949 dogmate,

1331 961 1430 982 unum
1459 951 1586 992 quidem
1610 951 1786 982 secundum
1812 956 1981 988 naturam,
2006 952 2146 981 alterum
2169 957 2277 982 autem
2296 962 2409 982 secun-

1330 996 1406 1026 dum
1431 996 1632 1036 adoptionem
1655 1001 1766 1036 postea
1789 997 1992 1036 acquisitum.
2017 996 2112 1026 Novo
2136 995 2247 1026 huicce
2267 996 2410 1035 dogmati

1330 1040 1520 1080 expoliendo
1545 1040 1833 1081 promovendoque
1857 1040 2002 1070 animum
2026 1040 2215 1080 adplicuisse
2239 1039 2409 1081 Cyrillum,

1330 1085 1504 1125 Theophili
1528 1084 1560 1114 in
1584 1085 1657 1115 sede
1681 1084 1892 1115 Alexandrina
1908 1094 2134 1122 successorem,
2152 1084 2341 1115 dubitaverit
2357 1094 2410 1115 ne-

1331 1139 1386 1159 mo
1411 1126 1530 1171 (inquit
1553 1127 1699 1171 ille)'qui
1724 1129 1881 1169 prolatam
1905 1129 2087 1169 expenderit
2111 1129 2149 1159 ab
2166 1139 2205 1160 eo
2222 1129 2411 1160 sententiam

1331 1174 1371 1203 de
1394 1183 1460 1204 una
1483 1173 1574 1204 Verbi
1597 1179 1717 1204 natura
1742 1175 1925 1211 incarnata,
1950 1183 2049 1214 quam
2073 1183 2165 1204 suam
2189 1173 2290 1204 fecere
2311 1174 2411 1214 Euty-

1332 1218 1405 1248 ches
1429 1224 1459 1248 et
1482 1218 1627 1248 asseclae.
1654 1221 1682 1248 A
1705 1218 1839 1259 Synesio
1864 1218 2001 1259 denique
2018 1217 2239 1258 Areopagitica
2255 1218 2410 1258 prodiisse

1331 1272 1439 1302 opera,
1463 1262 1522 1293 tria
1544 1262 1691 1293 videntur
1706 1263 1859 1300 evincere,
1875 1262 2174 1303 Areopagiticorum
2190 1262 2318 1293 collatio
2335 1272 2411 1293 cum

1332 1306 1475 1337 eiusdem
1499 1306 1611 1337 Sinesii
1635 1307 1796 1347 operibus,
1821 1307 1953 1348 eiusque
1977 1307 2074 1337 animi
2091 1307 2250 1338 character
2265 1307 2306 1337 ad
2321 1316 2410 1338 men-

1331 1351 1477 1382 tiendum
1500 1351 1611 1391 proni,
1636 1361 1671 1382 ac
1696 1351 1861 1392 peculiaris
1886 1352 2044 1393 quaedam
2073 1351 2186 1382 calami
2216 1351 2348 1382 facilitas
2372 1351 2413 1382 ad

1331 1395 1416 1425 varia
1440 1395 1511 1436 styli
1535 1405 1658 1435 genera.
1685 1396 1719 1426 in
1743 1395 1806 1426 fine
1826 1396 1912 1434 libri,
1937 1396 1993 1437 qui
2016 1396 2102 1426 Dion
2127 1395 2317 1434 inscribitur,
2334 1395 2410 1426 fate-

1332 1445 1383 1470 tur
1406 1439 1473 1479 ipse
1497 1449 1652 1480 perquam
1676 1440 1765 1471 facile
1789 1440 1847 1470 sibi
1872 1440 1980 1477 fuisse,
2000 1447 2036 1471 ut
2059 1440 2151 1470 variis
2165 1440 2410 1481 plurimumque

1331 1493 1352 1513 a
1375 1493 1410 1513 se
1433 1484 1567 1514 invicem
1591 1484 1727 1515 diversis
1750 1485 1878 1515 dicendi
1892 1485 2016 1525 formis
2039 1491 2181 1515 mentem
2204 1491 2236 1515 et
2251 1485 2412 1516 calamum

1331 1527 1502 1567 adaptaret.
1527 1527 1628 1558 Effata
1651 1528 1719 1559 eius
1743 1529 1899 1559 nonnulla
1922 1536 2104 1566 occurrunt,
2128 1539 2210 1570 quae
2234 1529 2308 1560 satis
2331 1529 2412 1559 indi-

1333 1578 1404 1602 cant
1426 1572 1467 1602 ad
1489 1571 1677 1611 fingendum
1699 1573 1941 1613 proclivitatem.
1967 1573 2128 1604 Sententia
2151 1573 2220 1604 eius
2236 1573 2331 1604 estin
2347 1573 2412 1604 En-

1333 1615 1440 1646 comio
1465 1615 1610 1647 Calvitiiz
1634 1617 1791 1657 Populum
1806 1617 1931 1658 faciles
1955 1618 2088 1648 nimium
2106 1618 2336 1658 parabilesque
2359 1627 2412 1648 res

1331 1660 1498 1691 deridere:
1508 1662 1669 1701 portentis
1684 1667 1803 1698 autem,
1822 1662 2004 1705 τερατείας
2021 1660 2092 1704 (seu
2109 1660 2309 1704 imposturis)
2333 1671 2414 1702 opus

1332 1705 1450 1735 habere
1473 1702 1510 1747 (il
1533 1715 1551 1735 a
1574 1705 1685 1736 besoin
1716 1705 1952 1749 d'imposture.)
1976 1706 2017 1737 Et
2044 1706 2078 1736 in
2102 1706 2236 1747 epistola
2259 1705 2318 1737 CV
2342 1712 2414 1737 tum

1333 1749 1463 1789 scripta,
1487 1759 1563 1780 curn
1586 1750 1627 1780 ad
1650 1750 1839 1790 Episcopale
1872 1750 2034 1790 fastigium
2061 1750 2300 1791 postulabatur,
2323 1750 2415 1792 quod

1333 1793 1454 1824 eiurare
1477 1794 1567 1824 omni
1591 1804 1654 1834 ope
1678 1795 1906 1833 contendebat,
1925 1795 1968 1826 sic
1993 1795 2051 1826 ait:
2075 1796 2214 1826 Animus
2237 1800 2324 1827 certe
2345 1795 2415 1836 qui-

1333 1838 1404 1868 dem
1423 1838 1625 1878 philosophia
1650 1839 1790 1870 imbutus
1812 1849 1852 1870 ac
1877 1841 2023 1870 veritatis
2047 1841 2217 1880 inspector,
2239 1839 2415 1870 mentiendi

1334 1883 1516 1913 necessitati
1538 1883 1686 1914 nonnihil
1709 1885 1904 1914 remittit....
1920 1884 2128 1915 Mendacium
2145 1884 2244 1925 vulgo
2258 1884 2416 1924 prodesse

1334 1926 1495 1964 arbitror,
1521 1932 1634 1958 contra
1658 1937 1774 1958 nocere
1797 1929 1963 1959 veritatem
1989 1929 2046 1965 iis,
2071 1929 2127 1969 qui
2150 1929 2182 1959 in
2207 1938 2318 1959 rerum
2337 1938 2415 1969 per·

1334 1972 1534 2011 spicuitatem
1560 1971 1726 2002 intendere
1749 1973 1864 2003 mentis
1887 1974 1987 2004 aciem
2019 1977 2190 2014 nequeunt.
2216 1973 2325 2011 Quem
2348 1973 2414 2004 ani-

1336 2025 1428 2046 mum
1451 2015 1494 2046 sic
1518 2015 1666 2046 affectum
1689 2023 1721 2047 et
1743 2016 1923 2057 Episcopus
1947 2017 2047 2048 factus
2071 2015 2200 2059 (Crozei
2216 2017 2311 2048 verba
2326 2015 2415 2060 sunt)

1336 2059 1479 2090 servavit.
1503 2060 1563 2090 Par
1593 2060 1730 2101 denique
1754 2061 1872 2102 stylus,
1902 2071 1959 2102 par
1982 2061 2210 2092 sententiarum
2238 2061 2416 2094 sublimitas

1336 2104 1369 2134 in
1393 2104 1621 2144 Areopagiticis
1646 2111 1676 2135 et
1699 2105 1731 2135 in
1756 2105 1879 2146 Synesii
1903 2105 2064 2145 operibus.
2080 2105 2135 2136 Ait
2149 2105 2207 2136 iste
2222 2106 2356 2147 Hymno
2373 2106 2415 2137 111

1337 2147 1392 2179 ubi
1416 2148 1455 2179 de
1478 2149 1569 2179 Patre
1593 2155 1720 2180 aeterno
1745 2149 1819 2189 agit,
1845 2148 1945 2195 παγαὶ
1969 2149 2105 2195 παγῶν,
2116 2149 2415 2191 fontemfontium,

1332 2193 1530 2233 principium
1550 2194 1798 2234 principiorum,
1820 2194 1966 2225 radicum
1987 2195 2129 2226 radicem
2151 2192 2196 2237 (v.
2218 2205 2290 2236 171,
2307 2192 2415 2236 seqq):

1338 2236 1381 2268 ait
1404 2237 1500 2267 etiam
1523 2237 1576 2268 ille
1591 2238 1692 2278 capite
1713 2249 1734 2268 n
1754 2238 1793 2269 de
1812 2238 1935 2269 Divinis
1959 2238 2152 2270 Nominibus
2176 2238 2204 2280 ἕ.
2224 2249 2260 2280 7,
2279 2241 2417 2285 πηγαῐα

1338 2277 1460 2318 θεότης
1473 2281 1619 2323 fontalis
1641 2282 1803 2313 divinitas.
1831 2283 1955 2314 Eodem
1979 2283 2011 2314 in
2035 2283 2170 2324 Hymno
2194 2283 2300 2314 divina
2323 2291 2417 2316 vocat

1338 2326 1490 2367 Synesius
1506 2323 1606 2365 βυθὸν
1626 2324 1784 2370 ἅρῥητον,
1791 2327 2048 2368 profunditatem
2066 2327 2260 2368 ineffabilem
2271 2326 2316 2370 (v.
2329 2327 2415 2371 189):

1338 2370 1516 2412 legiturque
1541 2371 1641 2411 capite
1662 2382 1690 2401 tx
1714 2372 1785 2402 libri
1809 2371 1894 2402 citati
1919 2372 1957 2402 de
1981 2371 2105 2403 Divinis
2121 2371 2315 2404 Nominibus
2337 2371 2366 2414 g.
2387 2374 2416 2412 5,

1339 2411 1486 2454 βάθος...
1516 2413 1770 2459 ἀπερίληπτον,
1792 2416 2030 2458 profundum...
2056 2418 2180 2448 cunctis
2206 2417 2415 2449 inaccessum.

1340 2459 1411 2490 Alia
1428 2459 1560 2490 demum
1576 2461 1646 2491 loca
1663 2460 1854 2491 conferenda
1878 2461 1976 2498 iubet,
2000 2470 2036 2492 ac
2055 2461 2224 2502 praecipue
2241 2467 2338 2501 caput
2353 2461 2417 2502 pri-

1339 2514 1431 2534 mum
1450 2503 1519 2534 libri
1536 2504 1619 2535 citati
1635 2505 1849 2546 Areopagitici
1867 2515 1938 2545 pag.
1956 2506 2022 2546 439
2039 2505 2188 2536 editionis
2205 2505 2418 2538 Corderianne

1339 2558 1414 2579 cum
1437 2548 1542 2589 primo
1567 2555 1598 2580 et
1620 2549 1719 2580 altero
1743 2549 1866 2591 Synesii
1890 2549 2025 2591 hymno.

1733 2647 1944 2684 CAPUT
1973 2648 2021 2684 X.

1339 2729 1392 2755 Nec
1410 2729 1575 2762 Theophilus
1600 2737 1648 2754 nec
1675 2730 1803 2763 Cyrinus,
1823 2731 1945 2764 Episcopi
1969 2731 2147 2762 Alexandrini,
2173 2731 2417 2765 Monophysitarum

1411 2764 1538 2789 haeresim
1559 2764 1772 2797 praeformarunt.
1798 2766 1910 2799 Synesio
1930 2766 2061 2800 Episcopo
2087 2767 2253 2792 ptolemaidis
2279 2775 2417 2800 perperam

1411 2800 1590 2832 Areopagitica
1614 2800 1762 2825 tribuuntur
1784 2809 1878 2834 opera:
1904 2809 1990 2835 neque
2015 2802 2106 2827 eadem
2131 2802 2282 2828 elucubrata
2307 2807 2370 2828 sunt
2387 2811 2418 2828 ea

1412 2840 1499 2860 mente
1517 2843 1603 2868 eoque
1627 2836 1752 2867 consilio,
1771 2841 1801 2861 ut
1818 2844 1891 2862 error
1908 2837 1986 2863 unius
2011 2837 2038 2862 in
2057 2837 2161 2863 Clu-isto
2186 2844 2292 2864 naturae
2310 2839 2417 2872 evulga-

1411 2875 1489 2896 retur.

1341 2951 1365 2982 1.
1391 2945 1577 3029 Superius
1606 2953 1799 2993 descriptum
1831 2953 1946 2985 Crozei
1979 2961 2201 2986 commentum
2231 2955 2322 2987 liceat
2345 2961 2418 2988 ante

1348 3020 1351 3023 .
1450 2997 1557 3037 paucis
1580 2997 1730 3035 refellere,
1754 3008 1853 3039 quam
1876 2999 2051 3038 expendere
2071 2999 2225 3040 Lequieni
2241 2999 2417 3031 doctissimi

1342 3040 1538 3072 coniecturas
1561 3047 1592 3072 et
1614 3049 1811 3082 argumenta,
1836 3042 2010 3083 eademque
2026 3053 2085 3084 pro
2100 3053 2171 3074 mea
2186 3044 2267 3075 virili
2283 3044 2418 3076 refutare

1341 3085 1516 3124 aggredior.
1540 3085 1647 3116 Posita
1670 3096 1688 3117 a
1712 3086 1836 3118 Crozeo
1866 3087 2019 3127 principia
2047 3095 2161 3119 nutant
2188 3098 2223 3119 ac
2253 3089 2419 3120 labascunt

1342 3129 1470 3167 omnia,
1494 3129 1672 3171 fabulisque
1695 3130 1871 3162 adinventis
1888 3131 2029 3162 fabulam
2046 3131 2135 3163 fulcit
2150 3132 2212 3164 ille.
2232 3133 2347 3164 Manus
2362 3132 2418 3164 ha-

1342 3173 1402 3204 beo
1417 3173 1495 3204 mihi
1520 3174 1734 3214 porrigentem
1749 3175 1915 3206 laudatum
1930 3176 2126 3207 Bruckerum
2142 3183 2234 3208 tomo
2251 3177 2292 3208 111
2309 3176 2417 3208 Histo-

1342 3217 1404 3248 riae
1428 3218 1551 3249 criticae
1573 3218 1799 3260 Philosophiae
1823 3219 1923 3260 capite
1938 3220 2016 3261 111,§
2037 3230 2088 3262 29.
2110 3221 2342 3252 Commeatum
2365 3220 2417 3252 aio

1342 3261 1581 3302 putidissimum
1609 3273 1696 3302 esse,
1728 3274 1827 3294 unam
1858 3264 1889 3295 in
1919 3264 2047 3296 Christo
2077 3272 2223 3296 naturam
2251 3265 2418 3296 credidisse

1343 3306 1564 3348 Theophilum
1596 3307 1846 3339 Alexandrinum
1877 3308 2049 3350 ipsumque
2081 3308 2316 3350 Apollinei-istis
2346 3308 2418 3340 iun·

1342 3357 1438 3381 ctum*
1453 3350 1652 3382 insimulasse
1676 3352 1885 3390 orthodoxos,
1909 3353 1964 3394 qui
1989 3353 2067 3384 duas
2086 3353 2221 3394 integras
2239 3353 2272 3384 in
2289 3352 2416 3385 Christo

1342 3401 1469 3426 naturas
1483 3395 1722 3436 profitebantur,
1738 3406 1773 3428 ac
1788 3397 1813 3427 si
1829 3397 1910 3428 duos
1927 3397 2110 3429 inveherent
2124 3397 2232 3429 Filios.
2249 3396 2344 3428 Tanti
2361 3396 2417 3428 cri-

1343 3439 1448 3477 minis,
1473 3440 1564 3471 cuius
1587 3450 1659 3471 reus
1683 3440 1776 3472 fuerit
1799 3441 2030 3473 Alexandrinus
2053 3441 2204 3480 Antistes,
2220 3441 2293 3472 vola
2316 3441 2414 3479 nulla,

1342 3483 1511 3524 vestigium
1541 3485 1667 3516 nullum
1695 3486 1782 3526 apud
1811 3485 2002 3526 Gregorium
2032 3486 2223 3527 Nyssenum.
2254 3484 2417 3516 Admonet

1342 3527 1394 3558 ille
1417 3528 1654 3569 Theophilum,
1677 3529 1934 3570 Apollinaristas,
1958 3530 2013 3571 qui
2037 3530 2171 3561 carnale
2206 3529 2339 3560 Verbum
2354 3528 2415 3570 fa-

1343 3572 1442 3610 ciunt,
1460 3578 1556 3614 atque
1571 3574 1775 3604 saeculorum
1793 3574 1988 3605 conditorem
2005 3574 2142 3604 hominis
2153 3573 2265 3615 filium
2285 3578 2316 3604 et
2331 3583 2415 3603 mor-

1344 3617 1440 3647 talem
1456 3617 1534 3648 Filii
1555 3618 1727 3655 Deitatem,
1743 3618 1926 3649 insimulare
1948 3617 2102 3658 quosdam
2126 3618 2158 3648 in
2183 3617 2339 3648 catholica
2355 3618 2416 3649 Ec-
