2548 4192
930 261 984 297 IN
1015 260 1054 297 S.
1077 259 1319 296 THOMAM
1347 259 1671 306 AQUINATEM

196 342 239 372 ad
252 341 416 372 saeculum
431 346 556 371 sextum
571 340 826 378 Benedicfinum,
841 340 931 381 quod
943 339 1067 370 Parisiis
1089 349 1174 370 anno
1191 349 1267 381 ¹70¹

197 385 360 427 publicam
383 385 490 416 lucem
512 384 600 415 vidit.
621 385 725 415 Verba
745 384 812 415 eius
835 384 912 414 haec
932 391 1007 415 sunt
1026 394 1115 415 num.
1140 385 1195 414 36:
1215 385 1272 414 At—

197 436 305 461 tamen
319 439 443 470 pueros
457 431 490 460 in
508 429 679 460 Casinensi
692 429 894 459 Monasterio
907 429 1038 459 saeculo
1047 439 1101 458 xin
1121 429 1273 459 educatos

196 474 300 512 titisse
306 474 427 515 probat
441 475 623 514 exemplum
637 483 664 504 s.
677 473 816 503 Thomae
830 474 1013 514 Aquinatis,
1032 483 1124 514 quern
1136 483 1156 503 a
1169 483 1272 513 puero

196 520 408 550 monasticum
425 519 493 549 illic
512 519 654 549 habitum
670 517 813 548 induisse
835 519 923 548 sacri
942 518 1082 548 eiusdem
1105 518 1167 548 loci
1186 527 1271 547 mar-

196 563 397 605 tyrologium
413 567 560 594 testatur.
583 562 645 593 Sed
662 572 766 603 neque
785 562 866 592 hanc
885 562 975 602 pueri
995 563 1143 592 Thomae
1158 562 1271 592 educa-

195 607 319 644 tionem
333 607 442 638 Casini
455 607 489 637 in
502 607 613 638 habitu
633 606 811 637 monastico
830 606 1033 637 verisimilem
1055 617 1139 643 esse,
1161 606 1271 637 latiore

195 652 261 682 iam
275 652 398 682 calamo
428 652 628 682 ostendimus
647 661 716 692 cap.
733 661 775 682 ιιι.
800 653 867 681 Aut
882 661 957 691 ergo
977 651 1141 682 Thomam
1161 658 1272 681 auctor

195 696 413 733 Additamenti
431 697 472 726 ad
494 695 667 727 Casinense
686 695 952 737 martyrologium
971 697 1162 727 monachum
1183 695 1270 733 dixit,

195 740 258 772 hoc
273 748 335 780 est,
354 741 387 771 in
407 750 446 771 eo
461 740 632 771 Coenobio
647 740 815 779 nutritum,
826 740 970 770 moribus
990 747 1021 771 et
1038 740 1148 771 litteris
1167 751 1184 770 a
1201 750 1270 770 mo-

195 785 304 816 nachis
333 785 563 816 informatum:
595 791 650 816 aut
675 785 782 815 minus
811 785 950 825 prudens
978 785 1156 826 simplicem
1183 785 1271 815 illam

194 829 342 861 Thomae
359 830 599 868 educationem,
619 839 702 871 quae
725 829 841 871 cuique
862 829 1028 860 notissima
1048 837 1124 868 erat,
1148 836 1184 860 ut
1198 829 1271 860 inde

195 873 394 905 casinatium
408 874 543 914 gloriam
557 874 803 915 quodammodo
818 881 957 914 augeret,
972 884 1031 914 pro
1046 884 1121 904 vero
1137 874 1270 905 oblatio-

193 918 243 950 nis
261 919 324 950 ritu
343 919 515 950 venditavit
534 918 718 960 accepitque
737 929 795 959 pro
815 919 991 950 monastica
1009 918 1217 959 professione.

262 963 300 994 11.
324 963 461 994 Externa
483 964 642 1005 quaedam
665 963 798 994 huiusce
816 964 949 994 demum
968 963 1177 994 monachatus
1196 973 1270 1004 pro-

194 1006 254 1038 fert
276 1008 378 1048 capite
401 1019 455 1047 vn,
480 1018 569 1039 num.
589 1018 612 1048 4
634 1007 750 1038 indicia
769 1007 973 1048 Disquisitor,
997 1007 1115 1049 quibus
1138 1008 1213 1038 olim
1238 1018 1271 1038 se

195 1054 337 1083 maxime
360 1054 534 1084 excitatum
552 1052 744 1093 prqfitetur,
775 1057 811 1082 ut
833 1052 1078 1082 Benedictinum
1097 1052 1164 1082 divi
1190 1052 1270 1082 Tho-

193 1106 267 1127 mae
289 1097 527 1135 monachatum,
549 1097 590 1127 de
612 1096 774 1127 industria
786 1095 883 1137 sorte
905 1106 926 1126 a
946 1097 1111 1126 nonnullis
1129 1097 1270 1127 occulta-

194 1145 282 1180 tum,
321 1142 500 1182 inquireret
532 1146 717 1181 veteresque
748 1141 879 1171 chartas
912 1141 1066 1171 volvendo
1099 1145 1268 1181 retegeret.

191 1184 321 1216 Evolvit
343 1185 471 1224 scilicet,
495 1195 578 1226 quae
599 1195 657 1215 sua
675 1185 708 1215 in
735 1184 953 1215 dissertatione
971 1185 1187 1224 manuscripta
1206 1185 1281 1215 iam.

193 1235 285 1261 antea
305 1229 474 1270 collegerat
492 1229 634 1269 Angelus
654 1229 694 1259 de
711 1229 813 1267 Nuce,
833 1229 976 1270 nihilque
1005 1229 1091 1259 aliud
1110 1237 1268 1269 praeterea

191 1274 282 1316 quod
303 1284 397 1315 grave
421 1273 697 1315 aliquodafferret
720 1280 934 1304 momentum.
963 1286 978 1301 α
995 1274 1098 1304 Movit
1121 1283 1173 1304 me
1205 1274 1269 1314 pri-

194 1330 211 1347 »
232 1316 496 1361 mflmfinquil)
534 1318 624 1360 quod
646 1317 772 1348 Parisiis
802 1318 882 1348 olim
905 1318 938 1348 in
971 1318 1084 1348 maiori
1108 1325 1268 1349 conventu

193 1357 294 1394 (divi
319 1363 446 1401 lacobi,
478 1363 533 1394 ubi
557 1362 731 1393 maximam
753 1362 835 1393 vitae
859 1369 982 1403 partem
1007 1362 1099 1394 divus
1123 1363 1268 1394 Thomas

193 1419 208 1437 ι
230 1408 343 1449 exegit,
367 1417 386 1438 a
409 1407 568 1449 plerisque
592 1406 749 1447 magistris
767 1414 799 1438 et
817 1407 939 1448 antiqui
959 1407 1058 1438 moris
1084 1407 1158 1438 viris
1182 1418 1268 1439 acce-

192 1464 208 1483 »
228 1453 344 1494 perim,
367 1462 405 1484 ex
428 1452 530 1494 prisca
548 1452 710 1483 maiorum
728 1451 895 1482 traditione
915 1452 1022 1483 haberi
1041 1453 1268 1484 communiter-

192 1509 209 1526 »
229 1507 294 1540 que
317 1497 415 1529 teneri
439 1497 615 1528 Doctorem
639 1496 830 1537 Angelicum
859 1497 918 1527 sub
948 1497 1018 1527 alba
1037 1497 1268 1528 Dominicano-

193 1554 208 1571 ι
229 1552 304 1574 rum
325 1548 413 1573 veste
435 1541 680 1572 Benedictinum
704 1541 850 1579 schema,
874 1551 930 1572 seu
955 1542 1117 1582 scapulare
1141 1542 1269 1582 nigrum

192 1599 208 1616 ι
229 1593 351 1628 gestare
374 1586 507 1617 solitum
539 1586 655 1617 fuisse:
689 1586 779 1627 quod
802 1585 888 1616 idem
919 1596 938 1616 a
969 1586 1039 1617 viro
1063 1586 1267 1624 doctissimo,

192 1643 208 1660 s
229 1631 412 1673 eodemque
425 1631 557 1662 eximiae
571 1630 737 1671 probitatis
747 1630 898 1671 magistro
914 1631 994 1661 lulio
1009 1631 1167 1670 Mercoro,
1182 1632 1268 1672 apud

193 1689 208 1705 n
230 1672 453 1708 Mediolanum
478 1675 551 1706 fidei
571 1675 777 1713 Quaesitore,
797 1675 954 1716 accepisse
973 1675 1140 1716 profitetur
1159 1676 1268 1707 lauda—

194 1733 209 1750 »
230 1727 283 1752 tus
301 1721 353 1753 hic
371 1730 466 1762 saepe
483 1720 532 1751 vir
549 1730 698 1751 summus
716 1719 858 1760 Angelus
878 1720 917 1750 de
935 1720 1025 1751 Nuce
1049 1721 1267 1762 Archiepisco-

193 1778 208 1794 ι
230 1775 293 1807 pus
316 1765 535 1796 Rossanensis.
549 1777 564 1792 »
592 1765 811 1805 Reposueram
836 1773 896 1804 ego
915 1764 948 1794 in
968 1765 1163 1805 praefatione
1184 1775 1267 1806 opu-

189 1809 290 1849 sculi,
323 1810 412 1851 quod
436 1819 522 1840 anno
559 1818 643 1851 1724
670 1808 755 1850 typis
783 1808 907 1839 editum
930 1816 996 1847 est,
1027 1809 1113 1840 inani
1138 1820 1268 1851 prorsus

189 1854 370 1887 coniectura
389 1854 471 1884 hanc
489 1853 686 1884 Benedictini
705 1853 874 1884 schematis
892 1853 1101 1894 gestationem
1121 1865 1180 1895 pro
1196 1865 1268 1886 mo-

188 1898 326 1931 nachatu
350 1897 451 1931 afferri
474 1905 590 1939 posse;
614 1907 690 1928 cum
713 1897 836 1938 pietatis
861 1908 954 1928 causa
973 1899 1102 1929 schema
1120 1899 1200 1930 illud
1220 1900 1268 1930 ni—

188 1952 284 1984 grum
306 1941 412 1986 (quod
435 1943 590 1984 cuiusque
610 1941 747 1973 Instituti
766 1942 920 1982 religiosis
939 1943 1126 1974 hominibus
1144 1944 1267 1975 licitum

188 1986 284 2032 emet)
307 1988 366 2019 sub
384 1994 471 2018 veste
494 1987 543 2018 sui
565 1986 695 2018 Ordinis
719 1987 789 2018 alba
807 1994 927 2027 gestare
947 1988 1092 2019 Thomas
1116 1989 1267 2029 potuerit,

188 2038 226 2066 ut
247 2032 364 2064 coleret
387 2032 524 2063 maxime
548 2031 783 2063 sanctissimum
814 2032 1025 2063 Patriarcham
1046 2034 1266 2073 Benedictum‚

186 2076 222 2109 in
244 2077 336 2109 cuius
359 2076 525 2108 Casinensi
548 2075 719 2108 Coenobio
746 2076 864 2116 primas
892 2077 1008 2108 litteras
1033 2077 1142 2109 didicit
1170 2079 1267 2109 mori-

186 2121 312 2164 busque
345 2121 520 2152 christianis
552 2120 696 2152 imbutus
725 2127 781 2152 est.
806 2122 894 2152 Haec
917 2122 991 2152 satis
1014 2122 1108 2153 nobis
1132 2123 1265 2155 fuerant.

187 2166 356 2208 Ampliora
386 2165 523 2206 legimus
550 2165 583 2196 in
616 2165 811 2206 compendio
840 2167 987 2207 opusculi
1017 2167 1136 2204 nostri,
1177 2169 1266 2210 quod

186 2211 378 2243 recensitum
401 2210 535 2241 habetur
556 2210 594 2249 in,
613 2210 807 2241 Trevoltinis
830 2211 1030 2242 eruditorum
1054 2212 1178 2250 diariis,
1212 2224 1266 2244 an-

186 2265 232 2287 no
255 2257 336 2298 1725
358 2265 468 2286 mense
486 2254 631 2286 ianuario
643 2277 652 2293 ,
676 2254 810 2286 articulo
829 2265 859 2286 x.
894 2256 981 2287 Haec
999 2257 1136 2297 legimus
1155 2257 1266 2298 gallice

185 2299 319 2342 scripta:
343 2300 395 2330 Au
419 2305 504 2330 reste
526 2309 568 2330 on
592 2301 674 2330 croit
696 2299 809 2330 devoir
826 2302 951 2331 avertit·
970 2302 1022 2339 ici,
1042 2301 1138 2342 qu'on
1157 2312 1178 2333 a
1192 2304 1267 2343 pris

183 2345 254 2376 min
277 2344 319 2378 de
339 2343 529 2385 s’insormer
550 2344 591 2375 de
614 2345 647 2375 la
671 2345 773 2375 verite
793 2344 824 2375 d·
827 2355 870 2376 un
893 2345 965 2386 fait
996 2346 1130 2387 alle'gue
1145 2357 1213 2387 par
1236 2348 1266 2378 le

185 2389 289 2421 meme
306 2394 436 2427 auteur,
453 2399 492 2419 en
506 2388 635 2430 saveur
652 2389 696 2420 du
719 2390 935 2420 monachisme
948 2391 1111 2431 pre'tendu
1126 2391 1166 2421 de
1179 2393 1266 2422 saint

189 2434 338 2474 nomas.
365 2433 411 2464 Ce
420 2433 492 2474 fait
510 2438 568 2471 est,
584 2443 646 2474 que
660 2433 735 2464 c'est
755 2444 819 2464 une
832 2435 987 2465 tradition
1002 2441 1169 2466 constante
1182 2436 1266 2467 dans

185 2477 220 2509 la
242 2479 367 2509 maison
391 2477 448 2508 des
470 2478 695 2509 Dominicains
725 2478 766 2508 de
788 2478 821 2508 la
849 2489 910 2509 rue
931 2480 1019 2510 saint
1036 2480 1187 2520 Jacques,
1203 2491 1265 2521 que

186 2522 218 2554 le
237 2523 327 2554 saint
348 2522 511 2559 Docteur,
531 2523 588 2562 qui
600 2532 636 2563 y
657 2532 679 2552 a
692 2523 793 2562 passe'
810 2523 842 2553 la
859 2524 938 2563 plus
954 2524 1084 2564 grande
1096 2525 1208 2564 partie
1225 2526 1265 2556 de

185 2576 223 2609 sq
247 2567 317 2604 vie,
342 2567 430 2597 avoit
452 2571 601 2597 coutume
623 2566 664 2597 de
680 2572 797 2607 porter
825 2577 902 2598 sous
923 2578 982 2599 son
1006 2569 1094 2599 habit
1116 2569 1211 2600 blanc
1234 2570 1265 2600 Ie

183 2611 370 2652 scapulaire
394 2612 468 2641 noir
489 2611 530 2641 de
553 2611 573 2641 l'
586 2610 694 2642 Ordre
715 2611 756 2642 de
778 2621 804 2642 s.
818 2612 945 2644 Benoit.
972 2612 1023 2643 On
1047 2613 1073 2644 s'
1081 2619 1128 2644 est
1151 2616 1264 2655 enquis

184 2655 229 2697 du
243 2655 317 2697 fait
338 2656 423 2686 dans
446 2655 478 2686 la
502 2656 626 2686 maison
656 2655 768 2694 meme,
794 2661 825 2687 et
848 2657 873 2687 il
894 2667 915 2687 a
939 2658 990 2688 έιέ
1011 2658 1156 2698 repondit
1181 2669 1262 2690 una-

185 2701 369 2738 nimement,
394 2705 426 2731 et
448 2710 487 2730 en
506 2701 704 2740 particulier
715 2711 783 2741 par
806 2710 850 2731 un
864 2704 947 2741 pere
965 2704 1161 2733 tres-ancien
1180 2703 1264 2735 dans

145 2748 150 2750 “
185 2745 206 2776 l'
215 2744 324 2776 Ordre
345 2750 376 2776 et
389 2745 446 2786 qui
458 2744 611 2775 demeure
631 2745 715 2776 dans
729 2745 762 2775 la
781 2746 846 2776 dite
864 2747 988 2777 maison
1005 2747 1118 2788 depuis
1133 2747 1175 2778 52
1189 2758 1261 2786 ans,

184 2789 280 2832 qu’on
305 2789 364 2831 ηζγ
385 2790 474 2820 avoit
487 2789 614 2830 jamais
637 2790 777 2820 entendu
795 2791 913 2831 parler
931 2791 972 2822 de
989 2797 1070 2822 cette
1081 2793 1264 2832 pretendue

184 2834 351 2872 tradition,
376 2839 408 2865 et
429 2833 524 2875 qu'on
550 2844 590 2865 ne
613 2834 646 2864 la
664 2836 800 2874 pouvoit
823 2836 984 2876 regarder
1001 2846 1064 2877 que
1077 2846 1199 2868 comme
1218 2847 1262 2868 un

175 2878 248 2921 fait
269 2879 361 2910 aussi
374 2878 542 2919 sabuleux
559 2888 622 2919 que
645 2879 676 2909 le
702 2880 919 2910 monachisme
944 2881 984 2911 de
1010 2882 1098 2911 saint
1126 2882 1264 2913 Thomas

184 2923 268 2955 dans
285 2923 307 2954 Γ
315 2923 414 2954 ordre
430 2923 471 2953 de
488 2924 576 2954 saint
588 2923 714 2954 Benoit.
731 2924 822 2961 Quae
836 2925 932 2955 latine
953 2925 1084 2964 reddita,
1108 2925 1184 2956 haec
1200 2926 1263 2957 fere

185 2973 278 2999 sunt:
306 2980 321 2995 ‹
339 2967 481 2998 Monitos
506 2967 639 2998 lectores
658 2968 821 3006 volumus,
843 2969 967 3000 dedisse
986 2980 1045 3000 nos
1065 2980 1208 3011 operam,
1228 2978 1264 3002 ut

187 3023 204 3039 ι
225 3011 266 3042 de
279 3011 448 3042 traditione
465 3012 576 3051 gestati
599 3022 617 3042 a
635 3012 765 3043 Thoma
784 3013 843 3043 sub
863 3014 933 3044 alba
952 3014 1164 3045 Dominicana
1178 3022 1264 3046 veste

189 3067 205 3083 ι
227 3055 396 3086 schematis
409 3056 616 3094 Benedictini,
636 3067 718 3098 quae
745 3058 999 3088 constantissima
1017 3059 1171 3090 adseritur
1188 3070 1263 3100 pro-

189 3112 205 3128 »
227 3109 372 3130 manasse
394 3100 435 3130 ad
454 3110 514 3130 nos
533 3111 635 3141 usque
661 3101 694 3131 in
721 3102 833 3132 maiori
852 3102 995 3133 Parisino
1019 3114 1042 3134 s.
1060 3104 1165 3134 Iacobi
1190 3114 1262 3134 coe-

189 3157 204 3172 »
226 3143 337 3181 nobio,
362 3143 509 3174 certiores
532 3144 737 3176 efficeremur.
763 3147 968 3187 Responsum
992 3148 1159 3178 communi
1182 3158 1262 3179 voce

189 3201 204 3217 ›
226 3188 382 3219 dederunt
405 3195 507 3228 patres
530 3188 587 3226 illi,
606 3190 808 3231 maximeque
827 3198 957 3222 testatus
977 3198 1023 3222 est
1044 3192 1092 3222 vir
1109 3203 1262 3231 annosus,

188 3245 204 3262 s
226 3233 282 3274 qui
306 3233 345 3262 ab
369 3232 459 3262 annis
489 3232 617 3264 duobus
640 3241 672 3264 et
694 3235 924 3276 quinquaginta
947 3235 1043 3266 fixam
1066 3237 1099 3267 in
1123 3247 1163 3267 eo
1191 3248 1262 3268 coe-

188 3289 203 3306 »
226 3276 326 3308 nobio
350 3277 458 3307 sedem
481 3276 586 3315 habet,
609 3278 691 3309 hanc
714 3280 800 3319 apud
823 3280 895 3310 illos
923 3280 1056 3311 minime
1078 3278 1183 3321 vigere
1202 3288 1261 3312 tra-

187 3335 203 3350 »
225 3321 398 3358 ditionem,
423 3331 527 3361 neque
550 3331 583 3352 se
607 3322 711 3353 ullum
734 3324 891 3354 audivisse
914 3335 1071 3365 umquam
1095 3325 1262 3366 quidpiam

132 3386 139 3393 .
187 3379 202 3394 ι
225 3366 286 3397 tale
310 3372 528 3396 attestantem:
553 3375 620 3396 rem
644 3376 719 3406 ergo
742 3367 830 3398 illam
849 3378 924 3399 cum
951 3369 1014 3398 divi
1033 3369 1182 3399 Thomae
1201 3370 1260 3400 Be-

187 3423 203 3439 »
225 3410 386 3441 nedictino
403 3406 595 3440 monachatu
614 3410 695 3441 inter
714 3411 836 3442 fabulas
855 3412 1016 3442 amandari
1036 3419 1106 3443 tuto
1125 3423 1229 3453 posse.
1242 3427 1257 3441 1·

184 3455 272 3486 Haec
287 3455 399 3485 eadem
414 3454 570 3484 habentur
583 3454 686 3485 italice
705 3465 855 3486 conversa
869 3466 906 3486 ac
920 3456 1003 3486 edita
1017 3457 1157 3487 Venetiis
1175 3458 1260 3497 apud

183 3499 355 3543 Aloysium
383 3499 540 3529 Pavinum
570 3506 662 3529 tomo
687 3499 773 3529 XLII
804 3500 909 3540 operis
937 3500 1078 3540 inscripti
1106 3501 1261 3532 Giornale

185 3543 234 3574 de'
248 3544 392 3574 'letterati
414 3544 657 3585 oltramontani.

251 3587 351 3618 Aliud
369 3587 490 3628 profert
508 3587 663 3618 indicium
683 3587 890 3628 Disquisitor:
917 3600 932 3615 ε
944 3588 1026 3618 Illud
1045 3598 1097 3618 me
1115 3598 1258 3629 quoque,

187 3644 203 3660 ι
225 3633 384 3673 inquiens,
408 3642 475 3662 non
500 3632 700 3662 mediocriter
717 3632 835 3671 movit,
859 3632 949 3673 quod
971 3632 1189 3673 plenissimam
1212 3643 1258 3663 re-

327 3697 397 3731 Opp.
416 3698 448 3722 D.
462 3697 578 3722 Tamna
597 3697 628 3722 T.
643 3697 662 3722 1.

2296 278 2403 303 LXXIII

1334 351 1349 366 »
1372 349 1444 369 rum
1472 339 1751 371 Benedictinarum
1783 341 2000 381 cognitionem
2033 343 2065 373 in
2089 344 2227 375 Doctore
2251 347 2404 386 Angelico

1334 396 1348 410 »
1371 383 1648 424 deprehenderim;
1673 385 1864 425 singularem
1888 385 1920 416 in
1944 386 2156 418 Benedictinis
2175 389 2296 427 ritibus,
2315 401 2404 430 regu-

1333 440 1347 454 »
1370 427 1419 466 lis,
1443 427 1605 466 institutis,
1621 429 1764 460 moribus
1787 430 1978 470 explicandis
1997 431 2203 471 diligentiam,
2223 435 2351 474 qualern
2366 446 2405 466 ne

1333 484 1346 499 >2
1369 472 1403 502 in
1427 473 1618 513 explicandis
1637 474 1769 514 quidem
1788 474 2007 505 Dominicanis
2026 475 2183 515 invenias;
2208 477 2405 518 flagrantissi-

1333 529 1346 543 >›
1370 527 1462 547 mum
1476 518 1613 558 denique
1628 518 1782 557 studium,
1798 529 1864 560 quo
1879 519 2082 550 Benedictina
2098 531 2258 562 quaeque,
2279 523 2405 554 caeteris

1333 574 1346 588 »
1370 561 1468 592 ferme
1487 562 1647 602 neglectis,
1668 573 1734 593 non
1753 570 1826 594 nata
1845 564 1957 602 modo,
1973 565 2027 595 sed
2047 571 2078 595 et
2096 566 2236 606 quaesita
2255 567 2294 596 de
2313 567 2404 598 indu-

1332 618 1346 632 »
1369 605 1443 636 stria
1466 606 1632 637 occasione
1657 607 1807 645 defendit,
1832 615 1868 639 ut
1891 618 1979 639 orare
2003 619 2061 649 pro
2086 610 2186 640 domo
2211 620 2268 641 sua
2291 611 2404 642 Cicero

1332 662 1346 677 »
1368 650 1512 681 videatur
1526 658 1608 682 etc.»
1631 652 1888 692 Exaggerationis
1903 653 2079 694 plurimum
2095 654 2171 684 haec
2185 654 2404 695 Disquisitoris

1327 695 1422 725 verba
1445 695 1572 733 habent,
1588 696 1680 727 solidi
1702 696 1780 727 nihil
1798 698 1888 738 quod
1907 698 2136 729 monachatum
2155 699 2302 730 Thomae
2321 699 2402 730 indi-

1329 746 1385 770 cet.
1411 740 1485 770 Pars
1509 740 1640 781 quidem
1665 741 1758 772 fuerit
1786 752 1930 773 summae
1954 742 2082 783 peritiae
2106 753 2211 774 rerum
2235 744 2401 782 omnium,

1328 794 1392 825 qua
1415 784 1550 815 clarebat
1572 785 1619 815 vir
1644 786 1875 825 sanctissimus,
1900 787 2019 817 rituum
2041 787 2153 818 notitia
2173 795 2203 819 et
2221 789 2402 828 regularum

1328 835 1359 859 et
1381 828 1619 860 institutionum
1642 836 1737 870 atque
1761 840 1890 861 morum
1921 832 1960 861 ad
1987 832 2210 863 Benedictinos
2225 833 2401 864 monachos

1327 873 1548 904 attinentium:
1573 880 1605 904 at
1624 884 1694 904 eam
1714 874 1861 905 facillime
1880 885 2063 916 comparare
2083 877 2141 907 sibi
2161 885 2284 918 poterat
2298 876 2402 920 (quod

1328 924 1358 948 et
1373 917 1488 958 cuique
1502 918 1695 948 monasticae
1715 918 1897 959 disciplinae
1911 920 2051 960 diligenti
2066 921 2241 961 indagatori
2256 922 2402 962 pervium

1327 960 1422 1003 esset)
1447 972 1483 992 ex
1501 962 1626 1001 regulae
1651 973 1674 992 s.
1690 962 1852 994 Benedicti
1876 964 2076 1005 aliorumque
2103 973 2295 997 statutorum
2314 966 2402 997 Casi-

1327 1006 1475 1036 nensium
1498 1006 1643 1037 lectione.
1668 1007 1763 1037 Plura
1786 1017 1917 1048 quoque
1941 1009 2083 1039 eiusdem
2108 1010 2287 1042 Casinensis
2311 1011 2402 1042 disci-

1327 1050 1432 1090 plinae
1463 1050 1564 1091 capita
1595 1050 1737 1081 didicerit
1764 1051 1836 1090 ille,
1867 1063 1941 1083 cum
1970 1053 2077 1084 Casini
2108 1055 2251 1094 degeret,
2278 1056 2402 1086 tametsi

1327 1094 1480 1134 puerulus
1514 1095 1679 1126 saecularis
1704 1096 1847 1126 moribus
1871 1103 1902 1127 et
1924 1097 2032 1128 litteris
2055 1098 2268 1138 imbuendus,
2302 1100 2401 1130 nobili

1327 1145 1433 1169 tamen
1457 1139 1585 1178 ingenio
1604 1140 1764 1179 praeditus
1784 1141 1994 1182 expeditoque
2018 1143 2057 1172 ad
2077 1153 2112 1173 ea
2131 1153 2276 1184 quaeque
2296 1145 2401 1175 obser-

1326 1183 1446 1221 vanda,
1470 1183 1503 1213 in
1527 1183 1644 1224 quibus
1669 1185 1817 1215 monachi
1842 1187 2072 1217 exercebantur.
2106 1190 2149 1218 At
2172 1198 2329 1228 quaenam
2349 1189 2401 1219 de-

1326 1237 1419 1258 mum
1442 1234 1508 1258 tam
1531 1227 1653 1266 intima,
1673 1235 1739 1259 tam
1761 1230 1921 1260 recondita
1945 1230 2061 1262 fuerint
2084 1231 2136 1262 illa
2160 1233 2334 1263 monastica
2353 1233 2400 1263 in-

1326 1271 1453 1310 stituta,
1478 1283 1559 1313 quae
1583 1273 1710 1303 nonnisi
1735 1274 1912 1304 monachus
1936 1275 2075 1315 potuerit
2098 1274 2197 1307 scire?
2225 1277 2327 1308 Docet
2349 1277 2401 1308 ille

1326 1316 1447 1357 Opusc.
1465 1317 1569 1355 XVII,
1598 1317 1699 1357 capite
1720 1328 1767 1356 xi,
1791 1325 1821 1349 et
1841 1319 1881 1348 11⁸
1897 1319 1952 1349 11²e
1966 1330 1996 1360 q.
2014 1330 2162 1358 chxxtx,
2183 1328 2238 1352 art.
2255 1332 2287 1360 11,
2303 1322 2355 1352 ob.
2373 1330 2399 1352 1:

1328 1361 1469 1392 Concedi
1482 1362 1514 1392 in
1531 1362 1648 1403 regula
1663 1362 1691 1393 b.
1702 1363 1868 1394 Benedicti
1880 1364 2083 1404 probationis
2099 1375 2221 1396 annum
2237 1376 2340 1407 nuper
2357 1367 2401 1397 ad

1326 1406 1516 1447 religionem
1541 1408 1722 1444 conuersis,·
1743 1414 1774 1438 et
1797 1415 1853 1438 art.
1869 1415 1903 1439 v:
1927 1409 2030 1439 Beato
2053 1409 2225 1440 Benedicto
2249 1421 2401 1442 romanos

1326 1451 1457 1482 Nobiles
1479 1451 1560 1481 dare
1581 1461 1658 1482 suos
1675 1449 1770 1493 filios
1792 1455 2001 1493 omnipotenti
2022 1454 2093 1484 Deo
2122 1455 2309 1485 nutriendos
2332 1465 2400 1486 coe-

1324 1496 1410 1536 pisse
1415 1503 1428 1533 ‚·
1442 1502 1472 1526 et
1487 1496 1514 1526 1·
1530 1496 1584 1526 11⁸⁶
1598 1506 1629 1537 q.
1645 1506 1711 1534 xm,
1727 1503 1782 1527 art.
1799 1507 1830 1535 v,
1846 1498 1899 1528 ob.
1915 1499 1947 1528 3:
1963 1498 1999 1528 Si
2011 1499 2183 1538 praelatus
2201 1499 2325 1540 aliquid
2343 1501 2400 1530 im-

1319 1540 1474 1580 possibile
1481 1542 1697 1581 praeceperit,
1718 1542 1906 1572 tentandum
1926 1552 1995 1573 esse
2014 1553 2035 1573 a
2053 1543 2188 1574 subditis
2208 1545 2300 1574 iuxta
2329 1544 2401 1575 bea-

1326 1590 1393 1615 tum
1407 1585 1636 1623 Benedictum;
1655 1592 1686 1616 et
1705 1586 1858 1624 Quodlib.
1880 1587 1933 1625 lv,
1954 1587 2039 1618 artic.
2059 1598 2144 1625 xxm,
2160 1588 2212 1618 ob.
2233 1589 2265 1618 5:
2285 1589 2324 1619 B.
2339 1589 2401 1619 Be-

1326 1629 1486 1660 nedictum
1507 1630 1675 1667 mandare,
1693 1631 1779 1671 quod
1793 1631 1991 1662 venientibus
2009 1632 2053 1662 ad
2071 1633 2261 1673 religionem
2282 1643 2345 1663 non
2360 1634 2402 1664 sit

1316 1673 1434 1714 facilis
1446 1675 1654 1714 praebendus
1673 1676 1858 1716 ingressus;
1873 1682 1903 1706 et
1918 1676 2070 1714 Quodlib.
2084 1677 2107 1715 1,
2123 1683 2178 1708 art.
2195 1687 2245 1715 xx,
2261 1678 2314 1708 ob.
2337 1687 2354 1707 2
2371 1684 2402 1708 et

1325 1718 1365 1748 ad
1386 1726 1420 1749 2:
1444 1719 1623 1750 Monachos
1642 1729 1684 1750 ex
1712 1725 1784 1751 voto
1807 1721 1949 1762 obligari
1972 1721 2015 1751 ad
2033 1722 2226 1752 servandam
2249 1723 2398 1763 regulam

1324 1763 1409 1794 beati
1421 1763 1661 1801 Benedicti...;
1687 1764 1742 1794 sed
1768 1766 1933 1796 comedere
1960 1775 2076 1797 carnes
2107 1776 2170 1797 non
2195 1776 2263 1797 esse
2286 1772 2399 1798 contra

1325 1812 1432 1838 votum
1457 1808 1616 1846 monachi,
1633 1809 1696 1839 nisi
1718 1809 1847 1850 quando
1869 1810 2046 1841 comederet
2060 1820 2102 1841 ex
2123 1811 2334 1842 inobedientia
2350 1812 2401 1842 vel

1325 1861 1367 1882 ex
1389 1858 1580 1893 contemptu.
1613 1853 1700 1883 Haec
1725 1860 1755 1884 et
1778 1854 1892 1884 similia
1913 1861 2006 1893 sunt,
2031 1865 2113 1896 quae
2137 1865 2154 1885 a
2178 1855 2307 1886 Thoma
2326 1856 2396 1886 sciri

1324 1907 1390 1927 non
1411 1897 1565 1937 potuisse,
1585 1897 1645 1928 nisi
1665 1898 1858 1929 monasticae
1885 1898 1995 1930 fuisset
2014 1899 2172 1930 obnoxius
2191 1899 2398 1940 professioni,

1324 1941 1435 1972 dixerit
1458 1951 1554 1972 nemo
1579 1943 1728 1982 prudens.

1391 1988 1443 2017 An
1467 1987 1637 2017 memorari
1661 1987 1742 2018 inter
1765 1988 1975 2019 monachatus
1998 1988 2113 2019 indicia
2132 1989 2244 2019 debeat
2266 1998 2399 2020 consue-

1324 2031 1403 2062 tudo
1428 2038 1459 2062 et
1482 2031 1619 2062 amicitia
1640 2042 1715 2062 cum
1734 2032 1956 2070 Benedictinis,
1971 2043 2069 2074 quam
2089 2033 2283 2064 sanctissime
2302 2033 2401 2064 coluit

1324 2082 1451 2106 sanctus
1474 2076 1619 2107 Thomas
1642 2083 1712 2108 toto
1735 2077 1818 2108 vitae
1842 2088 1917 2108 suae
1940 2075 2106 2118 ternpore?
2130 2078 2221 2108 Hanc
2250 2078 2400 2108 Erasmus

1324 2120 1452 2151 Gattula
1466 2120 1540 2152 loco
1556 2121 1650 2152 citato
1666 2122 1708 2152 ob
1723 2122 1836 2152 oculos
1851 2122 1953 2162 ponit:
1969 2122 2155 2163 tabulasque
2170 2122 2272 2160 refert,
2283 2123 2399 2163 quibus

1323 2165 1501 2196 Bernardus
1512 2166 1619 2196 Abbas
1633 2176 1721 2197 anno
1742 2176 1823 2208 ¹²70
1839 2166 2020 2197 facultatem
2035 2167 2181 2197 fratribus
2200 2167 2398 2198 Praedicato-

1323 2209 1410 2240 ribus
1431 2209 1515 2248 facit,
1535 2211 1671 2241 domum
1691 2218 1723 2241 et
1741 2211 1904 2242 ecclesiam
1928 2211 2066 2251 erigendi
2082 2211 2114 2241 in
2139 2211 2260 2251 oppido
2285 2222 2308 2242 s.
2321 2211 2397 2242 Ger-

1323 2254 1428 2292 mani,
1450 2255 1495 2285 ad
1512 2255 1664 2286 honorem
1688 2256 1768 2293 Dei,
1795 2261 1825 2286 et
1847 2265 1953 2286 vener.
1977 2257 2039 2286 viri
2053 2255 2179 2297 fratris
2198 2256 2337 2286 Thomae
2358 2256 2399 2286 de

1322 2299 1450 2339 Aquino
1464 2309 1504 2330 ac
1518 2300 1664 2340 religiosi
1679 2301 1741 2330 viri
1744 2299 1871 2341 fratris
1890 2301 2023 2330 Troiani
2044 2300 2084 2330 de
2103 2300 2210 2330 eodem
2226 2300 2397 2331 Praedica-

1322 2349 1428 2374 torum
1443 2343 1577 2381 Ordine,
1593 2345 1855 2375 charissimorum
1871 2346 2048 2375 amicorum
2065 2350 2260 2382 nostrorum,
2267 2355 2396 2385 prome-

1322 2394 1413 2418 rente
1426 2388 1604 2419 dilectione.
1621 2389 1708 2419 Haec
1727 2389 1752 2419 si
1773 2389 1982 2419 monachatus
2001 2388 2115 2419 indicia
2130 2389 2235 2419 haberi
2251 2390 2395 2428 debeant,

1322 2433 1499 2463 monachus
1521 2433 1601 2462 olim
1620 2432 1724 2471 fuerit,
1742 2439 1776 2464 ut
1790 2433 1895 2472 video,
1911 2443 1977 2464 non
1997 2433 2104 2464 solum
2127 2433 2272 2464 Thomas
2295 2434 2397 2474 Aqui-

1321 2487 1397 2515 nas,
1422 2477 1477 2507 sed
1501 2477 1596 2507 etiam
1618 2477 1711 2508 frater
1738 2477 1916 2516 Troianus,
1939 2488 2022 2519 quos
2046 2478 2251 2508 charissimos
2278 2480 2398 2509 amicos

1320 2528 1413 2552 vocat
1430 2522 1610 2552 Bernardus
1628 2523 1745 2553 Abbas.
1761 2523 1886 2553 Abeant
1899 2522 1976 2553 haec
1998 2532 2073 2553 vero
2097 2532 2163 2553 non
2187 2523 2398 2554 monachatus

1319 2565 1446 2604 indicia,
1471 2566 1527 2597 sed
1551 2573 1733 2597 commenta
1756 2567 1796 2597 ad
1820 2566 1931 2598 fucum
1955 2566 2136 2598 faciendum
2155 2567 2305 2608 quaesita.

1697 2656 1908 2694 CAPUT
1947 2657 2018 2693 IX.

1319 2735 1533 2769 Chronographia
1557 2741 1693 2769 gestorum
1719 2737 1800 2761 sancti
1819 2736 1938 2761 Thomae
1957 2744 1972 2761 a
1990 2736 2164 2769 Disquisitore
2182 2737 2292 2769 aliisque
2311 2737 2396 2769 posita

1390 2772 1558 2804 expenditur:
1578 2773 1724 2805 eademque
1743 2772 1906 2797 reformatur.
1926 2772 2092 2797 Postremum
2108 2777 2197 2797 contra
2212 2773 2395 2797 monachatum

1391 2808 1509 2833 eiusdem
1528 2813 1721 2840 argumentum.

1321 2880 1342 2910 I.
1370 2874 1486 2958 Satis
1514 2880 1545 2910 in
1575 2880 1747 2920 propatulo
1771 2879 1910 2920 positam
1929 2879 2138 2910 monachatus
2165 2879 2228 2909 divi
2247 2879 2394 2910 Thomae

1429 2925 1577 2955 fabellam
1601 2931 1702 2965 puto,
1726 2934 1762 2954 ac
1785 2924 1907 2954 disertis
1927 2924 2021 2954 etiam
2041 2924 2276 2964 manifestisque
2296 2924 2393 2954 docu-

1319 2969 1435 3000 mentis
1459 2976 1636 3007 ostensum,
1659 2968 1849 3008 Angelicum
1873 2969 2047 2999 Doctorem
2071 2968 2178 2999 Casini
2202 2969 2240 2998 ab
2264 2968 2393 2999 ineunte

1320 3020 1419 3044 aetate
1443 3013 1587 3044 moribus
1601 3020 1632 3044 et
1646 3013 1755 3044 litteris
1773 3013 1870 3043 veluti
1890 3013 2030 3043 nobilem
2049 3022 2186 3052 puerum
2201 3010 2393 3043 saecularem

1319 3058 1528 3088 informatum
1552 3065 1639 3096 esse;
1663 3059 1827 3098 pubertate
1851 3057 1997 3087 nondum
2021 3058 2144 3097 adepta,
2167 3057 2338 3097 Neapolim
2353 3057 2392 3087 ad

1319 3103 1462 3143 publicas
1477 3103 1714 3143 saecularesque
1729 3102 1852 3132 scholas
1872 3112 1890 3131 a
1908 3101 2090 3141 parentibus
2109 3101 2254 3138 missurn,
2275 3112 2310 3132 ac
2325 3111 2391 3132 sae-

1319 3147 1393 3178 culo
1414 3147 1598 3177 valedixisse
1621 3154 1691 3177 tum
1710 3147 1853 3183 demum,
1869 3156 1943 3176 cum
1970 3146 2210 3176 dominicanum
2230 3146 2391 3176 Praedica-

1318 3198 1427 3222 torum
1451 3191 1606 3222 Ordinem
1637 3191 1796 3231 ingressus
1819 3197 1874 3221 est.
1900 3191 2020 3220 Rerum
2044 3190 2230 3221 huiusmodi
2254 3191 2390 3221 chrono-

1317 3236 1482 3276 graphiam
1501 3236 1563 3266 hoc
1582 3236 1655 3266 loco
1670 3235 1867 3275 diligentiore
1882 3245 1978 3275 opera
1997 3242 2033 3265 ut
2051 3235 2238 3275 expendam,
2258 3235 2392 3265 suadent

1317 3281 1429 3320 plura;
1453 3287 1490 3311 ut
1512 3290 1560 3310 res
1575 3280 1701 3310 easdem
1716 3279 1782 3310 suis
1801 3279 1999 3319 temporibus
2018 3279 2150 3319 illigatas
2170 3279 2305 3319 quisque
2320 3289 2389 3319 per-

1317 3325 1432 3364 cipiat;
1456 3335 1538 3365 quae
1562 3324 1658 3354 etiam
1679 3324 1782 3364 posita
1806 3331 1853 3354 est
1875 3325 1914 3354 ab
1934 3326 2073 3354 Auctore
2095 3323 2322 3364 disquisitionis
2342 3323 2388 3352 hi-

1317 3368 1449 3399 storicae
1473 3368 1745 3408 chronographia,
1771 3375 1806 3398 ut
1829 3368 1936 3398 minus
1955 3375 2108 3405 accurata,
2129 3367 2329 3407 profligetur;
2354 3377 2389 3397 ac

1317 3413 1450 3442 demum
1465 3422 1551 3442 novo
1570 3422 1606 3442 ac
1621 3419 1784 3452 postremo
1798 3412 1993 3442 validissimo
2012 3418 2200 3451 argumento
2217 3421 2298 3451 quae
2313 3421 2388 3441 con-

1316 3463 1362 3486 tra
1387 3457 1614 3486 monachatum
1638 3456 1785 3486 Thomae
1808 3456 2025 3493 disseruimus,
2050 3455 2285 3485 confirmentur.

1383 3501 1531 3537 Quatuor
1554 3499 1758 3539 potissimum
1782 3499 1856 3529 anni
1875 3506 1966 3537 sunt,
1986 3499 2041 3539 qui
2061 3499 2260 3539 diligentius,
2280 3499 2389 3540 quoad

1315 3543 1382 3574 fieri
1402 3544 1528 3584 poterit,
1553 3550 1583 3574 et
1603 3543 1737 3583 expendi
1759 3543 1875 3573 debent
1897 3550 1928 3574 et
1951 3543 2090 3574 definiri:
2117 3555 2142 3581 1,
2162 3546 2275 3574 Annus
2299 3553 2388 3574 aerae

1316 3588 1512 3625 christianae,
1527 3598 1593 3628 quo
1608 3588 1753 3618 Thomas
1780 3587 1984 3618 dominicano
1999 3588 2255 3619 Praedicatorum
2274 3588 2387 3619 Ordini

1315 3642 1436 3662 nomen
1459 3632 1557 3671 dedit,
1581 3632 1619 3662 de
1642 3642 1709 3673 quo
1733 3642 1799 3662 non
1828 3632 1968 3662 multum
1992 3642 2067 3663 cum
2097 3633 2274 3663 adversario
2297 3632 2387 3662 dissi-

2214 3706 2244 3723 10
