2548 4192
191 271 294 299 CCLVI

194 354 210 368 »
233 348 263 371 et
287 350 342 371 eos
366 340 497 380 dirigere
527 350 586 370 suo
610 339 762 379 imperio;
796 338 1002 368 manifestum
1035 347 1071 367 ex
1095 336 1184 367 dictis
1208 335 1262 375 fit,

196 399 209 412 »
234 385 323 426 quod
347 394 410 422 rex,
442 385 523 415 sicut
546 384 691 414 dominio
717 391 747 414 et
770 382 925 422 regimini,
951 381 1039 422 quod
1064 380 1262 411 administra-

195 443 209 457 »
233 437 284 461 tur
301 439 365 470 per
396 429 568 460 sacerdotii
599 429 761 469 officium,
794 426 885 457 subdi
917 426 1024 463 debet,
1055 425 1098 455 ita
1121 435 1264 465 praeesse

194 488 208 502 »
233 475 325 505 debet
348 473 498 504 omnibus
522 473 670 503 humanis
704 471 815 502 officiis
839 478 870 501 et
893 481 928 500 ea
951 469 1087 509 impen'o
1111 469 1160 500 sui
1184 469 1263 509 regi-

194 532 208 546 »
232 519 327 549 minis
351 518 505 548 ordinare.
531 517 734 557 Cuicumque
757 523 865 546 autem
889 513 1045 544 incumbit
1059 514 1180 555 aliquid
1196 524 1264 553 per-

194 577 208 591 »
230 563 333 600 ficere,
358 562 447 602 quod
470 562 634 592 ordinatur
652 561 684 590 in
701 560 797 597 aliud,
815 559 896 590 sicut
912 559 944 588 in
959 558 1073 596 finem,
1096 559 1158 589 hoc
1173 559 1266 589 debet

195 622 209 635 »
229 608 388 639 attendere
413 613 448 636 ut
471 616 567 636 suum
591 615 673 645 opus
698 605 737 634 sit
757 613 936 643 congruum
952 602 1053 633 fini....
1070 603 1154 640 Quia
1170 603 1266 643 igitur

195 666 209 680 »
231 653 324 689 vitae,
348 660 412 692 qua
434 650 467 680 in
491 650 646 690 praesenti
670 650 749 679 bene
773 648 921 685 vivimus,
946 646 1017 677 finis
1037 655 1083 678 est
1103 648 1264 678 beatitudo

196 711 210 724 »
234 696 392 732 caelestis,
426 695 466 724 ad
494 694 574 734 regis
606 693 748 723 officium
782 692 916 733 pertinet
949 702 984 722 ea
1018 692 1139 722 ratione
1164 692 1263 722 vitam

196 755 209 768 »
233 739 444 771 multitudinis
468 739 587 769 bonam
611 747 790 778 procurare,
815 736 993 767 secundum
1017 737 1106 778 quod
1121 736 1267 776 congruit

197 799 210 812 »
233 785 273 815 ad
297 784 462 815 caelestem
485 782 714 813 beatitudinem
738 781 1007 822 consequendam:
1033 788 1068 812 ut
1092 781 1210 812 scilicet
1228 791 1264 811 ea

195 843 209 857 2>
233 828 402 869 praecipiat
425 838 506 869 quae
531 827 570 857 ad
594 827 760 857 caelestem
779 826 1007 857 beatitudinem
1023 827 1144 857 ducunt
1163 833 1193 856 et
1213 835 1265 856 eo-

195 887 209 901 »
232 884 305 904 rum
329 873 483 904 contraria
506 873 683 902 secundum
707 872 796 912 quod
820 871 913 901 fuerit
929 871 1077 911 possibile
1091 870 1265 901 interdicat.

196 932 209 946 >›
233 919 324 955 Quae
347 925 455 949 autem
479 917 518 947 sit
540 916 580 946 ad
603 926 711 946 veram
735 915 963 946 beatitudinem
986 916 1037 946 via
1061 923 1092 946 et
1107 925 1189 956 quae
1204 915 1266 946 sint

194 977 208 990 »
231 962 458 1003 impedimenta
482 961 560 998 eius,
586 971 622 991 ex
645 961 714 1001 lege
738 960 844 991 divina
868 961 1080 1000 cognoscitur,
1102 960 1192 991 cuius
1208 960 1266 990 do-

195 1021 209 1035 »
232 1007 330 1038 ctrina
353 1007 488 1048 pertinet
518 1006 557 1035 ad
580 1006 783 1036 sacerdotum
816 1005 968 1035 officium.
993 1018 1006 1032 ›>
1041 1005 1212 1036 Verissima
1236 1012 1266 1036 et

192 1052 314 1092 optima
338 1058 411 1082 sunt
435 1051 638 1089 documenta,
664 1060 745 1091 quae
770 1050 891 1091 Cyprio
907 1050 985 1089 Regi
1003 1050 1187 1080 instruendo
1204 1057 1264 1080 tra-

192 1097 277 1127 deret
300 1097 444 1127 Thomas
468 1095 622 1136 Aquinas.

257 1141 369 1182 Neque
393 1140 492 1182 pluris
517 1150 648 1170 censura
672 1139 866 1170 aestimanda
890 1146 946 1177 est,
963 1149 1026 1180 qua
1051 1139 1192 1170 doctrina
1208 1149 1265 1169 no—

191 1192 274 1217 tatur
311 1186 403 1217 tertio
428 1185 528 1225 capite
552 1184 622 1215 libri
647 1185 672 1214 11
703 1184 825 1215 tradita.
857 1184 911 1214 Ait
939 1190 1064 1214 auctor:
1099 1198 1113 1212 ‹
1132 1184 1266 1224 Dignior

193 1244 207 1258 »
231 1237 278 1261 est
301 1231 429 1268 civitas,
450 1230 475 1260 si
500 1229 727 1260 abundantiam
760 1239 866 1259 rerum
898 1228 1012 1260 habeat
1044 1239 1081 1259 ex
1109 1229 1265 1259 territorio

195 1288 207 1302 »
232 1275 375 1316 proprio,
392 1284 491 1316 quam
514 1273 539 1304 si
563 1284 619 1314 per
634 1279 823 1304 mercatores
841 1273 1024 1304 abundet....
1042 1274 1126 1304 Nam
1146 1273 1264 1312 civitas,

193 1333 207 1348 ιι
231 1331 312 1361 quae
336 1320 376 1350 ad
399 1319 448 1350 sui
472 1318 735 1349 sustentationem
750 1318 982 1348 mercationum
998 1318 1203 1349 multitudine
1218 1319 1265 1349 in-

193 1378 206 1392 »
231 1365 332 1406 diget,
358 1373 484 1395 necesse
504 1370 550 1394 est
572 1370 607 1394 ut
629 1363 820 1394 continuum
835 1368 1065 1393 extraneorum
1083 1363 1265 1394 convictum

192 1424 207 1438 »
230 1410 375 1451 patiatur.
400 1409 642 1440 Extraneorum
667 1414 774 1438 autem
789 1407 985 1438 conversatio
1003 1407 1178 1447 corrumpit
1193 1408 1264 1448 plu-

193 1469 207 1483 »
231 1455 349 1485 rimum
373 1454 491 1485 civium
514 1462 630 1491 mores,
649 1452 826 1483 secundum
842 1451 1019 1482 Aristotelis
1038 1452 1216 1482 doctrinam
1232 1452 1263 1483 in

194 1513 207 1527 ιν
232 1510 289 1530 sua
312 1498 444 1530 Politica
468 1504 525 1528 etc.
539 1510 554 1523 »
574 1497 629 1528 Ait
647 1507 727 1541 ⁸vero
745 1503 865 1527 censor:
897 1510 910 1524 «
929 1496 1017 1527 Dum
1034 1497 1264 1528 commercium

194 1557 208 1571 »
231 1550 461 1575 extraneorum
486 1542 625 1579 damnat,
650 1551 682 1571 se
706 1540 883 1572 Aristotelis
907 1541 1026 1580 potius,
1050 1551 1149 1582 quarn
1172 1542 1262 1573 Pauli

193 1602 207 1616 2
231 1588 424 1629 discipulum
444 1587 558 1628 prodit.
583 1587 666 1616 Nam
688 1585 805 1616 Paulus
830 1585 887 1615 ait:
902 1585 943 1615 In
963 1585 1091 1617 Christo
1107 1586 1182 1617 Iesu
1199 1597 1263 1617 non

193 1646 207 1660 »
231 1639 277 1664 est
300 1633 463 1664 masculus
487 1637 517 1662 et
538 1630 688 1671 semina,
718 1630 850 1671 gentilis
874 1635 904 1660 et
928 1631 1080 1669 iudaeus,
1105 1631 1265 1663 barbarus

193 1690 207 1705 »
231 1684 262 1709 et
290 1678 425 1718 scytha,
457 1676 496 1706 ad
520 1675 646 1707 Coloss.
672 1685 740 1716 cap.
764 1684 822 1713 111,
851 1680 880 1705 v.
913 1685 960 1706 11.
984 1687 998 1703 »
1026 1675 1134 1713 Quam
1158 1676 1265 1717 inepta

189 1722 368 1763 Apostolici
392 1728 494 1752 textus
518 1719 698 1761 adplicatio,
723 1729 789 1761 quo
813 1719 938 1751 vocatio
956 1720 1105 1751 omnium
1120 1721 1264 1761 gentium

190 1767 229 1798 ad
253 1766 454 1806 Religionem
478 1765 701 1803 Christianam,
726 1765 766 1795 ad
790 1764 975 1804 Ecclesiam,
993 1765 1032 1795 ad
1052 1765 1156 1796 Iesum
1173 1765 1263 1797 Chri-

189 1819 285 1849 stum,
310 1811 349 1841 ad
373 1810 508 1841 salutem
531 1816 690 1840 aeternam
714 1808 925 1849 significatur!

257 1857 295 1886 II.
321 1855 476 1887 Solidiore
500 1854 591 1885 nixus
616 1853 826 1885 fundamento
858 1863 1023 1885 censuram
1048 1863 1167 1886 exercet
1190 1856 1263 1887 Bar-

191 1903 302 1932 bavara
326 1900 358 1930 in
374 1899 503 1931 tertium
517 1899 635 1930 librum
651 1906 682 1930 et
695 1905 861 1940 quartum:
879 1899 997 1940 quibus
1012 1900 1172 1931 diversum
1189 1911 1264 1932 con-

190 1946 240 1976 fici
265 1955 347 1986 opus
377 1945 441 1975 iam
464 1944 697 1975 adnotavimus.
729 1944 831 1974 Verba
855 1943 923 1974 eius
951 1951 1044 1975 sunt:
1080 1959 1094 1973 ι
1113 1945 1147 1976 ln
1171 1945 1264 1976 tertio

195 2003 208 2017 ιι
232 1990 324 2028 libro,
342 1989 431 2020 nullo
455 1999 585 2029 prorsus
608 1988 690 2019 iacto
706 1988 927 2027 fundamento,
949 1990 1150 2021 sacerdotale
1165 1990 1264 2021 domi-

192 2048 206 2061 »
230 2036 339 2072 nium,
370 2033 460 2075 quasi
485 2040 699 2074 spontaneum
731 2033 906 2074 quemdam
930 2033 1073 2073 foetum,
1102 2034 1135 2065 in
1158 2035 1264 2066 lucem

193 2092 206 2105 »
231 2079 351 2120 profert
375 2077 490 2121 (capite
513 2076 558 2120 x).
583 2078 662 2108 Item
686 2077 803 2108 iudicio
820 2078 963 2119 quodam
984 2078 1079 2109 nimis
1102 2079 1264 2120 praecipiti

192 2135 205 2150 2
229 2124 431 2161 Federicum,
447 2123 633 2154 Conradum
651 2127 681 2153 et
694 2121 920 2162 Manfredum,
945 2130 1097 2165 tanquam
1115 2125 1264 2156 omnium

192 2180 205 2194 »
230 2168 454 2199 sceleratorum
478 2167 649 2207 refugium,
674 2173 772 2198 notat.
798 2167 991 2199 Potestatem
1014 2175 1079 2199 tam
1104 2176 1264 2210 tempora-

191 2225 204 2238 »
228 2213 303 2251 lem,
327 2222 426 2254 quam
451 2212 647 2253 spiritualem
671 2212 809 2242 Romani
828 2212 990 2244 Pontificis
1007 2213 1187 2244 confirmari
1204 2225 1263 2255 pu-

191 2268 205 2283 »
229 2264 272 2288 tat
287 2267 323 2288 ex
338 2257 411 2288 loco
427 2256 576 2288 Matthaei
591 2263 659 2287 xvi:
692 2256 922 2297 Quodcumque
940 2259 1076 2289 solveris
1090 2268 1189 2299 super
1203 2265 1264 2291 ter-

192 2313 205 2327 »
229 2312 300 2333 ram
325 2309 393 2333 etc.:
419 2301 509 2343 quasi
534 2302 700 2332 Romanus
724 2301 870 2332 Pontifex
886 2302 995 2333 divino
1011 2302 1078 2334 iure
1095 2303 1135 2334 sit
1152 2304 1264 2335 Domi-

191 2359 204 2372 »
229 2357 289 2377 nus
313 2346 507 2387 temporalis,
532 2346 625 2387 plane
650 2345 728 2376 nihil
752 2345 949 2386 distinguens
972 2346 1053 2378 inter
1075 2355 1265 2388 potestatem

191 2403 204 2417 »
229 2391 296 2422 eius
320 2390 528 2431 temporalem
553 2397 583 2421 et
606 2397 796 2431 potestatem
819 2401 918 2432 quam
942 2391 1036 2423 habet
1056 2392 1088 2423 in
1105 2400 1265 2434 tempora-

191 2447 204 2462 »
227 2435 311 2466 libus
334 2435 367 2466 in
392 2435 502 2466 ordine
526 2436 565 2465 ad
589 2434 762 2476 spiritualia
787 2433 874 2477 (loco
899 2435 1019 2479 citato).
1046 2437 1080 2468 ln
1100 2447 1144 2469 xit
1164 2438 1265 2479 capite

192 2493 205 2506 »
230 2486 438 2511 connumerat
463 2479 579 2510 Christi
612 2479 831 2510 monarchiam
865 2481 991 2511 caeteris
1022 2482 1118 2513 huius
1151 2483 1264 2514 mundi

192 2536 205 2550 2·
230 2524 439 2562 monarchiis,
473 2534 587 2564 parum
621 2524 822 2555 considerans
855 2535 891 2555 ea
923 2526 1017 2556 verba
1041 2524 1142 2567 (ioan.
1172 2526 1263 2570 xm):

191 2580 205 2595 ι
228 2570 378 2610 Regnum
404 2578 508 2599 meum
534 2579 598 2599 non
622 2574 669 2599 est
691 2568 731 2600 de
746 2569 806 2599 hoc
820 2569 950 2600 mundo.
967 2571 1065 2607 Quod
1080 2578 1111 2602 et
1125 2572 1264 2612 apertius

191 2625 204 2639 »
228 2613 362 2654 explicat
386 2613 487 2654 capite
505 2623 558 2644 xv1
575 2613 629 2644 ubi
646 2613 699 2644 ait:
717 2613 892 2651 Christum,
910 2614 982 2645 licet
997 2616 1036 2645 ab
1053 2615 1184 2647 infantia
1199 2617 1264 2657 Rex

191 2670 205 2684 ι
230 2665 311 2689 esset
335 2658 478 2698 Regum,
507 2657 686 2698 permisisse
710 2664 816 2688 tamen
845 2665 880 2689 ut
911 2659 1118 2699 Imperatores
1142 2661 1266 2702 aliquot

192 2715 205 2729 »
230 2709 395 2743 regnarent
418 2712 520 2744 usque
545 2703 584 2733 ad
614 2702 873 2733 Constantinum.
899 2703 1007 2741 Quem
1030 2705 1070 2735 ad
1094 2705 1155 2735 hoc
1178 2705 1265 2746 lepra

192 2760 206 2775 >›
230 2747 383 2788 percussit
407 2753 442 2778 ut
465 2747 588 2778 cederet
610 2747 703 2778 beato
727 2747 877 2778 Silvestro
903 2748 1083 2779 dominium
1107 2749 1203 2780 orbis:
1229 2759 1265 2780 ex

193 2804 206 2819 »
231 2802 297 2834 quo
322 2801 520 2833 consequens
534 2798 600 2830 ,est‚
625 2798 787 2833 quotquot
811 2798 882 2823 ante
913 2792 1162 2824 Constantinum
1186 2793 1265 2825 Cae—

193 2850 207 2864 >›
231 2846 312 2867 sares
336 2836 475 2875 fuerunt,
500 2836 601 2867 malae
625 2835 698 2867 fidei
721 2846 919 2876 possessores
943 2836 1049 2868 fuisse.
1074 2838 1166 2868 Talia
1189 2848 1264 2869 vero

192 2894 207 2908 ³>
230 2881 419 2912 meditatum
443 2880 540 2912 fuisse
571 2881 682 2912 divum
706 2880 870 2912 Thomam
899 2891 959 2922 ego
983 2892 1144 2923 nusquam
1168 2882 1265 2914 credi-

191 2939 204 2953 »
229 2925 340 2963 derim,
364 2925 437 2957 licet
460 2925 554 2957 fuerit
577 2925 741 2966 potestatis
769 2925 953 2957 Pontificiae
982 2933 1117 2958 assertor
1140 2937 1266 2968 semper

192 2984 205 2997 »
228 2970 442 3010 gravissimus.
464 2970 498 3001 ln
523 2970 624 3011 capite
638 2981 677 3001 xx
702 2970 875 3010 Imperialis
891 2970 1052 3011 regiminis
1072 2981 1190 3002 novam
1206 2972 1264 3003 do-

190 3027 204 3041 »
228 3015 317 3045 minii
342 3014 480 3045 formam
504 3014 767 3052 comminiscitur,
783 3025 882 3056 quam
906 3025 1010 3056 neque
1029 3016 1185 3057 Regatem
1212 3027 1264 3048 ne-

190 3072 203 3086 »
229 3070 291 3100 que
314 3059 480 3091 Politicam
505 3069 572 3090 esse
596 3059 653 3098 ait,
678 3069 745 3090 non
769 3059 932 3090 advertens
956 3061 1045 3101 quod
1069 3060 1182 3092 divisio
1211 3061 1265 3093 illa

191 3117 204 3131 »
229 3103 388 3144 regiminis
412 3104 444 3134 in
468 3104 593 3145 Regale
617 3111 647 3134 et
669 3104 838 3135 Politicum
862 3104 1049 3136 inevitabilis
1073 3111 1136 3144 est,
1169 3112 1264 3147 utpo-

190 3161 204 3175 ι
229 3155 260 3179 te
276 3158 357 3189 quae
382 3148 518 3179 sumitur
542 3159 559 3179 a
576 3148 756 3179 differentiis
781 3158 837 3189 per
859 3149 1062 3189 negationem
1078 3156 1110 3181 et
1127 3149 1263 3182 affirma-

191 3205 205 3219 »
229 3192 352 3223 tionem
375 3193 526 3233 oppositi.
551 3193 705 3224 Videlicet
728 3203 825 3224 omne
849 3193 989 3234 regimen
1013 3194 1063 3225 vel
1087 3201 1133 3226 est
1157 3195 1263 3234 unius,

190 3250 204 3264 ι·
226 3237 276 3268 vel
300 3236 462 3278 plurium:
495 3244 530 3268 ut
554 3237 678 3268 mittam
702 3237 828 3269 interim
856 3248 954 3279 quam
983 3239 1128 3280 imperite
1151 3240 1265 3280 probet

190 3294 204 3308 ›
228 3288 439 3322 assumptum.
466 3282 500 3312 In
524 3289 638 3323 quarto
663 3282 794 3313 demum
824 3282 905 3313 libro
930 3290 1019 3315 notat
1041 3283 1262 3323 Aristotelem,

191 3338 205 3352 »
228 3325 318 3367 quasi
336 3326 420 3357 mala
435 3325 498 3357 fide
512 3326 678 3367 impegerit
692 3326 812 3358 Socrati
828 3328 1093 3359 communitatem
1110 3336 1262 3360 uxorum:

192 3382 205 3396 »
228 3370 260 3400 in
285 3370 347 3402 hoc
370 3371 464 3411 plane
499 3378 629 3402 testatus
653 3381 685 3402 se
710 3371 816 3402 minus
839 3371 950 3412 legisse
973 3373 1123 3414 quintum
1146 3373 1263 3405 librum

193 3426 206 3440 »
230 3415 280 3445 De
303 3415 477 3456 republica.
498 3428 512 3442 »

256 3459 359 3490 Multo
384 3460 474 3500 plura
498 3460 645 3491 historica
669 3460 856 3501 sphalmata,
881 3471 954 3492 sane
971 3461 1181 3502 putidissime,
1204 3472 1263 3494 no-

191 3502 266 3533 tavit
289 3503 399 3534 Petrus
422 3504 559 3535 Pellican
583 3505 615 3535 in
639 3515 696 3535 sua
723 3504 959 3546 Opusculorum
981 3506 1128 3538 editione:
1146 3506 1263 3548 quibus

190 3547 338 3584 praedicti
362 3548 431 3578 libri
455 3548 520 3579 duo
546 3556 674 3586 scatent,
692 3549 800 3580 tertius
818 3557 847 3581 et
863 3557 1004 3591 quartus.
1020 3551 1191 3592 Praecipua
1207 3552 1261 3582 da-

191 3590 295 3621 bimus
311 3591 400 3622 infra.
419 3592 603 3632 imperitum
619 3593 699 3624 adeo
715 3593 810 3624 fuisse
827 3594 985 3625 calamum
1001 3595 1148 3626 Thomae
1163 3596 1263 3637 Aqui-

192 3633 271 3664 natis
295 3636 432 3674 prudens
460 3636 569 3667 dixerit
588 3647 694 3668 nemo.
711 3640 752 3668 At
766 3638 863 3668 libros
879 3639 1007 3669 eosdem
1025 3639 1173 3671 Thomae
1188 3650 1263 3680 sup-

923 257 1383 295 DlSSERTATlONES
1414 257 1663 294 CRITICAE

1318 336 1441 376 positos
1464 336 1529 366 iam
1546 335 1747 366 solidissimis
1764 337 1958 377 argumentis
1979 337 2184 368 confecimus.
2194 338 2297 376 Adde,
2309 339 2401 379 plura

1318 380 1399 410 libro
1423 380 1515 411 tertio
1540 380 1666 418 referri,
1698 390 1779 421 quae
1803 389 1877 422 post
1910 381 2036 412 obitum
2065 382 2208 412 eiusdem
2231 383 2400 424 Aquinatis

1319 424 1515 455 acciderunt:
1545 439 1559 452 «
1573 424 1690 462 Qualia
1708 432 1798 463 sunt,
1823 427 1925 466 inquit
1940 427 2131 464 Echardus,
2158 428 2262 467 capite
2280 438 2319 458 xx
2336 429 2400 459 ele-

1322 481 1337 496 »
1361 468 1424 499 ctio
1450 469 1614 509 Rodulphi
1639 470 1841 510 Imperatoris
1865 471 1924 501 sub
1948 470 2047 501 finem
2071 472 2145 502 anni
2175 473 2255 513 1273
2282 479 2313 503 et
2331 473 2400 504 eius

1322 525 1336 539 »
1360 523 1447 543 mors
1472 523 1556 543 anno
1587 523 1681 554 ¹29¹,
1705 514 1846 555 itemque
1861 515 1971 546 electio
1986 516 2130 556 Adulphi
2146 517 2317 547 Nassoviae
2336 517 2400 549 Co-

1323 570 1337 584 »
1360 557 1446 588 mitis
1477 568 1562 588 anno
1593 568 1674 598 1292
1707 566 1738 590 et
1760 559 1856 590 huius
1887 559 2004 590 occisio
2029 561 2068 591 ab
2091 561 2223 592 Alberto
2253 563 2400 593 Austriae

1322 614 1336 628 »
1361 602 1450 632 Duce
1474 612 1559 632 anno
1590 603 1682 643 1298.
1703 616 1716 630 »
1745 603 1818 643 Egit
1847 604 1996 644 equidem
2026 605 2178 636 vindicias
2210 606 2255 636 10.
2280 607 2399 638 Paulus

1319 646 1473 676 Nazarius
1498 653 1534 677 ut
1557 654 1696 687 quatuor
1719 647 1858 688 integros
1881 648 1979 679 libros
2003 649 2074 679 illos
2098 650 2251 690 Aquinati
2275 652 2398 682 adiudi-

1322 697 1420 720 caret:
1447 690 1526 731 quin
1550 691 1582 720 id
1607 698 1746 722 attamen
1770 692 1876 732 peritis
1899 693 1974 723 viris
1996 695 2182 734 persuadere
2202 696 2351 735 potuerit.

1389 734 1441 764 111.
1470 735 1557 765 Haec
1589 746 1645 766 sua
1674 736 1823 767 accidisse
1847 743 1946 768 aetate
1977 737 2094 769 indicat
2126 746 2237 770 auctor
2258 740 2332 771 loco
2357 741 2398 772 ci-

1320 785 1404 808 tato:
1429 778 1623 819 Exemplum
1647 780 1810 818 habemus,
1835 781 1994 822 inquiens,
2020 783 2114 813 etiam
2137 784 2298 815 modernis
2322 791 2398 816 tem-

1315 822 1471 863 poribus,
1496 823 1582 863 quod
1614 824 1706 854 electi
1730 830 1807 855 sunt
1829 825 2067 866 Imperatores,
2099 828 2244 859 videlicet
2274 829 2398 861 Rodul-

1314 867 1402 907 phus
1425 874 1482 898 etc.
1500 868 1548 897 Ex
1567 867 1616 898 his
1641 868 1760 908 colligit
1776 869 1940 900 Echardus
1961 870 2058 901 libros
2083 871 2155 902 illos
2179 873 2261 903 duos
2284 883 2302 903 a
2324 875 2398 905 Pto-

1320 912 1447 942 lomaeo
1465 910 1602 942 Lucensi
1617 912 1709 943 scribi
1726 913 1878 953 potuisse.
1894 928 1908 942 ‹<
1919 915 1985 945 Nec
2001 915 2069 945 leve
2086 916 2125 946 ad
2140 926 2195 946 eos
2209 917 2398 949 Ptolomaeo

1323 969 1337 983 »
1358 957 1543 987 asserendos
1560 954 1671 999 (addit
1686 955 1760 1000 ille)
1777 966 2003 998 argumentum
2022 966 2068 990 est
2086 966 2204 1000 septem
2225 962 2399 994 electorum

1323 1013 1337 1027 »
1358 1002 1526 1038 institutio,
1552 1011 1634 1042 quae
1659 1002 1760 1042 capite
1783 1012 1835 1033 xix
1863 1003 1935 1033 libri
1952 1004 1994 1034 111
2014 1003 2169 1044 Gregorio
2185 1005 2214 1036 V
2233 1005 2399 1038 tribuitur:

1323 1058 1337 1072 >›
1358 1056 1434 1076 nam
1457 1045 1664 1077 Ptolomaeus
1688 1046 1811 1087 primus
1835 1054 1881 1078 est
1909 1054 2021 1079 auctor
2044 1049 2210 1089 cognitus,
2235 1050 2291 1091 qui
2314 1050 2399 1083 Hist.

1323 1103 1337 1117 >›
1358 1091 1433 1122 eccl.
1449 1091 1530 1121 libro
1546 1091 1660 1128 XVIII,
1677 1091 1778 1131 capite
1795 1101 1820 1122 11
1844 1092 1925 1123 hanc
1945 1093 2180 1124 institutionem
2199 1095 2239 1125 ad
2258 1105 2334 1126 eum
2352 1106 2399 1127 re-

1323 1147 1337 1162 »
1358 1135 1454 1166 ferat.
1467 1158 1495 1166 ..
1519 1136 1586 1166 Nec
1610 1135 1837 1174 omittendum,
1853 1144 2017 1168 auctorem
2039 1137 2130 1169 istius
2153 1139 2224 1169 libri
2247 1140 2330 1171 tertii
2353 1141 2403 1172 di·-

1324 1192 1338 1206 »
1358 1190 1426 1210 cere
1450 1181 1488 1210 ab
1506 1190 1542 1210 ea
1562 1180 1760 1211 institutione
1779 1191 1843 1222 270
1859 1181 1978 1213 circiter
1996 1192 2098 1213 annos
2118 1183 2292 1215 effluxisse:
2309 1186 2400 1226 quod

1323 1237 1338 1251 »
1358 1225 1436 1255 mire
1460 1225 1594 1266 quadrat
1627 1235 1701 1256 curn
1734 1225 1943 1266 chronologia
1974 1227 2164 1259 Ptolomaei.
2201 1229 2286 1259 Nam
2313 1230 2400 1261 iuxta

1323 1282 1337 1296 »
1356 1269 1450 1300 illum
1474 1269 1645 1310 Gregorius
1670 1270 1698 1301 V
1722 1270 1839 1302 electus
1873 1270 1933 1302 fuit
1967 1281 2052 1302 anno
2082 1282 2159 1303 1021
2189 1279 2221 1304 et
2249 1281 2401 1305 mortuus

1324 1326 1337 1340 »
1358 1321 1404 1345 est
1435 1324 1519 1344 anno
1550 1324 1644 1354 1024,
1667 1314 1739 1345 licet
1763 1315 1814 1345 alii
1844 1316 2054 1347 accuratiores
2076 1317 2165 1348 aliter
2194 1325 2335 1350 narrent:
2360 1319 2400 1350 ab

1323 1370 1337 1385 »
1358 1369 1442 1390 anno
1467 1365 1575 1389 autem
1605 1369 1687 1399 ¹⁰24
1711 1359 1751 1389 ad
1774 1370 1896 1391 annum
1922 1360 2015 1401 1298,
2039 1371 2106 1402 quo
2131 1362 2250 1393 electus
2273 1370 2320 1394 est
2342 1363 2398 1394 Al-

1323 1416 1338 1430 »
1357 1403 1464 1434 bertus
1482 1403 1679 1443 Austriacus,
1696 1411 1771 1435 sunt
1787 1414 1850 1447 270
1868 1405 1942 1436 anni
1962 1405 2060 1446 paulo
2077 1406 2167 1447 plus:
2186 1419 2200 1435 »
2220 1417 2287 1448 quo
2304 1408 2400 1439 etiam

1320 1454 1464 1488 tempore
1488 1447 1642 1479 scribebat
1665 1455 1784 1480 auctor.

1386 1491 1558 1523 Verissime
1581 1492 1760 1524 Ptolomaei
1786 1493 1995 1534 chronologia
2027 1495 2141 1526 dicitur
2171 1495 2400 1538 chronologiae

1320 1536 1484 1577 quadrare,
1509 1546 1608 1577 quam
1631 1544 1758 1568 secutus
1783 1545 1829 1569 est
1852 1546 1963 1569 auctor
1985 1538 2055 1570 libri
2079 1539 2178 1571 tertii:
2203 1550 2239 1571 ac
2262 1548 2398 1583 utraque

1320 1581 1440 1611 eisdem
1472 1580 1556 1611 vitiis
1587 1581 1754 1622 inquinata
1775 1589 1832 1613 est.
1864 1583 1919 1613 Ait
1941 1583 1999 1614 iste
2023 1584 2124 1625 capite
2151 1592 2218 1615 xxx:
2243 1585 2400 1618 Ottonem

1320 1624 1370 1668 (ac
1393 1635 1590 1657 successores
1613 1624 1710 1668 duos)
1727 1627 1868 1658 tenuisse
1883 1628 2054 1668 imperium
2073 1638 2175 1669 usque
2198 1629 2242 1660 ad
2267 1631 2397 1662 tertiam

1318 1671 1574 1712 generationem,
1590 1680 1728 1711 quorum
1742 1671 1873 1712 quilibet
1889 1677 2022 1703 vocatus
2036 1677 2083 1704 est
2100 1672 2193 1704 otto.-
2211 1678 2242 1705 et
2255 1684 2301 1705 ex
2320 1679 2399 1707 tunc

1320 1713 1381 1758 (ex
1404 1714 1534 1746 Ottonis
1567 1712 1735 1757 tempore)
1754 1725 1818 1756 per
1851 1715 2047 1757 Gregorium
2078 1717 2107 1747 V
2126 1719 2295 1758 provisam
2328 1728 2402 1751 esse

1320 1760 1520 1797 electionem,
1546 1764 1581 1790 ut
1605 1759 1751 1791 videlicet
1767 1770 1832 1801 per
1853 1766 1971 1801 septem
1988 1761 2155 1803 Principes
2181 1763 2402 1797 Alamanniae

1309 1804 1397 1846 fiat,
1421 1813 1506 1845 quae
1537 1813 1638 1845 usque
1660 1805 1704 1835 ad
1732 1805 1793 1836 ista
1827 1810 1971 1846 tempora
1997 1812 2211 1847 perseverat:
2233 1808 2319 1849 quod
2350 1814 2399 1841 est

1318 1850 1457 1889 spatium
1481 1849 1693 1880 ducentorum
1716 1851 1924 1890 septuaginta
1954 1861 2118 1882 annorum
2149 1852 2201 1883 vel
2223 1853 2333 1885 circat
2351 1853 2396 1885 ad

1319 1895 1465 1934 tempora
1483 1893 1628 1925 videlicet
1650 1893 1785 1931 Alberti,
1799 1894 1871 1935 filii
1892 1895 2065 1936 Rodulphi,
2083 1896 2185 1935 electi,
2204 1903 2241 1928 ut
2262 1897 2397 1931 habetur

1319 1938 1505 1979 insequente
1529 1938 1630 1979 capite
1652 1949 1702 1970 xx.
1729 1938 1817 1970 Haec
1850 1939 1960 1980 utique
1984 1940 2175 1972 Ptolomaeo
2207 1949 2398 1981 consonant,

1319 1982 1375 2024 qui
1397 1983 1479 2013 libro
1503 1983 1605 2014 XVIII
1629 1983 1713 2014 Hist.
1730 1982 1817 2022 ech,
1838 1983 1939 2024 capite
1960 1994 1971 2015 1
1995 1985 2039 2016 ad
2060 1995 2184 2017 annum
2207 1995 2281 2018 1021
2304 1985 2398 2019 refert

1320 2027 1503 2058 electionem
1530 2027 1684 2069 Gregorii
1708 2028 1781 2059 Vet
1804 2028 1904 2068 capite
1928 2038 1953 2059 11
1972 2028 2134 2061 institutos
2157 2037 2262 2062 narrat
2277 2031 2321 2062 ad
2337 2041 2398 2072 pe-

1319 2073 1462 2103 titionem
1499 2071 1626 2103 Ottom's
1658 2072 1832 2103 electores:
1856 2073 1982 2104 obitum
2015 2073 2160 2115 Gregorii
2183 2074 2212 2106 V
2236 2084 2308 2107 cum
2338 2086 2398 2109 an-

1320 2127 1361 2147 no
1385 2122 1466 2154 1024
1483 2116 1582 2156 illigat
1605 2116 1705 2157 capite
1722 2127 1753 2154 v,
1771 2123 1801 2148 et
1819 2116 1901 2148 libro
1923 2118 2038 2156 XXIV,
2055 2119 2160 2159 capite
2171 2128 2258 2151 xxvu
2273 2120 2400 2152 electio-

1320 2171 1392 2192 nem
1415 2161 1540 2192 Alberti
1561 2162 1728 2192 Austriaci
1750 2161 1794 2192 ad
1816 2171 1939 2193 annum
1959 2161 2044 2204 1298
2065 2162 2167 2194 refert.
2185 2164 2286 2202 Quod
2303 2164 2401 2199 inner-

1320 2205 1441 2237 vallum
1457 2205 1610 2246 temporis
1637 2216 1738 2237 annos
1764 2206 1988 2247 complectitur
2009 2217 2083 2250 274.
2098 2210 2143 2239 At
2161 2217 2237 2240 vero
2253 2208 2332 2241 Otto
2356 2209 2400 2241 111

1320 2260 1474 2282 coronam
1496 2250 1646 2291 indeptus
1669 2258 1716 2282 est
1739 2251 1939 2291 Imperialem
1963 2262 2048 2284 anno
2069 2253 2146 2294 996,
2163 2263 2262 2294 quam
2285 2254 2325 2285 ad
2339 2262 2400 2286 un-

1320 2305 1400 2326 num
1429 2305 1510 2326 1002
1535 2295 1683 2336 gestavit:
1701 2295 1874 2337 sedemque
1898 2297 2081 2328 Romanam
2105 2297 2279 2338 Gregorius
2301 2298 2331 2331 V
2354 2305 2400 2332 te-

1320 2339 1390 2371 nuit
1413 2340 1452 2370 ab
1475 2349 1562 2371 anno
1587 2340 1662 2381 996,
1680 2340 1731 2371 cui
1755 2340 1904 2372 successit
1927 2340 2075 2373 Silvester
2098 2342 2125 2373 11
2150 2349 2182 2374 et
2204 2353 2290 2374 anno
2315 2344 2399 2375 1003

1320 2384 1462 2425 primum
1486 2385 1620 2415 Ioannes
1639 2385 1726 2416 XVII
1751 2391 1822 2416 tum
1847 2385 1981 2417 loannes
2004 2386 2118 2418 XVIII.
2146 2387 2288 2425 Quando
2310 2397 2401 2427 vero,

1320 2429 1489 2471 quomodo
1513 2436 1544 2460 et
1566 2439 1584 2459 a
1607 2439 1675 2471 quo
1699 2436 1822 2470 septem
1846 2430 1996 2462 electores
2019 2431 2154 2463 instituti
2178 2431 2315 2471 fuerint,
2339 2433 2400 2465 sub

1319 2473 1423 2505 iudice
1442 2473 1479 2504 lis
1503 2480 1559 2505 est.
1575 2473 1667 2505 Duos
1690 2474 1775 2512 illos,
1800 2474 1838 2505 de
1862 2475 1979 2516 quibus
2003 2475 2138 2516 agimus,
2158 2475 2255 2508 libros
2273 2477 2326 2508 De
2346 2487 2400 2508 re-

1318 2519 1442 2560 gimine
1457 2519 1643 2560 Principum
1668 2518 1694 2549 si
1718 2518 1918 2551 elucubrasse
1939 2520 2146 2552 Ptolomaeus
2169 2521 2323 2552 dicendus
2345 2521 2403 2561 sit,

1319 2563 1351 2594 in
1376 2563 1438 2594 hoc
1462 2573 1545 2603 opus
1569 2563 1727 2604 colligitur
1743 2563 1851 2604 ipsum
1874 2564 2056 2596 incubuisse
2073 2565 2154 2597 circa
2170 2574 2295 2597 'annum
2315 2575 2401 2608 1299

1320 2607 1370 2638 vel
1393 2607 1623 2649 insequentem.
2336 2620 2339 2623 ·

1704 2711 1902 2748 CAPUT
1933 2713 2007 2749 111.

1319 2805 1402 2830 Dubia
1421 2812 1582 2839 promuntur,
1602 2814 1669 2839 quae
1687 2807 1860 2840 posteriorum
1881 2807 2005 2833 librorum
2025 2815 2156 2835 auctorem
2181 2809 2293 2835 indicant
2312 2809 2396 2835 diver·

1390 2849 1450 2866 sum
1469 2849 1484 2866 a
1503 2842 1653 2867 Ptolomaeo
1672 2842 1793 2868 Lucensi.
1808 2843 1949 2869 Casimirus
1969 2844 2088 2870 Oudinus
2107 2845 2245 2876 refellitur,
2265 2845 2310 2878 qui
2328 2853 2398 2879 opus

1390 2877 1518 2910 integrum
1538 2877 1651 2903 attribuit
1669 2878 1778 2910 Aegidio
1797 2879 1829 2904 de
1848 2879 1984 2905 Columna.

1321 2970 1342 3001 1.
1368 2964 1560 3047 promere
1584 2970 1663 3002 mihi
1686 2971 1788 3010 liceat,
1808 2982 1890 3013 quae
1909 2972 2055 3004 incidunt
2073 2973 2160 3004 haud
2183 2974 2264 3005 levia
2288 2974 2397 3014 dubia,

1437 3025 1517 3046 num
1540 3015 1729 3047 Ptolomaeo
1762 3016 1898 3047 Lucensi
1932 3017 2082 3058 praedicti
2114 3018 2185 3049 libri
2209 3019 2276 3050 duo
2298 3018 2395 3051 tribui

1319 3058 1472 3091 debeant?
1488 3060 1570 3091 Sunt
1590 3060 1677 3091 enim
1700 3070 1738 3092 ex
1761 3061 1915 3092 diametro
1939 3062 2114 3103 pugnantia
2137 3063 2330 3105 quamplura
2344 3064 2396 3096 vel

1319 3111 1400 3136 certe
1424 3105 1518 3145 longe
1543 3104 1684 3145 diversa,
1709 3115 1791 3147 quae
1814 3105 2020 3138 Ptolomaeus
2053 3114 2157 3138 narrat
2189 3107 2222 3139 in
2255 3108 2396 3140 Historia

1319 3149 1526 3181 ecclesiastica
1549 3156 1580 3181 et
1602 3149 1636 3180 in
1658 3150 1857 3189 Annalibus,
1881 3160 2002 3192 quaeve
2034 3151 2184 3192 leguntur
2211 3152 2245 3183 in
2273 3152 2394 3191 altero,

1318 3202 1384 3235 quo
1401 3194 1440 3225 de
1456 3193 1592 3234 agimus,
1611 3194 1779 3235 opusculo
1795 3195 1846 3226 De
1865 3196 2025 3237 regimine
2042 3196 2239 3237 Principum.
2260 3196 2358 3228 Libro
2367 3197 2393 3236 Ι,

1319 3248 1386 3279 cap.
1403 3248 1423 3269 x
1439 3238 1483 3269 sic
1506 3238 1658 3279 legimus:
1683 3239 1734 3270 De
1753 3239 1964 3271 Constantino
1987 3246 2144 3281 apparet,
2160 3242 2216 3282 qui
2238 3241 2395 3273 Silvestre

1318 3283 1351 3314 in
1375 3283 1516 3324 Imperio
1549 3284 1651 3315 cessit.
1678 3283 1759 3315 Item
1788 3284 1828 3315 de
1853 3284 1974 3316 Carolo
2005 3286 2153 3327 Magno,
2178 3294 2271 3327 quem
2303 3285 2395 3326 Papa

1317 3327 1484 3359 Adrianus
1500 3327 1733 3368 Imperatorem
1750 3330 1924 3360 constituit.
1941 3329 2022 3360 Item
2039 3330 2080 3361 de
2098 3329 2215 3361 Ottone
2229 3330 2252 3360 I
2263 3330 2319 3371 qui
2330 3339 2396 3370 per

1317 3372 1456 3403 Leonem
1481 3378 1610 3404 creatus
1627 3378 1657 3404 et
1672 3373 1857 3414 Imperator
1875 3379 1923 3405 est
1940 3375 2142 3406 constitutus.
2158 3374 2233 3405 Non
2255 3374 2299 3405 ita
2316 3373 2392 3404 Pto-

1318 3417 1474 3455 lomaeus,
1491 3417 1547 3458 qui
1562 3417 1644 3448 libro
1666 3417 1753 3449 XVII
1773 3418 1855 3449 Hist.
1881 3418 1968 3457 eccl„
1986 3418 2087 3459 capite
2104 3428 2171 3449 xvn
2194 3418 2254 3450 ait:
2273 3430 2287 3447 ε
2299 3417 2395 3449 Venit

1322 3475 1335 3488 »
1355 3461 1493 3492 Romam
1517 3461 1695 3502 praedictus
1719 3462 1832 3494 otto...
1855 3469 1886 3494 et
1900 3463 1934 3493 in
1955 3463 2182 3504 Imperatorem
2199 3468 2391 3493 coronatus:

1321 3519 1334 3533 »
1355 3512 1464 3537 utrum
1487 3512 1595 3537 autem
1619 3516 1675 3547 per
1697 3507 1818 3548 Papam
1842 3507 1996 3538 Ioannem
2018 3505 2143 3550 (XII),
2159 3513 2215 3538 aut
2237 3513 2310 3546 post
2325 3516 2391 3537 ces-

1320 3563 1334 3578 »
1355 3550 1479 3581 sionem
1503 3550 1587 3589 eius,
1611 3550 1759 3582 historiae
1782 3561 1848 3582 non
1872 3550 1994 3583 faciunt
2015 3551 2232 3589 mentionem,
2261 3557 2392 3591 excepto

1320 3608 1334 3622 »
1355 3594 1552 3633 Cusentino,
1576 3595 1632 3636 qui
1656 3595 1741 3633 dicit,
1766 3596 1919 3626 loannem
1943 3594 2055 3637 (XII)
2078 3595 2186 3635 ipsum
2209 3604 2393 3626 coronasse.

1320 3652 1334 3666 ιο
1355 3639 1416 3670 Sed
1449 3639 1618 3670 Decretum
1651 3646 1756 3680 aperte
1781 3639 1856 3670 dicit
1878 3639 1968 3680 quod
1992 3640 2058 3670 Leo
2082 3639 2174 3678 VIII,
2198 3639 2282 3670 Dist.
2312 3649 2390 3670 mu
