2548 4192
925 273 979 309 IN
1010 273 1047 309 S.
1069 273 1312 310 THOMAM
1339 273 1663 320 AQUINATEM

186 355 399 394 suetudinem,
408 352 534 384 saeculo
546 353 610 383 iam
625 352 797 383 undecimo
815 351 951 382 desiisse.
969 352 1122 383 Veterum
1138 362 1262 382 morem

185 407 284 431 istum
314 404 444 429 noverat
476 397 639 435 Thomas,
670 407 769 437 quem
801 396 918 427 Leonis
946 396 1054 436 Magni
1078 396 1261 426 auctoritate

185 443 338 485 proponit
361 442 402 473 111
426 453 475 482 p.,
499 452 530 482 q.
556 451 668 479 vam,
698 448 753 472 art.
782 452 833 479 111,
865 441 1025 481 simulque
1049 451 1124 471 cum
1148 441 1262 471 eodem

186 489 322 520 Summo
342 485 496 517 Pontifice
515 496 604 516 casus
620 485 810 517 necessitatis
825 485 940 527 quovis
955 492 1099 525 tempore
1115 492 1261 525 exceptos

187 538 344 569 numerat,
368 532 481 561 mortis
497 531 694 571 periculum,
719 530 892 561 obsidionis
914 530 1097 567 discrimen,
1110 539 1261 570 persecu-

187 578 283 608 tionis
298 576 480 617 angustias,
499 576 644 606 timorem
661 574 843 616 naufragii.
861 574 978 605 Leonis
998 574 1166 614 epistolam
1185 584 1260 604 con-

187 621 256 651 sule
269 631 332 658 xv1,
347 620 424 650 alias
438 629 480 657 1v,
492 619 532 649 ad
547 619 711 650 universos
726 619 905 659 Episcopos
920 629 976 659 per
990 618 1130 649 Siciliam
1144 618 1260 649 consti-

186 672 283 696 tutos.
304 664 423 695 Leonis
440 671 562 695 textum
581 663 624 694 sic
645 663 731 694 effert
751 663 895 704 Aquinas
915 662 1044 705 (obiect.
1064 663 1086 693 I
1082 662 1123 704 ).·
1145 676 1159 690 α.
1178 662 1262 693 Dicit

189 721 203 737 »
224 709 310 740 enim
329 710 396 740 Leo
419 709 521 749 Papa:
547 708 613 738 duo
637 715 799 748 tempora,
823 708 942 738 Pascha
966 714 996 738 et
1019 707 1203 738 Pentecoste
1222 707 1261 737 ad

190 766 204 782 a·
225 753 452 794 baptizandum
475 763 493 783 a
516 754 666 783 Romano
690 752 842 783 Pontifice
858 752 998 792 legitime
1015 752 1150 792 praefixa
1171 758 1260 782 sunt:

189 811 204 827 ι»
224 798 310 829 unde
327 798 527 829 dilectionem
552 803 692 828 vestram
717 807 882 828 monemus
906 803 941 828 ut
965 797 1071 827 nullos
1094 797 1176 827 alios
1194 796 1262 826 dies

189 856 204 871 ιν
223 843 298 874 huic
313 842 528 873 observationi
546 843 715 873 misceatis.
728 855 742 869 »
771 841 833 873 Ubi
856 842 950 872 verba
973 841 1090 879 italico,
1111 847 1146 871 ut
1161 841 1260 878 aiunt,

186 887 362 918 charactere
386 897 530 927 expressa
558 887 598 917 ad
622 888 766 918 Leonem
789 886 961 927 pertinent:
988 892 1108 916 caetera
1132 885 1262 915 titulum

185 932 333 963 exhibent
355 931 389 962 in
412 932 520 963 codice
542 941 704 962 canonum
729 938 766 965 et,
782 931 868 971 apud
892 930 1076 961 Concilium
1099 928 1262 969 Mogunti-

185 987 266 1007 num
283 976 294 1006 Ι
319 986 404 1007 anno
422 976 486 1017 847
507 976 700 1007 celebratum
719 975 820 1015 capite
836 985 880 1006 111.

253 1021 301 1051 Ex
324 1022 436 1051 eadem
458 1020 620 1051 Pontificis
644 1020 778 1060 epistola
801 1019 977 1050 novitatem
991 1018 1174 1049 Siculorum
1187 1027 1261 1057 pro-

185 1065 255 1104 mit,
280 1065 336 1106 qui
359 1066 518 1106 Baptismi
548 1065 794 1096 Sacramentum
828 1063 1031 1094 numerosius
1054 1063 1087 1092 in
1111 1062 1163 1092 die
1185 1062 1262 1101 Epi-

179 1111 335 1151 phaniae,
360 1120 456 1151 quam
481 1110 514 1139 in
538 1109 689 1140 Paschali
712 1113 864 1148 tempore,
889 1106 1101 1138 celebrabant.
1119 1106 1262 1136 Adnotat

184 1154 253 1194 ipse
275 1163 351 1183 vero
369 1154 411 1185 IV
435 1153 533 1191 Sent.‚
550 1153 619 1184 dist.
645 1163 687 1191 v1,
712 1163 766 1193 qu.
784 1163 821 1190 11,
846 1158 902 1182 art.
920 1162 942 1189 1,
967 1157 1087 1191 quaest.
1115 1160 1138 1179 11
1161 1150 1200 1179 ad
1227 1150 1259 1179 3:

185 1198 263 1229 Ideo
288 1208 351 1228 non
376 1207 445 1229 esse
466 1198 650 1238 specialiter
673 1198 853 1227 institutum
877 1196 1079 1236 Baptismum
1104 1194 1262 1225 celebrari

184 1243 218 1273 in
242 1242 294 1274 die
317 1242 374 1273 illa
389 1240 627 1285 (Epiphaniae),
645 1247 681 1272 ut
694 1241 924 1272 excluderetur
938 1249 1033 1270 error
1046 1238 1259 1279 quorumdam

184 1288 241 1329 qui
263 1287 428 1325 dicebant,
454 1297 619 1327 nunquam
643 1287 844 1326 Baptismum
854 1294 952 1324 posse
974 1283 1119 1324 conferri
1143 1284 1205 1313 nisi
1227 1283 1259 1312 in

183 1331 236 1363 die
259 1331 334 1370 illa,
353 1341 419 1372 qua
441 1331 602 1362 Dominus
625 1331 805 1371 baptizatus
828 1334 884 1359 est.
901 1328 1050 1359 Novitate
1066 1338 1123 1358 sua
1138 1327 1261 1358 errandi

153 1375 267 1408 “certe
290 1377 439 1416 praebere
463 1376 667 1406 occasionem
689 1380 836 1415 poterant
851 1372 958 1404 Siculi.

250 1420 461 1452 Ablutionem
483 1420 517 1450 in
532 1419 726 1460 Baptismate
742 1424 930 1449 consuetam
943 1416 1058 1457 triplici
1074 1416 1175 1447 modo
1190 1426 1260 1456 per-

183 1465 318 1506 agebant
339 1472 459 1496 veteres
482 1465 688 1505 aspersione,
713 1462 871 1504 effusione
903 1461 1106 1502 maximeque
1134 1462 1261 1491 immer-

181 1511 281 1542 sione.
306 1509 400 1550 Viget
423 1509 520 1540 hodie
544 1508 707 1540 effusionis
731 1507 859 1538 modus:
884 1506 1125 1537 immersionem
1144 1505 1262 1536 ferebat

182 1556 390 1587 communior.
416 1563 496 1585 usus
527 1564 606 1584 aevo
637 1553 803 1590 Thomae,
835 1551 868 1581 id
890 1551 962 1591 ipso
993 1550 1261 1581 animadvertente

183 1598 226 1631 111
245 1609 291 1640 p.,
310 1609 365 1640 qu.
385 1609 473 1637 wa,
493 1605 549 1629 art.
569 1608 624 1634 vn,
649 1597 736 1628 iuxta
759 1595 1025 1627 consuetudinem
1041 1595 1128 1635 apud
1142 1601 1262 1625 veteres

183 1644 280 1684 longe
319 1643 563 1685 praevalentem.
597 1641 772 1682 Triplicem
811 1640 985 1671 adhibitam
1022 1639 1262 1670 immersionem

185 1688 301 1720 clamat
324 1687 430 1719 omnis
454 1687 635 1728 antiquitas:
659 1695 764 1726 neque
788 1691 894 1716 tamen
910 1695 947 1715 ex
962 1683 1100 1725 antiquis
1115 1690 1146 1714 et
1161 1694 1199 1714 ex
1214 1693 1261 1714 re-

185 1731 379 1765 centioribus
403 1732 582 1769 defuerunt,
607 1731 663 1772 qui
687 1730 928 1761 Sacramentum
952 1729 1011 1759 sub
1027 1728 1121 1759 unica
1136 1728 1262 1759 tinctio-

184 1788 226 1809 ne
249 1776 512 1808 administrarent.
536 1776 663 1807 Morem
686 1781 860 1815 utrumque
875 1773 994 1804 indicat
1008 1773 1163 1814 Aquinas,
1178 1773 1262 1803 testi-

183 1823 244 1854 bus
261 1821 421 1853 advocatis
438 1820 594 1861 Gregorio
610 1820 729 1859 Magno
746 1826 777 1850 et
793 1818 942 1849 Concilio
957 1817 1116 1848 Toletano
1138 1817 1261 1854 Quarto

183 1866 285 1909 (Can.
293 1865 346 1908 19:
353 1866 521 1906 docetque,
531 1865 646 1895 eodem
657 1864 794 1894 Summo
803 1861 956 1893 Pontifice
966 1868 1137 1902 praeeunte
1147 1862 1228 1892 libro
1238 1862 1261 1899 1,

181 1911 273 1952 epist.
289 1921 376 1949 xmn,
400 1909 476 1940 alias
498 1919 570 1947 xm,
595 1908 636 1938 ad
659 1908 842 1938 Leandrum
866 1906 1067 1947 Episcopum
1090 1906 1260 1946 Hispalen-

181 1965 261 1994 sem,
278 1954 527 1996 reprehensibile
543 1953 731 1984 nullatenus
753 1962 822 1983 esse
838 1951 996 1992 infantem
1013 1952 1046 1981 in
1062 1951 1263 1990 Baptismate

180 2001 233 2032 vel
255 2005 306 2031 ter
334 1999 384 2030 vel
413 1999 513 2030 semel
543 2007 703 2038 mergere.
729 1996 987 2027 Gussanviuaeus
1018 1995 1051 2025 in
1075 1995 1160 2025 notis
1184 1995 1262 2025 haec

179 2045 292 2076 habet:
320 2043 494 2074 Caeterum
513 2052 578 2083 pro
601 2043 698 2073 unica
721 2042 882 2072 mersione
906 2050 969 2071 non
988 2040 1116 2070 videtur
1129 2045 1262 2070 sanctus

187 2090 326 2120 Thomas
354 2088 570 2119 testimonium
602 2087 704 2117 ullum
729 2085 833 2126 affere
856 2090 932 2116 ante
963 2084 1141 2115 Concilium
1171 2084 1261 2114 Tole-

181 2139 296 2166 tanum
320 2132 387 2170 IV,
417 2132 503 2173 quod
535 2131 697 2172 Gregorio
719 2132 848 2171 Magno
871 2130 1038 2170 posterius
1057 2128 1149 2169 fuit,
1175 2138 1260 2159 anno

181 2178 300 2209 scilicet
323 2177 387 2208 633
413 2177 616 2208 celebratum.
642 2175 710 2206 Iam
732 2175 821 2205 vides
851 2174 957 2204 virum
978 2173 1200 2204 doctissimum
1216 2183 1261 2203 er-

182 2232 278 2254 rasse.

249 2266 403 2297 Formam
432 2264 587 2305 Baptismi
617 2263 828 2294 diversimode
852 2263 938 2303 apud
967 2262 1098 2293 Latinos
1122 2268 1153 2292 et
1175 2262 1261 2302 apud

183 2311 322 2343 Graecos
346 2309 507 2340 enunciari
531 2308 750 2347 consuevisse,
774 2307 907 2338 minime
935 2307 1052 2337 latebat
1074 2307 1261 2347 Praecepto-

183 2365 252 2387 rem
282 2354 483 2394 Angelicum.
507 2354 634 2384 Naevus
664 2353 710 2383 illi
733 2362 809 2384 cum
839 2352 944 2382 latinis
977 2350 1163 2382 hominibus
1195 2351 1262 2382 eius

184 2399 293 2431 aetatis
318 2398 500 2430 communis
524 2397 602 2435 fuit,
626 2396 877 2428 existimantibus
901 2396 1039 2426 formam
1065 2396 1151 2436 apud
1166 2395 1262 2426 Grae-

185 2455 240 2476 cos
263 2443 486 2484 deprecatoriis
515 2442 566 2472 vel
588 2441 782 2482 imperativis
811 2440 913 2471 verbis
938 2447 1127 2480 expressam:
1151 2440 1261 2480 Bapti-

183 2494 276 2531 zetur
297 2497 412 2519 servus
437 2487 559 2517 Christi
581 2487 657 2517 talis
680 2487 712 2516 in
730 2486 858 2516 nomine
873 2486 981 2515 Patris
998 2491 1056 2515 etc.
1075 2484 1262 2524 Legendum

184 2533 316 2574 utique,
341 2532 532 2573 baptizatur.
558 2531 663 2561 Iacobi
688 2530 775 2561 Goar
798 2529 831 2560 in
854 2529 939 2559 notis
963 2529 1003 2559 ad
1022 2528 1262 2568 Euchologium

185 2578 383 2610 Graecorum
408 2575 641 2606 animadversio
666 2581 714 2605 est
738 2573 792 2615 (in
818 2574 973 2614 Baptism-
995 2573 1081 2614 qffic.
1104 2578 1169 2604 not.
1189 2572 1260 2615 2o):

184 2621 307 2653 errandi
331 2621 522 2652 occasionen
538 2626 701 2660 sumptam
726 2629 763 2649 ex
785 2618 935 2649 affinitate
958 2627 1086 2658 graecae
1116 2617 1262 2648 dictionis

184 2664 398 2707 βαπτίζεται
423 2665 463 2695 ad
479 2664 574 2695 aliam
592 2664 724 2694 latinam
746 2673 860 2694 vocem
883 2663 1070 2703 baptizetur.
1096 2662 1158 2693 Sed
1180 2662 1262 2693 hanc

184 2720 372 2752 graecorum
391 2709 575 2747 formulam,
595 2708 659 2739 sive
678 2707 861 2745 indicativo,
878 2707 943 2737 sive
962 2706 1190 2747 deprecatorio,
1207 2714 1263 2738 aut

184 2754 373 2796 imperativo
389 2754 488 2784 modo
504 2759 691 2793 conceptam
710 2752 879 2793 aptissimis
898 2751 1073 2782 rationibus
1089 2758 1195 2782 tuetur
1209 2752 1262 2782 ille

186 2800 228 2831 111
243 2809 330 2840 p.,q.
343 2809 416 2829 vax
432 2805 488 2829 art.
505 2808 526 2828 v
541 2798 582 2828 ad
603 2808 629 2836 1,
647 2804 678 2828 et
693 2797 736 2828 IV
755 2797 854 2835 Sent.‚
874 2796 945 2827 dist.
955 2806 1005 2834 111,
1020 2806 1075 2837 qu.
1095 2806 1124 2834 1,
1145 2803 1200 2827 art.
1220 2807 1260 2835 11,

185 2850 307 2886 quaest.
331 2854 354 2873 n
377 2843 417 2873 ad
432 2853 467 2873 4ι.

252 2887 345 2918 Ritus
369 2887 448 2917 alios
471 2886 689 2927 quamplures,
710 2886 765 2926 qui
782 2885 868 2925 apud
883 2885 1032 2925 antiquos
1048 2884 1081 2914 in
1098 2895 1159 2915 usu
1174 2892 1262 2916 erant

185 2933 220 2963 in
243 2931 379 2962 solemni
402 2931 556 2971 Baptismi
580 2930 866 2967 administratione,
891 2929 1093 2969 maximeque
1117 2929 1196 2959 circa
1211 2940 1260 2960 ca-

187 2976 396 3007 techumenos
419 2975 476 3006 rite
499 2975 733 3015 praeparandos
757 2974 796 3004 ad
820 2973 1013 3004 Sacramenti
1034 2973 1260 3013 receptionem,

186 3019 419 3061 ignoraverime
450 3017 617 3050 Thomas?
650 3019 685 3049 Id
721 3028 825 3059 neque
855 3018 934 3056 dici,
966 3027 1070 3058 neque
1094 3018 1261 3058 excogitari

186 3064 247 3096 nisi
270 3073 328 3103 per
358 3063 508 3094 iniuriam
538 3069 653 3103 potest.
677 3063 783 3094 Pauca
813 3062 960 3093 Thomae
992 3062 1087 3092 verba
1115 3062 1262 3093 latiorem

188 3110 256 3140 eius
280 3107 426 3147 peritiam
450 3107 523 3138 satis
546 3107 703 3138 indicant:
727 3108 778 3138 De
797 3107 862 3137 illis
887 3107 1184 3137 Sacramentalibus
1199 3105 1261 3149 (in-

188 3151 326 3195 quientis
343 3152 384 3182 IV
401 3152 499 3189 Sent.‚
520 3151 590 3182 dist.
609 3162 652 3189 vr,
668 3162 698 3192 q.
713 3161 750 3188 11,
761 3158 817 3182 art.
833 3162 854 3189 1,
871 3158 992 3192 quaest.
1009 3161 1043 3181 111
1059 3151 1099 3180 ad
1121 3149 1164 3192 33,
1179 3161 1263 3192 quae

183 3198 351 3240 pertinent
373 3196 416 3226 ad
438 3196 670 3226 solemnitatem
694 3196 863 3236 Baptismi,
888 3195 1046 3236 quaedam
1060 3195 1206 3236 fuerunt
1229 3197 1261 3226 in

182 3246 356 3286 primitiva
379 3244 540 3281 Ecclesia,
565 3252 648 3283 quae
671 3252 758 3273 nunc
781 3252 844 3273 non
872 3248 949 3272 sunt
971 3247 1002 3273 et
1027 3242 1184 3283 quaedam
1202 3253 1262 3283 po-

188 3299 259 3327 stea
284 3287 491 3330 superaddita
514 3292 599 3318 sunt.
625 3286 711 3317 Cum
734 3293 862 3317 auctore
885 3286 1193 3326 Areopagiticorum,
1209 3297 1262 3317 ve-

188 3344 278 3370 tusto
289 3344 363 3365 sane
373 3332 534 3372 scriptore,
546 3332 643 3361 ritum
654 3330 813 3371 Baptismi
822 3330 952 3370 exponit
965 3330 1083 3360 ibidem
1094 3337 1213 3370 quaest.
1225 3342 1260 3362 m

188 3384 293 3417 citata,
310 3379 365 3419 qui
388 3378 420 3407 in
439 3376 606 3416 primitiva
622 3374 780 3412 Ecclesia,
798 3384 834 3405 ac
850 3374 982 3404 saeculis
1001 3374 1039 3404 ab
1056 3384 1134 3404 aevo
1150 3381 1259 3406 nostro

190 3423 427 3459 remotioribuS,
442 3419 636 3451 servabatur
654 3419 686 3448 in
709 3419 846 3449 solemni
863 3418 1076 3448 celebratione
1090 3418 1257 3458 Baptismi,

189 3469 318 3513 quando
342 3466 446 3497 adulti
469 3464 513 3495 ad
527 3464 726 3504 Baptismum
747 3462 925 3499 veniebant,
950 3461 1117 3502 variosque
1132 3472 1258 3502 percur-

188 3525 255 3547 rere
278 3513 393 3554 gradus
417 3509 694 3540 catechumenatus
716 3506 931 3546 adigebantur.

256 3559 295 3589 11.
319 3556 431 3588 Statim
448 3560 521 3594 post
536 3552 737 3592 Baptismum
761 3549 894 3581 conferri
918 3550 1156 3580 Sacramentum
1175 3550 1258 3581 Con-

179 3603 384 3646 firmationis
407 3599 486 3630 olim
509 3602 727 3628 consueverat:
752 3595 843 3636 isque
866 3604 942 3625 usus
966 3593 1074 3624 multis
1097 3594 1130 3624 in
1153 3595 1259 3625 Eccle-

189 3648 236 3679 sia
258 3646 389 3679 saeculis
413 3641 631 3684 perseveravit,
648 3640 704 3671 sed
725 3638 1088 3678 ineuntedecimotertio
1107 3638 1171 3668 iam
1187 3649 1258 3679 pas-

2315 286 2395 312 CCCI

1320 351 1382 382 sim
1405 352 1611 384 obsoleverat.
1636 353 1787 384 Vetustos
1811 363 1915 383 mores
1939 353 2071 390 indicat,
2097 363 2186 384 casus
2211 354 2305 384 etiam
2329 364 2395 384 me-

1320 403 1424 427 morat
1447 403 1516 427 tum
1547 397 1701 438 temporis
1730 397 1949 438 excipiendos,
1982 407 2165 438 novamque
2196 398 2395 438 disciplinam

1319 450 1527 471 communem
1563 442 1721 473 invectam
1752 442 1882 482 exponit
1918 441 2089 481 Angelicus
2120 442 2243 472 Doctor
2276 443 2318 472 111
2348 453 2392 482 p.,

1319 494 1349 525 q.
1374 495 1474 523 Lxxn,
1499 493 1554 517 art.
1584 497 1627 516 xn
1655 487 1695 517 ad
1724 494 1755 517 1:
1779 487 1902 517 Eadem
1934 492 2096 527 tempora,
2121 486 2286 527 inquiens,
2318 493 2394 517 sunt

1312 530 1465 570 praefixa
1484 531 1650 571 Baptismo
1681 532 1868 562 solemniter
1899 531 2090 561 celebrando
2116 536 2147 561 et
2173 531 2249 561 huic
2275 531 2393 561 Sacra-

1318 579 1423 604 mento
1443 572 1744 618 (Confirmationis),
1766 575 1823 606 sed
1840 576 1916 616 quia
1936 576 1995 606 hoc
2013 575 2258 606 Sacramentum
2278 585 2298 605 a
2317 576 2395 606 solis

1317 618 1484 659 Episcopis
1502 619 1610 656 datur,
1630 621 1686 660 qui
1702 630 1764 650 non
1779 625 1855 651 sunt
1869 630 1995 660 semper
2002 625 2225 660 praesentes...
2241 621 2392 660 oportuit,

1318 668 1473 702 quantum
1483 664 1527 694 ad
1537 674 1734 695 communem
1747 674 1851 701 usum,
1864 665 2110 695 Sacramentum
2130 664 2394 705 Confirmationis

1318 702 1413 736 etiam
1431 708 1463 737 in
1478 709 1544 738 alia
1562 714 1704 749 tempora
1722 708 1860 749 differri.
1880 708 1966 740 Cum
1976 708 2148 739 dioecesim
2164 709 2395 749 perlustrabant

1317 757 1436 781 veteres
1459 752 1631 792 Episcopi,
1656 753 1825 794 neophytis
1849 753 1980 793 gratiam
2005 754 2103 784 sancti
2127 753 2261 793 Spiritus
2277 753 2395 794 imper-

1317 794 1367 825 tiri
1392 804 1630 828 consueverant:
1655 798 1744 838 quod
1760 797 1855 828 etiam
1876 797 2022 838 sequiore
2039 804 2138 828 aetate
2153 797 2313 839 hodieque
2337 798 2393 828 ob-

1319 846 1488 870 servatum.

1385 884 1510 914 Eodem
1532 884 1565 915 in
1589 885 1663 915 loco
1687 885 1820 916 articulo
1843 896 1875 915 1v
1899 886 2114 926 praecedente,
2135 886 2393 917 communiorem

1318 927 1511 959 Sacramenti
1535 928 1672 959 formam
1696 936 1812 966 tuetur,
1833 929 1881 959 his
1898 930 1999 960 verbis
2019 938 2207 970 expressam:
2227 931 2392 972 Consigno

1317 977 1349 1002 te
1366 973 1461 1012 signo
1483 973 1599 1004 Crucis
1622 978 1653 1003 et
1675 974 1830 1014 confirmo
1849 979 1880 1004 te
1899 975 2069 1005 chrismate
2092 975 2226 1006 salutis:
2245 975 2392 1005 aliarum-

1317 1025 1380 1056 que
1399 1016 1612 1047 Ecclesiarum
1641 1027 1736 1048 usum
1762 1017 1888 1056 indicat,
1909 1029 1990 1059 quae
2015 1019 2091 1049 haec
2114 1019 2174 1049 alia
2198 1020 2393 1060 usurpabant

1316 1060 1421 1097 verba,
1444 1061 1608 1102 Confirmo
1636 1067 1666 1092 te
1694 1062 1864 1092 chrismate
1885 1063 2163 1103 sanctificationis,
2181 1064 2259 1104 quin
2288 1064 2392 1094 ullum

1316 1104 1416 1134 valori
1441 1105 1631 1136 Sacramenti
1656 1106 1835 1146 periculum
1859 1107 2048 1137 immineret.

1383 1148 1554 1188 Proprium
1584 1160 1651 1180 esse
1681 1150 1917 1190 Episcoporum
1948 1161 2066 1181 munus
2094 1158 2130 1182 ut
2158 1152 2333 1192 baptizatos
2357 1153 2390 1183 in

1317 1191 1419 1222 fronte
1444 1193 1631 1233 consignent
1655 1201 1685 1224 et
1709 1201 1853 1225 sanctum
1876 1195 2067 1225 Paraclitum
2086 1196 2223 1233 tradant,
2248 1197 2390 1227 ecclesia-

1316 1236 1392 1267 stica
1416 1238 1562 1276 perennis
1578 1239 1664 1278 apud
1689 1239 1818 1269 Latinos
1843 1240 2041 1270 consuetudo
2059 1240 2264 1278 demonstrat,
2288 1251 2391 1271 sacrae

1317 1280 1494 1321 Scripturae
1517 1282 1707 1313 testimoniis
1738 1284 1870 1314 munita.
1897 1284 1959 1314 Sed
1982 1284 2078 1314 etiarn
2105 1285 2229 1315 adsumi
2261 1286 2390 1326 presby-

1316 1331 1399 1356 teros
1423 1336 1528 1366 posse,
1552 1327 1650 1358 veluti
1674 1327 1835 1359 ministros
1860 1328 2132 1365 extraordinarios,
2149 1329 2188 1358 ad
2205 1329 2286 1360 hanc
2307 1330 2390 1360 fron-

1316 1369 1355 1400 tis
1379 1370 1665 1410 consignationem,
1690 1373 1843 1403 sententia
1858 1372 2025 1413 Aquinatis
2042 1380 2097 1403 est.
2115 1373 2218 1403 Verba
2233 1374 2300 1404 eius
2315 1375 2392 1405 haec

1317 1421 1392 1445 sunt
1414 1416 1600 1456 quaestione
1624 1416 1687 1452 cit.,
1708 1423 1764 1447 art.
1785 1428 1816 1447 xt
1835 1417 1874 1447 ad
1900 1428 1909 1447 1
1927 1425 1933 1447 :
1954 1418 2043 1457 Papa
2068 1418 2100 1447 in
2124 1417 2270 1448 Ecclesia
2299 1419 2392 1450 habet

1311 1459 1545 1499 plenitudinem
1567 1462 1744 1501 potestatis,
1766 1471 1808 1492 ex
1826 1472 1890 1502 qua
1903 1467 2011 1502 potest
2028 1462 2198 1502 quaedam,
2216 1472 2299 1502 quae
2316 1468 2394 1494 sunt

1316 1505 1520 1544 superiorum
1544 1504 1714 1543 Ordinum,
1732 1508 1928 1536 committere
1943 1506 2131 1547 quibusdam
2149 1506 2390 1547 inferioribus...

1316 1548 1360 1578 Et
1379 1558 1421 1579 ex
1438 1549 1499 1580 hac
1512 1550 1715 1589 plenitudine
1728 1552 1897 1591 potestatis
1913 1552 2068 1581 concessit
2084 1551 2195 1581 beatus
2211 1551 2391 1592 Gregorius

1316 1593 1417 1633 Papa,
1447 1594 1533 1634 quod
1559 1595 1719 1634 simplices
1745 1595 1928 1626 sacerdotes
1955 1596 2014 1625 hoc
2041 1595 2287 1626 Sacramentum
2317 1606 2391 1627 con-

1308 1637 1453 1677 ferrent,
1483 1639 1627 1679 quandiu
1654 1639 1844 1670 scandalum
1870 1640 2052 1670 tolleretur.
2080 1639 2205 1670 Summi
2230 1640 2391 1671 Pontificis

1317 1682 1412 1712 verba
1434 1682 1478 1713 ita
1505 1682 1613 1714 refert:
1651 1697 1665 1711 <x
1687 1683 1858 1723 Gregorius
1883 1683 2019 1714 scribens
2053 1684 2198 1714 Ianuario
2229 1684 2391 1725 Episcopo

1320 1737 1334 1752 »
1355 1723 1550 1768 (Calaritan’o
1575 1727 1607 1758 in
1631 1726 1791 1769 Sardinia)
1816 1728 1891 1759 dicit
1920 1726 2014 1770 (libro
2039 1728 2099 1766 IV,
2129 1728 2302 1759 indictione
2328 1739 2391 1767 xn,

1321 1783 1335 1797 1·
1355 1770 1489 1810 epistola
1510 1770 1613 1814 xxv1):
1642 1772 1793 1803 Pervenit
1820 1773 1863 1803 ad
1891 1782 1949 1803 nos
1976 1773 2129 1813 quosdam
2154 1773 2392 1815 scandalizatos

1320 1827 1335 1842 ι
1344 1814 1467 1855 fuisse,
1493 1816 1579 1856 quod
1597 1817 1808 1857 presbyteros
1832 1818 2003 1848 chrismate
2030 1823 2167 1858 tangere
2186 1827 2240 1848 eos
2262 1819 2318 1858 qui
2336 1818 2389 1848 ba-

1321 1871 1335 1886 »
1350 1861 1465 1901 ptizati
1482 1866 1568 1898 sunt,
1584 1862 1808 1901 prohibuimus
1827 1860 1978 1904 (epistola
1994 1860 2050 1904 tx).
2068 1862 2112 1892 Et
2128 1872 2186 1892 nos
2199 1863 2324 1902 quidem
2344 1872 2392 1893 se-

1321 1917 1335 1931 »
1353 1905 1493 1935 cundum
1514 1910 1651 1936 veterem
1672 1915 1764 1936 usum
1786 1911 1916 1937 nostrae
1934 1906 2099 1937 Ecclesiae
2107 1906 2263 1947 fecimus.
2284 1907 2348 1937 Sed
2363 1908 2392 1937 si

1321 1961 1334 1975 »
1357 1950 1487 1980 omnino
1510 1950 1572 1980 hac
1594 1950 1634 1981 de
1657 1960 1694 1980 re
1711 1951 1815 1991 aliqui
1833 1952 2077 1989 contristantur,
2099 1951 2152 1981 ubi
2170 1951 2320 1991 Episcopi
2337 1951 2391 1981 de-

1321 2006 1334 2021 »
1354 1999 1441 2031 sunt,
1463 1999 1498 2024 ut
1515 1995 1703 2036 presbyteri
1731 1997 1825 2026 etiam
1855 1996 1887 2025 in
1902 1995 2074 2036 frontibus
2098 1996 2273 2037 baptizatos
2291 1996 2391 2026 chris-

1320 2051 1334 2066 »
1354 2043 1439 2069 mate
1457 2044 1594 2080 tangere
1618 2039 1753 2070 debeant
1780 2040 1991 2070 concedimus.
2012 2051 2026 2066 ›
2054 2039 2238 2070 Doctissimi
2260 2040 2392 2070 Benedi-

1317 2083 1392 2113 ctini
1416 2083 1632 2114 Sammauraei
1657 2084 1792 2114 editores
1821 2084 1993 2123 legendum
2025 2084 2136 2114 iubent
2158 2084 2245 2115 iuxta
2272 2092 2391 2115 veteres

1317 2138 1392 2158 mSS.
1418 2128 1541 2158 codices
1572 2128 1783 2169 melioresque
1808 2129 1962 2159 editiones
1986 2130 2042 2169 qui
2065 2129 2248 2170 baptizandi
2265 2135 2341 2160 sunt
2360 2136 2391 2159 et

1318 2173 1350 2202 in
1362 2171 1532 2212 frontibus
1551 2173 1767 2214 baptizandos.
1785 2173 1869 2203 Hinc
1888 2183 1978 2203 ruere
1994 2173 2231 2212 theologorum,
2249 2184 2389 2214 quorum

1318 2217 1464 2257 princeps
1488 2217 1651 2255 Thomas,
1676 2217 1863 2257 opinionem
1887 2217 2061 2247 abitrantur
2085 2218 2123 2247 de
2139 2227 2287 2248 concessa
2304 2228 2389 2257 pres-

1318 2261 1434 2302 byteris
1465 2261 1612 2292 facultate
1655 2262 1820 2292 chrismate
1854 2261 1992 2301 ungendi
2023 2261 2055 2291 in
2084 2261 2187 2292 fronte
2216 2262 2391 2302 baptizatos

1319 2306 1463 2346 adeoque
1487 2306 1727 2337 Sacramentum
1743 2305 2004 2337 Confirmationis
2029 2305 2277 2337 administrandi.
2299 2307 2391 2338 Sum-

1318 2361 1391 2381 mus
1415 2350 1501 2380 enim
1525 2350 1670 2381 Pontifex
1693 2350 1877 2390 permiserat
1913 2350 2018 2381 Sardis
2042 2348 2219 2393 (inquiunt)
2245 2358 2280 2381 ut
2308 2361 2393 2391 pres-

1318 2394 1418 2435 byteri
1443 2394 1609 2425 chrismate
1633 2395 1851 2436 baptizandos,
1877 2405 1942 2424 non
1966 2395 2141 2435 baptizatos
2160 2395 2391 2435 consignarent:

1318 2449 1399 2480 quae
1423 2439 1687 2480 baptizandorum
1713 2439 1922 2478 consignatio,
1942 2439 2066 2469 tametsi
2083 2439 2115 2469 in
2134 2439 2391 2478 fronteLnonnisi

1318 2484 1357 2514 ad
1381 2483 1478 2514 ritum
1494 2483 1647 2524 Baptismi
1663 2484 1768 2514 referri
1786 2484 1886 2514 debet.
1904 2486 1947 2514 At
1961 2483 2075 2514 melius
2090 2483 2227 2524 denique
2242 2484 2390 2522 consulti,

1318 2528 1454 2558 rationes
1478 2527 1611 2559 afferunt
1633 2528 1751 2568 plures,
1775 2528 1892 2569 quibus
1919 2527 2056 2568 permoti
2081 2538 2155 2558 curn
2178 2528 2337 2568 Aquinate
2362 2536 2393 2559 et

1318 2582 1393 2603 cum
1412 2572 1617 2611 scholasticis,
1633 2572 1729 2603 etiam
1744 2579 1864 2603 retenta
1877 2572 2013 2603 lectione
2029 2573 2304 2614 baptizandorum,
2322 2583 2391 2603 sen-

1317 2617 1375 2648 tire
1396 2617 1541 2648 debeant.

1384 2661 1456 2692 Alia
1479 2661 1611 2692 demum
1634 2668 1682 2692 est
1712 2661 1888 2693 chrismatis
1919 2661 2028 2692 unctio
2061 2661 2094 2691 in
2125 2662 2243 2692 vertice
2277 2668 2332 2692 aut
2355 2663 2388 2692 in

1318 2706 1448 2737 cerebro
1471 2706 1706 2746 baptizatorum
1737 2706 1915 2747 peragenda
1938 2706 2044 2736 statim
2072 2713 2146 2746 post
2174 2706 2388 2746 baptismum,

1318 2751 1576 2792 presbyterorum
1599 2751 1739 2791 propria,
1763 2761 1861 2791 quam
1885 2757 2042 2780 memorat
2065 2761 2089 2780 s.
2114 2750 2259 2780 Thomas
2284 2750 2323 2780 111
2344 2761 2388 2790 p.,

1318 2806 1350 2836 q.
1370 2806 1452 2832 wa,
1470 2802 1525 2826 art.
1545 2806 1565 2825 x
1584 2795 1623 2825 ad
1644 2805 1674 2833 2,
1695 2802 1726 2826 et
1748 2795 1879 2835 exponit
1902 2804 1975 2825 curn
1999 2795 2131 2824 Rabano
2150 2795 2263 2825 Mauro
2278 2794 2386 2824 librol

1317 2840 1366 2870 De
1381 2840 1580 2870 institutione
1592 2840 1779 2870 clericorum
1794 2837 1876 2881 (cap.
1887 2837 2030 2881 xxxvm):
2044 2849 2141 2879 quarn
2153 2839 2191 2868 ad
2202 2838 2388 2868 Silvestrum

1318 2885 1471 2925 primum,
1490 2884 1587 2915 veluti
1612 2891 1785 2920 auctorem,
1810 2883 2004 2924 frequentius
2028 2883 2166 2913 referunt
2188 2882 2364 2922 scriptores.

1386 2929 1438 2959 111.
1463 2930 1568 2959 Pauca
1591 2930 1742 2959 adnotare
1760 2928 1861 2965 liceat,
1879 2937 1960 2968 quae
1977 2927 2016 2957 ad
2032 2927 2256 2957 Eucharistiae
2270 2927 2388 2957 Sacra-

1318 2979 1460 3004 mentum
1484 2980 1515 3004 et
1533 2973 1735 3014 Sacrificium
1752 2972 1918 3013 pertinent.
1935 2971 2210 3002 Communionem
2227 2971 2285 3001 sub
2302 2978 2386 3001 utra-

1318 3028 1381 3059 que
1405 3018 1519 3058 specie,
1544 3018 1639 3048 etiarn
1671 3017 1757 3047 laicis
1781 3016 1943 3057 quibusvis
1975 3016 2202 3055 elargiendam,
2233 3022 2387 3055 tanquam

1318 3063 1386 3093 iure
1410 3062 1518 3092 divino
1538 3062 1756 3099 necessariam,
1774 3061 1946 3091 commenti
1967 3067 2041 3090 sunt
2059 3060 2170 3090 Boemi
2190 3059 2386 3098 heterodoxi,

1319 3108 1453 3137 Ioannes
1477 3107 1559 3144 Hus,
1584 3106 1755 3136 Lutherani
1779 3112 1810 3135 et
1833 3105 2032 3135 Calvinistae.
2058 3105 2207 3134 Errorern
2234 3104 2386 3134 validissi-

1319 3162 1370 3182 me
1395 3151 1543 3181 convellit
1570 3150 1715 3181 Thomas
1740 3150 1780 3179 111
1804 3160 1848 3189 p.,
1872 3159 1908 3189 q:
1928 3159 2021 3186 Lxxx,
2046 3155 2102 3179 art.
2126 3159 2179 3178 xn.
2204 3148 2316 3178 Varios
2340 3155 2386 3179 ta-

1318 3205 1393 3225 men
1416 3195 1574 3226 Ecclesiae
1597 3195 1744 3235 antiquae
1768 3203 1884 3230 mores,
1900 3193 2210 3234 frequentioremque
2227 3193 2285 3222 sub
2302 3200 2385 3222 utra-

1318 3250 1381 3280 que
1405 3240 1508 3280 specie
1532 3238 1795 3270 communionem
1818 3244 1961 3267 noverat:
1983 3238 2141 3278 simulque
2156 3236 2385 3267 animadvertit:

1317 3285 1454 3314 Provide
1476 3289 1590 3323 postea
1623 3288 1752 3313 cautum
1782 3283 1814 3312 in
1842 3282 2011 3318 Ecclesiis,
2038 3287 2073 3312 ut
2098 3282 2218 3322 populo
2241 3281 2386 3321 Sanguis

1315 3328 1491 3359 sumendus
1521 3338 1584 3358 non
1613 3327 1765 3364 daretur,
1792 3325 2095 3356 convenientissimis
2126 3324 2227 3355 causis
2257 3325 2384 3364 adigen-

1315 3373 1409 3404 tibus.

1381 3417 1429 3447 De
1452 3415 1514 3446 ritu
1538 3415 1593 3445 illo
1616 3415 1649 3445 in
1672 3415 1840 3445 Parasceve
1863 3414 2006 3450 Domini,
2023 3419 2144 3453 partem
2159 3412 2296 3442 Hostiae
2311 3422 2383 3443 con-

1313 3466 1459 3492 secratae
1468 3459 1659 3490 immittendi
1669 3459 1702 3488 in
1713 3458 1842 3488 calicem
1852 3468 1917 3488 non
1929 3463 2156 3493 consecratum,
2164 3457 2227 3496 agit
2237 3457 2278 3486 IV
2285 3457 2383 3496 Sent.‚

1315 3506 1384 3535 dist.
1405 3514 1477 3542 xm,
1498 3514 1528 3544 q.
1553 3514 1580 3540 1,
1602 3510 1656 3533 art.
1683 3512 1725 3539 11,
1746 3509 1865 3543 quaest.
1885 3512 1919 3531 111
1938 3502 1976 3531 ad
1998 3511 2032 3539 2,
2057 3511 2233 3541 eorumque
2257 3501 2383 3540 opinio-

1314 3559 1388 3579 nem
1412 3555 1467 3579 aut
1490 3557 1628 3578 errorem
1651 3546 1773 3584 refellit,
1798 3546 1852 3586 qui
1877 3547 1984 3576 vinum
2010 3555 2051 3576 ex
2074 3546 2267 3575 immissione
2275 3546 2384 3585 partis

1314 3594 1436 3624 hostiae
1459 3594 1491 3622 in
1515 3592 1646 3622 calicem
1664 3591 1847 3621 consecrari
1862 3590 2090 3620 existimabant:
2107 3590 2180 3620 Non
2197 3594 2243 3620 est
2258 3599 2381 3627 verum,

1314 3637 1471 3679 inquiens,
1495 3638 1570 3677 quia
1595 3635 1894 3666 transubstantiatio
1917 3645 1980 3665 non
1993 3635 2040 3675 fit
2062 3635 2132 3665 sine
2154 3634 2258 3665 debita
2264 3630 2383 3674 forma
