2788 4204
1135 285 1246 321 CAP.
1276 284 1381 329 XIII,
1412 283 1562 319 LECT.
1593 283 1627 318 X

286 376 355 399 non
383 375 516 397 necesse
546 375 615 396 non
646 374 726 395 esse.
763 362 805 394 Et
831 361 948 405 probat
978 362 1066 394 hunc
1098 361 1350 404 consequentiae

286 412 426 446 modum
450 424 520 445 esse
545 411 668 444 malum
689 412 723 443 in
744 411 851 454 primo
871 410 994 443 ordine.
1021 410 1164 453 Cognita
1183 410 1270 441 enim
1287 419 1352 440 ma-

287 462 356 495 litia
378 462 487 505 primi,
506 460 603 503 'facile
628 469 677 492 est
691 459 826 492 secundi
846 459 969 492 ordinis
985 469 1162 502 agnoscere
1178 457 1350 490 defectum.

287 510 408 543 Probat
427 518 535 542 autem
555 508 619 541 hoc
638 508 694 541 tali
714 509 838 540 ratione
854 507 993 540 ducente
1014 507 1054 540 ad
1070 505 1280 550 impossibile.
1301 504 1353 538 Ad

287 559 508 591 necessarium
532 568 602 589 esse
626 557 773 600 sequitur
797 556 951 600 possibile
980 565 1065 589 esse:
1090 555 1180 588 aliter
1204 565 1353 598 sequere-

288 617 341 640 tur
364 618 432 640 non
456 605 611 649 possibile
635 617 717 644 esse,
735 604 825 649 quod
848 603 1018 637 manifeste
1036 603 1199 647 implicat;
1224 602 1264 636 ad
1281 614 1354 646 pos-

289 654 380 688 sibile
394 665 464 687 esse
481 653 627 697 sequitur
645 664 714 685 non
730 652 933 696 impossibile
955 663 1036 691 esse,
1048 660 1085 683 ut
1106 659 1210 694 patet;
1230 650 1270 683 ad
1286 660 1354 682 non

289 701 491 746 impossibile
519 713 600 741 esse,
617 701 799 734 secundum
823 702 996 745 antiquos,
1019 701 1166 744 sequitur
1189 700 1223 732 in
1247 699 1353 742 primo

290 750 403 784 ordine
427 761 496 783 non
512 751 732 783 necessarium
749 760 837 789 esse;
857 761 936 793 ergo
953 750 992 782 de
1010 749 1116 792 primo
1133 748 1173 781 ad
1190 747 1354 786 ultimum,

290 799 331 832 ad
353 800 573 832 necessarium
591 810 661 832 esse
676 800 823 842 sequitur
837 810 905 831 non
922 798 1141 831 necessarium
1158 806 1246 830 esse:
1265 795 1355 840 quod

290 856 339 880 est
362 847 609 886 inconveniens,
626 847 702 891 quia
726 855 775 879 est
798 845 969 879 manifesta
992 846 1172 889 implicatio
1197 843 1355 877 contradi-

291 896 418 929 ctionis.
439 895 648 939 Relinquitur
662 907 741 938 ergo
759 895 849 939 quod
868 895 951 928 male
969 894 1092 927 dictum
1112 895 1163 934 sit,
1181 893 1270 938 quod
1286 903 1355 924 non

291 945 512 978 necessarium
537 955 607 977 esse
632 952 851 988 consequatur
874 944 907 975 in
930 944 1038 987 primo
1055 942 1179 975 ordine.
1204 942 1260 974 Ait
1276 952 1355 984 ergo

292 1001 324 1024 et
348 1001 432 1025 certe
460 991 663 1035 impossibile
691 1001 740 1024 est
763 992 844 1035 poni
871 992 918 1024 sic
946 990 1127 1024 secundum
1156 1000 1357 1033 consequen-

292 1041 381 1081 tiam,
395 1049 431 1073 ut
454 1041 579 1084 antiqui
596 1049 788 1084 posuerunt,
812 1040 984 1072 necessarii
1013 1038 1296 1077 contradictiones,
1313 1036 1357 1069 id-

293 1098 343 1122 est
365 1089 436 1122 illas
461 1089 541 1122 duas
565 1090 812 1122 enunciationes
829 1087 868 1121 de
884 1089 1080 1127 necessario,
1105 1098 1187 1130 quae
1210 1095 1286 1119 sunt
1304 1097 1358 1118 ne-

293 1138 442 1181 gationes
467 1136 736 1170 contradictoriae
766 1136 902 1169 aliarum
931 1136 1070 1169 duarum
1098 1135 1138 1168 de
1162 1135 1355 1168 necessario.

292 1185 380 1218 Nam
396 1185 437 1218 ad
454 1185 486 1218 id
510 1184 600 1229 quod
617 1194 676 1224 est,
696 1185 914 1217 necessarium
931 1196 1012 1224 esse,
1029 1184 1185 1227 sequitur,
1202 1181 1357 1226 possibile

293 1242 343 1266 est
365 1242 451 1266 esse:
475 1244 552 1266 nam
576 1234 603 1266 si
627 1244 706 1273 non,
731 1233 814 1266 idest
838 1234 995 1276 quoniam
1019 1233 1046 1264 si
1070 1231 1154 1264 hanc
1188 1231 1357 1274 negaveris

294 1282 575 1324 consequentiam,
595 1282 726 1324 negatio
751 1280 915 1324 possibilis
935 1280 1082 1324 sequitur
1098 1278 1204 1319 illam,
1226 1278 1358 1318 scilicet,

293 1340 427 1362 necesse
451 1340 531 1362 esse.
554 1330 699 1363 Necesse
723 1338 772 1362 est
795 1330 883 1362 enim
907 1329 946 1362 de
970 1329 1153 1361 necessario
1171 1336 1227 1360 aut
1242 1327 1358 1367 dicere,

294 1377 388 1421 idest,
398 1377 561 1413 affirmare
585 1377 756 1421 possibile,
780 1386 836 1410 aut
859 1389 977 1421 negare
1006 1376 1178 1420 possibile:
1211 1375 1250 1410 de
1276 1387 1358 1420 quo-

280 1423 373 1460 “libet
396 1427 484 1460 enim
508 1435 557 1459 est
581 1426 754 1459 affirmatio
774 1425 827 1459 vel
842 1427 974 1469 negatio
988 1438 1073 1459 vera.
1100 1426 1212 1466 Quare
1229 1426 1256 1458 si
1273 1425 1359 1458 dicas

296 1475 396 1520 quod,
405 1474 446 1508 ad
457 1486 590 1508 necesse
603 1486 685 1514 esse,
703 1486 771 1507 non
784 1475 941 1519 sequitur,
955 1474 1109 1519 possibile
1123 1486 1204 1514 esse,
1217 1474 1360 1514 sed,non

295 1523 450 1568 possibile
469 1532 518 1556 est
533 1533 619 1564 esse;
637 1534 712 1556 cum
730 1523 808 1556 haec
826 1523 1027 1568 aequivaleat
1043 1522 1087 1555 illi
1106 1535 1188 1567 quae
1205 1522 1292 1561 dicit,
1304 1523 1362 1554 im-

295 1572 450 1618 possibile
463 1581 512 1606 est
528 1585 613 1613 esse,
630 1571 823 1616 relinquitur
836 1572 926 1617 quod
942 1572 993 1612 ad,
1006 1583 1139 1605 necesse
1156 1583 1237 1611 esse,
1251 1572 1359 1615 sequi-

296 1631 360 1661 tur,
377 1621 580 1666 impossibile
597 1633 678 1661 esse,
703 1630 734 1654 et
754 1621 842 1654 idem
859 1622 928 1660 erit,
946 1632 1078 1653 necesse
1099 1631 1169 1652 esse
1189 1628 1221 1652 et
1241 1621 1361 1663 impos-

297 1670 390 1704 sibile
406 1679 492 1703 esse:
509 1669 599 1714 quod
616 1678 664 1703 est
688 1670 933 1703 inconveniens.
958 1670 1049 1703 Bona
1068 1680 1146 1713 ergo
1167 1677 1235 1702 erat
1255 1669 1360 1712 prima

297 1719 411 1759 illatio,
435 1717 569 1758 scilicet,
586 1730 718 1751 necesse
742 1728 790 1751 est
814 1730 899 1759 esse,
926 1730 1005 1762 ergo
1029 1717 1183 1762 possibile
1207 1726 1256 1750 est
1279 1728 1358 1750 esse.

299 1766 398 1800 Tunc
414 1767 508 1800 ultra.
533 1766 619 1800 Illud
635 1766 726 1811 quod
750 1775 808 1806 est,
833 1766 988 1810 possibile
1005 1778 1086 1806 esse,
1110 1766 1268 1810 sequitur,
1292 1776 1360 1797 non

298 1816 501 1859 impossibile
518 1827 604 1855 esse,
621 1825 658 1848 ut
680 1824 768 1859 patet
781 1816 815 1848 in
831 1816 939 1859 primo
957 1815 1080 1848 ordine.
1106 1814 1158 1848 Ad
1181 1814 1246 1847 hoc
1269 1825 1359 1854 vero,

298 1864 431 1904 scilicet,
447 1875 517 1897 non
539 1863 742 1908 impossibile
759 1875 840 1904 esse,
861 1863 1043 1897 secundum
1067 1863 1220 1907 antiquos
1244 1862 1362 1896 eodem

298 1913 408 1956 primo
424 1913 550 1953 ordine,
573 1913 730 1956 sequitur,
747 1924 815 1946 non
831 1924 964 1946 necesse
984 1921 1034 1945 est
1054 1923 1124 1944 esse
1148 1911 1264 1956 (quare
1285 1923 1362 1944 con-

298 1962 396 2004 tingit
411 1960 451 1994 de
467 1962 576 2005 primo
593 1961 633 1995 ad
649 1961 837 2006 ultimum);
854 1962 895 1995 ad
911 1962 944 1995 id
961 1961 1051 2006 quod
1066 1970 1125 2001 est,
1142 1961 1362 1994 necessarium

299 2021 382 2050 esse,
406 2010 564 2054 sequitur,
584 2020 653 2042 non
672 2011 893 2043 necessarium
917 2019 1002 2043 esse:
1028 2009 1118 2054 quod
1142 2018 1191 2042 est
1211 2010 1363 2042 inconve—

298 2059 404 2098 niens,
425 2058 530 2090 immo
554 2057 768 2101 impossibile.

370 2116 418 2140 12.
435 2106 614 2139 Dubitatur
637 2106 707 2140 hic:
725 2107 801 2151 quia
825 2107 858 2139 in
879 2107 894 2140 I
914 2106 1056 2140 Priorum
1072 2106 1189 2140 dicitur
1209 2106 1299 2150 quod
1323 2106 1362 2140 ad

300 2154 455 2200 possibile
487 2155 634 2199 sequitur
664 2167 733 2188 non
764 2156 998 2195 necessarium,
1023 2154 1076 2188 hic
1105 2164 1214 2188 autem
1245 2155 1362 2188 dicitur

301 2205 503 2248 oppositum.
528 2203 581 2237 Ad
604 2204 668 2237 hoc
692 2213 741 2237 est
765 2203 940 2237 dicendum
965 2203 1055 2248 quod
1082 2203 1237 2247 possibile
1261 2205 1362 2237 sumi-

301 2262 354 2286 tur
377 2253 558 2297 dupliciter.
577 2253 655 2287 Uno
679 2253 781 2287 modo
798 2254 832 2286 in
856 2254 1043 2294 communi,
1061 2262 1093 2286 et
1116 2254 1162 2286 sic
1186 2262 1235 2286 est
1258 2253 1362 2298 quod-

301 2301 377 2335 dam
404 2302 554 2345 superius
582 2301 623 2334 ad
646 2303 866 2334 necessarium
891 2309 923 2334 et
956 2302 1150 2345 contingens
1182 2301 1222 2334 ad
1253 2311 1363 2334 utrun-

302 2361 376 2394 que,
401 2351 486 2382 sicut
501 2349 622 2383 animal
646 2350 686 2383 ad
710 2350 880 2383 hominem
896 2359 929 2383 et
952 2350 1089 2389 bovem;
1106 2359 1138 2383 et
1162 2351 1207 2383 sic
1228 2350 1268 2383 ad
1284 2362 1362 2394 pos-

301 2398 394 2432 sibile
410 2409 479 2431 non
495 2399 643 2442 sequitur
665 2409 734 2431 non
750 2400 980 2438 necessarium,
1000 2399 1084 2431 sicut
1104 2398 1143 2431 ad
1160 2398 1279 2431 animal
1295 2410 1363 2431 non

302 2447 450 2492 sequitur
477 2457 545 2479 non
578 2446 691 2479 homo.
716 2446 793 2480 Alio
823 2447 925 2480 modo
954 2448 1094 2480 sumitur
1124 2447 1278 2491 possibile
1302 2459 1362 2491 pro

302 2508 368 2530 una
384 2504 475 2540 parte
491 2495 655 2539 possibilis
676 2496 709 2528 in
734 2497 914 2536 communi,
938 2495 1021 2528 idest
1049 2507 1109 2539 pro
1134 2496 1280 2539 possibili
1305 2508 1362 2529 seu

303 2545 516 2588 contingenti,
533 2543 711 2582 scilicetrad
728 2553 903 2588 utrunque,
920 2544 1042 2577 scilicet
1058 2544 1147 2589 quod
1168 2554 1277 2589 potest
1293 2557 1363 2578 esse

302 2602 335 2625 et
357 2603 426 2625 non
442 2601 528 2632 esse;
545 2601 576 2625 et
595 2593 641 2624 sic
658 2591 698 2625 ad
714 2591 869 2635 possibile
886 2593 1033 2636 sequitur
1048 2604 1116 2625 non
1133 2594 1362 2626 necessarium.

303 2640 407 2681 Quod
431 2641 519 2674 enim
542 2649 652 2684 potest
667 2652 737 2673 esse
755 2649 786 2673 et
801 2652 870 2673 non
887 2653 968 2681 esse,
992 2653 1060 2674 non
1080 2642 1299 2674 necessarium
1315 2651 1364 2674 est

302 2701 384 2730 esse,
408 2698 440 2723 et
462 2689 611 2726 similiter
634 2701 703 2722 non
726 2690 945 2722 necessarium
969 2699 1018 2723 est
1041 2702 1108 2723 non
1133 2702 1213 2724 esse.
1239 2691 1363 2735 Loqui-

253 2743 255 2746 '
302 2750 377 2772 mur
393 2749 471 2782 ergo
488 2737 541 2770 hic
561 2737 600 2771 de
618 2737 764 2782 possibili
778 2739 812 2771 in
829 2740 1008 2780 communi,
1022 2739 1065 2772 ibi
1078 2751 1156 2772 vero
1170 2740 1203 2772 in
1221 2740 1363 2783 speciali.

373 2798 423 2830 13.
439 2786 568 2820 Deinde
592 2798 668 2819 cum
685 2786 779 2820 dicit:
804 2787 848 2819 At
870 2799 938 2821 vero
954 2799 1046 2831 neque
1068 2788 1264 2821 necessarium
1287 2798 1364 2829 etc.‚

302 2836 495 2870 determinat
509 2836 679 2868 veritatem
695 2836 862 2868 intentam.
881 2836 922 2868 Et
938 2836 1021 2868 circa
1037 2836 1100 2868 hoc
1116 2837 1176 2869 tria
1192 2836 1281 2870 facit:
1299 2838 1364 2881 pri-

302 2894 371 2923 mo,
387 2883 581 2917 determinat
597 2895 679 2927 quae
696 2884 883 2917 enunciatio
900 2883 939 2917 de
955 2885 1139 2917 necessario
1155 2893 1310 2929 sequatur
1323 2885 1364 2919 ad

303 2931 474 2976 possibile;
490 2931 646 2971 secundo,
663 2931 792 2964 ordinat
816 2933 1066 2976 consequentias
1083 2934 1233 2966 omnium
1254 2934 1364 2967 moda-

302 2979 400 3020 lium;
415 2979 474 3012 ibi:
490 2979 661 3023 Sequuntur
673 2980 750 3012 enim
763 2988 822 3012 etc.
837 2980 961 3019 Quoad
973 2982 1128 3023 primum,
1141 2982 1225 3014 sicut
1237 2981 1362 3015 duabus

302 3029 364 3061 viis
379 3027 587 3071 reprehendit
610 3028 773 3072 antiquos,
798 3029 841 3061 ita
865 3041 904 3061 ex
927 3028 989 3061 illis
1014 3029 1143 3062 duobus
1159 3031 1291 3063 motivis
1312 3031 1362 3063 in-

303 3085 431 3109 tentum
444 3075 568 3119 probat.
583 3076 624 3109 Et
636 3076 774 3109 intendit
787 3076 887 3120 quod,
896 3077 935 3110 ad
948 3077 1102 3120 possibile
1115 3090 1197 3118 esse,
1206 3080 1363 3122 sequitur,

303 3136 372 3157 non
395 3135 528 3158 necesse
544 3135 612 3157 non
636 3136 716 3157 esse.
731 3144 749 3149 -
763 3125 911 3157 Primum
927 3127 1091 3159 motivum
1115 3136 1237 3170 estper
1252 3127 1363 3160 locum

304 3185 322 3206 a
338 3172 507 3206 divisione.
525 3172 588 3212 Ad,
605 3172 760 3216 possibile
776 3185 858 3213 esse,
875 3185 943 3206 non
959 3176 1106 3219 sequitur
1118 3175 1175 3220 (ut
1190 3176 1363 3219 probatum

304 3221 379 3266 est),
392 3232 460 3253 non
476 3232 608 3254 necesse
625 3232 705 3261 esse,
723 3230 754 3253 at
770 3233 848 3254 vero
864 3234 982 3266 neque,
998 3235 1130 3256 necesse
1147 3236 1229 3264 esse,
1246 3236 1364 3268 neque,

304 3281 436 3303 necesse
451 3281 521 3302 non
537 3280 617 3302 esse.
643 3269 820 3313 Reliquum
836 3279 885 3303 est
901 3282 979 3314 ergo
996 3280 1034 3304 ut
1049 3281 1202 3315 sequatur
1225 3272 1265 3305 ad
1281 3285 1363 3313 eam,

304 3330 372 3351 non
388 3329 521 3350 necesse
545 3328 613 3350 non
629 3326 714 3350 esse:
732 3329 800 3350 non
825 3319 912 3351 enim
936 3318 1053 3352 dantur
1076 3319 1185 3362 plures
1213 3321 1365 3352 enuncia-

304 3368 411 3400 tiones
435 3367 474 3399 de
498 3366 692 3399 necessario.
722 3366 830 3399 Huius
855 3368 1040 3400 communis
1065 3368 1233 3401 divisionis
1257 3370 1364 3412 primo

305 3416 462 3460 proponit
476 3414 601 3459 reliqua
617 3414 684 3448 duo
701 3414 846 3448 membra
866 3416 1076 3456 excludenda,
1093 3416 1216 3449 dicens:
1238 3417 1283 3449 At
1296 3429 1365 3450 vero

304 3476 397 3508 neque
418 3464 614 3497 necessarium
636 3474 704 3503 esse,
728 3475 821 3507 neque
842 3465 1038 3498 necessarium
1060 3476 1123 3498 non
1142 3475 1209 3505 esse,
1233 3466 1366 3509 sequitur

306 3513 357 3553 ad,
370 3512 509 3557 possibile
524 3523 584 3545 non
600 3522 657 3545 esse
664 3523 679 3551 ;
695 3511 840 3544 secundo
858 3511 974 3555 probat
989 3511 1053 3544 hoc
1070 3513 1124 3545 sic.
1150 3512 1288 3546 Nullum
1304 3512 1366 3546 for-

306 3561 391 3594 male
408 3571 613 3604 consequens
629 3561 749 3592 minuit
765 3571 863 3592 suum
879 3560 1089 3593 antecedens:
1110 3569 1187 3593 tunc
1205 3561 1293 3593 enim
1309 3572 1366 3604 op-

308 3610 455 3653 positum
469 3609 698 3653 consequentis
716 3617 813 3642 staret
830 3620 905 3642 cum
929 3609 1156 3650 antecedente;
1173 3609 1230 3642 sed
1253 3618 1364 3642 utrun-

449 3673 518 3706 Opp.
538 3673 568 3697 D.
583 3672 696 3697 'snorum
715 3672 747 3697 T.
767 3673 785 3697 Ι.

2397 282 2465 318 113

1408 371 1472 404 que
1488 360 1619 399 horum,
1630 359 1762 399 scilicet,
1777 369 1908 391 necesse
1926 369 2007 397 esse,
2024 367 2067 398 et,
2083 369 2215 391 necesse
2231 370 2299 391 non
2316 370 2396 399 esse,
2412 360 2470 391 mi-

1409 410 1481 441 nuit
1497 407 1651 452 possibile
1675 417 1764 447 esse;
1780 419 1870 451 ergo,
1887 416 1947 440 etc.
1974 407 2082 446 Unde,
2099 408 2194 440 tacita
2218 408 2352 446 maiore,
2376 409 2471 450 ponit

1408 459 1545 491 minoris
1573 456 1800 501 probationem
1824 456 1950 490 dicens:
1976 456 2027 489 Illi
2051 457 2149 496 enim,
2166 456 2298 496 scilicet,
2315 456 2469 499 possibile
2517 491 2520 494 ,

1410 519 1491 548 esse,
1504 517 1652 552 utraque,
1670 507 1802 547 scilicet,
1811 519 1881 540 esse
1898 516 1930 539 et
1950 518 2017 539 non
2034 518 2116 546 esse,
2130 506 2290 549 contingit
2310 506 2471 545 accidere3

1410 556 1529 589 horum
1551 565 1677 595 autem,
1701 556 1834 596 scilicet,
1850 567 1983 589 necesse
2007 567 2077 589 esse
2097 564 2129 588 et
2151 566 2284 588 necesse
2305 566 2372 588 non
2390 566 2470 595 esse,

1410 604 1600 637 utrumlibet
1615 616 1730 637 verum
1746 604 1852 644 fuerit,
1869 615 1937 637 non
1961 613 2056 637 erunt
2079 603 2133 637 illa
2157 603 2234 644 duo,
2251 603 2384 643 scilicet,
2400 615 2471 636 esse

1411 662 1443 685 et
1466 665 1533 686 non
1557 665 1638 693 esse,
1659 665 1734 686 vera
1758 653 1855 686 simul
1879 654 1913 686 in
1937 654 2092 697 potentia.
2118 653 2159 686 Et
2183 653 2325 697 primum
2350 652 2471 685 horum

1411 701 1586 745 explanans
1603 703 1663 734 ait:
1683 713 1757 734 cum
1774 701 1860 741 dico,
1874 701 2028 746 possibile
2045 713 2125 742 esse,
2137 701 2235 734 simul
2252 710 2301 734 est
2317 700 2471 745 possibile

1411 761 1481 782 esse
1498 758 1529 782 et
1546 761 1613 782 non
1630 762 1710 783 esse.
1737 750 1860 790 Quoad
1883 750 2064 783 secundum
2087 760 2166 783 vero
2189 749 2308 783 subdit.
2334 750 2369 783 Si
2392 761 2471 782 vero

1411 797 1509 837 dicas,
1533 809 1666 831 necesse
1690 809 1760 830 esse
1783 798 1836 830 vel
1863 810 1995 831 necesse
2023 810 2092 831 non
2119 809 2208 838 esse,
2231 809 2300 830 non
2326 806 2473 830 remanet

1413 854 1586 890 utrunque,
1606 845 1738 886 scilicet,
1755 857 1825 878 esse
1842 855 1874 878 et
1890 858 1959 879 non
1975 858 2057 887 esse,
2074 845 2249 890 possibile:
2266 847 2293 878 si
2310 841 2398 879 enini
2413 857 2471 878 ne-

1412 906 1500 927 cesse
1522 903 1571 927 est
1594 906 1683 934 esse,
1708 894 1905 938 possibilitas
1927 895 1966 928 ad
1987 907 2055 927 non
2079 907 2149 928 esse
2173 894 2373 935 excluditur;
2390 903 2422 928 et
2445 895 2472 927 si

1411 954 1544 976 necesse
1576 952 1624 976 est
1655 955 1723 976 non
1755 955 1825 976 esse
1837 970 1845 983 ‚
1878 943 2074 987 possibilitas
2106 944 2145 977 ad
2176 955 2246 976 esse
2275 952 2472 976 removetur.

1412 992 1586 1034 Utrunque
1604 1003 1682 1035 ergo
1700 992 1837 1024 istorum
1854 993 1973 1025 minuit
1992 992 2071 1025 illud
2095 992 2300 1031 antecedens,
2317 991 2472 1035 possibile

1412 1051 1493 1079 esse,
1507 1040 1664 1083 quoniam
1682 1041 1722 1072 ad
1736 1051 1806 1072 esse
1823 1049 1855 1072 et
1871 1051 1939 1072 non
1963 1052 2032 1073 esse
2054 1052 2087 1073 se
2108 1041 2260 1082 extendit,
2277 1050 2336 1074 etc.
2356 1041 2473 1073 Tertio

1412 1087 1521 1121 subdit
1545 1087 1810 1121 conclusionem:
1831 1087 2025 1132 relinquitur
2047 1101 2125 1132 ergo
2149 1089 2250 1133 quod,
2264 1101 2340 1122 1non
2363 1101 2473 1122 neces-

1412 1137 1533 1168 sarium
1557 1147 1626 1169 non
1650 1148 1731 1175 esse,
1749 1148 1859 1169 comes
1876 1146 1925 1169 est
1941 1138 1970 1169 ei
1995 1149 2077 1181 quae
2102 1138 2189 1178 dicit,
2206 1137 2360 1181 possibile
2384 1147 2473 1178 esse;

1413 1194 1445 1217 et
1469 1195 1708 1229 consequenter
1728 1185 1806 1218 haec
1823 1186 1975 1229 ponenda
1992 1188 2051 1219 erit
2069 1188 2100 1219 in
2125 1188 2232 1231 primo
2257 1187 2379 1220 ordine.

1484 1244 1531 1276 14.
1551 1233 1706 1267 Occurrit
1722 1235 1755 1266 in
1772 1233 1832 1267 hac
1849 1243 1937 1277 parte
1955 1234 2090 1267 dubium
2108 1237 2190 1268 circa
2207 1235 2270 1268 hoc
2287 1236 2375 1280 quod
2398 1236 2475 1270 dicit

1414 1282 1515 1326 quod,
1528 1282 1568 1315 ad
1585 1282 1739 1326 possibile
1752 1294 1820 1315 non
1834 1284 1982 1326 sequitur
1993 1285 2223 1324 necessarium,
2237 1296 2312 1317 cum
2325 1285 2474 1328 superius

1415 1331 1530 1364 dixerit
1543 1331 1632 1375 quod
1649 1331 1689 1364 ad
1702 1332 1811 1375 ipsum
1824 1344 1893 1365 non
1906 1333 2054 1376 sequitur
2065 1344 2133 1365 non
2149 1334 2376 1366 necessarium.
2387 1334 2475 1367 Cum

1415 1381 1503 1412 enim
1519 1381 1739 1412 necessarium
1757 1389 1789 1413 et
1803 1392 1873 1413 non
1894 1382 2114 1414 necessarium
2139 1382 2204 1414 sint
2228 1382 2475 1415 contradictoria

1415 1429 1578 1472 opposita,
1593 1438 1625 1461 et
1641 1428 1680 1461 de
1698 1428 1844 1473 quolibet
1857 1430 1898 1462 sit
1911 1429 2083 1462 affirmatio
2099 1429 2150 1462 vel
2163 1431 2294 1473 negatio
2310 1442 2395 1470 vera,
2408 1442 2475 1463 non

1414 1477 1543 1510 videtur
1554 1489 1652 1520 posse
1663 1477 1756 1510 evadi
1769 1478 1848 1521 quin
1861 1478 1901 1511 ad
1915 1478 2070 1522 possibile
2083 1488 2237 1522 sequatur
2245 1480 2476 1519 necessarium,

1414 1525 1477 1565 vel,
1493 1537 1561 1558 non
1578 1526 1807 1558 necessarium.
1827 1527 1868 1559 Et
1884 1538 1959 1559 cum
1983 1538 2052 1559 non
2072 1536 2227 1571 sequatur
2247 1529 2476 1567 necessarium,

1415 1583 1570 1618 sequetur
1581 1585 1649 1606 non
1662 1575 1892 1615 necessarium,
1906 1584 1943 1608 ut
1957 1575 2106 1608 dicebant
2118 1577 2252 1620 antiqui.
2264 1596 2277 1601 -
2286 1577 2435 1620 Augetur
2445 1585 2477 1610 et

1415 1623 1574 1656 dubitatio
1591 1635 1631 1656 ex
1654 1634 1694 1655 eo
1719 1623 1808 1667 quod
1831 1624 2022 1657 Aristoteles
2046 1625 2254 1658 nunc*usus
2277 1634 2326 1658 est
2348 1626 2403 1660 tali
2427 1639 2476 1660 ar-

1415 1672 1672 1715 gumentationis
1688 1671 1801 1711 modo,
1813 1671 1929 1704 volens
1942 1672 2079 1716 probare
2097 1673 2187 1716 quod
2202 1673 2241 1707 ad
2258 1676 2476 1709 necessarium

1416 1729 1570 1764 sequatur
1582 1719 1747 1763 possibile.
1765 1721 1855 1753 Dixit
1872 1722 1975 1753 enim:
1992 1722 2078 1754 Nam
2089 1723 2116 1754 si
2127 1734 2187 1755 non
2203 1724 2316 1766 negatio
2328 1725 2477 1768 possibilis

1416 1775 1620 1812 consequatur.
1644 1769 1788 1802 Necesse
1813 1778 1861 1802 est
1877 1770 1964 1802 enim
1989 1779 2044 1803 aut
2065 1770 2170 1803 dicere
2187 1780 2243 1804 aut
2259 1783 2386 1815 negare.

1487 1828 1536 1859 15.
1554 1818 1619 1850 Pro
1636 1817 1801 1850 solutione
1825 1817 1941 1858 huius,
1970 1828 2102 1862 oportet
2125 1821 2288 1853 reminisci
2317 1821 2476 1856 habitudi-

1416 1867 1467 1899 nis
1484 1878 1568 1910 quae
1584 1875 1633 1899 est
1656 1867 1739 1899 inter
1763 1866 1916 1910 possibile
1941 1876 1973 1900 et
1988 1869 2218 1909 necessarium,
2243 1869 2332 1913 quod
2355 1870 2478 1904 scilicet

1417 1915 1572 1960 possibile
1589 1924 1638 1948 est
1655 1916 1805 1958 superius
1830 1915 1870 1949 ad
1893 1918 2124 1957 necessarium,
2141 1926 2173 1950 et
2200 1917 2364 1951 attendere
2387 1919 2478 1963 quod

1417 1965 1567 2008 superius
1591 1972 1751 2007 potestate
1775 1965 1920 1997 continet
1936 1977 2033 1998 suum
2050 1965 2183 1999 inferius
2200 1975 2232 1999 et
2253 1967 2323 1999 eius
2343 1969 2477 2011 opposi-

1417 2021 1500 2052 tum,
1516 2013 1560 2044 ita
1577 2011 1666 2056 quod
1682 2020 1836 2044 neutrum
1853 2023 1969 2045 eorum
1986 2013 2152 2046 actualiter
2169 2013 2228 2046 sibi
2245 2014 2398 2055 vindicat,
2421 2016 2477 2049 sed

1418 2070 1582 2105 utrunque
1609 2069 1718 2104 potest
1734 2060 1794 2093 sibi
1819 2061 2026 2105 contingere;
2043 2063 2127 2095 sicut
2151 2062 2281 2096 animali
2297 2073 2405 2107 potest
2428 2076 2477 2097 ac-

1418 2110 1523 2143 cidere
1540 2109 1643 2142 homo
1664 2118 1695 2142 et
1718 2121 1786 2142 non
1802 2109 1916 2143 homo:
1941 2119 1973 2143 et
1990 2120 2228 2155 consequenter
2244 2113 2403 2156 inspicere
2423 2113 2477 2146 de-

1418 2159 1474 2192 bes
1497 2157 1597 2202 quod,
1623 2157 1737 2191 eadem
1761 2167 1809 2191 est
1830 2160 2002 2202 proportio
2031 2160 2208 2203 superioris
2232 2160 2477 2194 ad-habendum

1418 2207 1668 2240 affirmationem
1685 2215 1717 2239 et
1732 2208 1942 2249 negationem
1958 2208 2056 2240 unius
2073 2208 2243 2248 inferioris,
2261 2221 2342 2253 quae
2359 2219 2407 2243 est
2422 2210 2477 2243 ali-

1419 2257 1511 2289 cuius
1532 2255 1667 2288 subiecti
1684 2255 1723 2288 ad
1740 2255 1966 2289 affirmativam
1983 2265 2014 2289 et
2031 2258 2215 2300 negativam
2236 2257 2334 2291 futuri
2352 2259 2476 2291 contin-

1418 2305 1534 2348 gentis.
1560 2303 1743 2348 Utrobique
1764 2305 1852 2337 enim
1868 2314 2022 2338 neutrum
2038 2305 2183 2346 habetur,
2204 2315 2236 2339 et
2253 2306 2394 2339 salvatur
2417 2319 2476 2351 po-

1419 2354 1518 2385 tentia
1535 2351 1574 2385 ad
1591 2352 1789 2385 utrumlibet.
1808 2352 1915 2393 Unde,
1932 2354 2016 2386 sicut
2033 2355 2065 2385 in
2082 2353 2198 2386 futuris
2216 2355 2476 2398 contingentibus

1419 2413 1478 2434 nec
1498 2400 1670 2433 affirmatio
1694 2412 1754 2433 nec
1770 2402 1900 2444 negatio
1925 2411 1974 2434 est
1999 2402 2210 2436 determinate
2226 2415 2317 2444 vera,
2341 2403 2397 2437 sed
2417 2404 2476 2437 sub

1419 2449 1638 2483 disiunctione
1662 2450 1760 2483 altera
1787 2459 1835 2482 est
1858 2452 2041 2483 necessario
2061 2463 2151 2491 vera,
2168 2461 2204 2484 ut
2227 2453 2260 2484 in
2275 2451 2339 2485 fine
2356 2452 2477 2485 Primi*

1420 2498 1613 2531 conclusum
1642 2507 1706 2538 est;
1730 2499 1773 2531 ita
1797 2508 1857 2531 nec
1885 2499 2058 2532 affirmatio
2081 2512 2141 2533 nec
2164 2501 2294 2544 negatio
2318 2500 2477 2534 inferioris

1420 2547 1567 2591 sequitur
1583 2546 1793 2579 determinate
1810 2546 2060 2581 affirmationem
2079 2548 2131 2581 vel
2151 2549 2359 2592 negationem
2383 2561 2477 2593 supe-

1419 2596 1532 2635 rioris,
1558 2594 1614 2628 sed
1638 2594 1698 2628 sub
1732 2595 1949 2629 disiunctione
1981 2596 2079 2629 altera
2109 2598 2255 2641 sequitur
2285 2599 2476 2631 necessario.

1420 2643 1516 2677 Unde
1529 2655 1597 2676 non
1613 2643 1710 2683 valet,
1731 2653 1779 2676 est
1802 2644 1937 2685 animal,
1962 2657 2040 2689 ergo
2064 2655 2112 2678 est
2135 2645 2248 2685 homo,
2265 2657 2381 2689 neque,
2399 2658 2476 2689 ergo

1419 2704 1487 2725 non
1505 2701 1553 2725 est
1569 2691 1683 2731 homo,
1700 2691 1767 2732 sed,
1785 2703 1863 2736 ergo
1887 2702 1935 2726 est
1958 2693 2060 2726 homo
2084 2694 2135 2727 vel
2159 2706 2225 2727 non
2250 2703 2298 2727 est
2321 2694 2432 2727 homo.
2458 2714 2475 2720 -

1421 2742 1511 2781 Quia
1535 2751 1613 2783 ergo
1644 2740 1798 2784 possibile
1830 2742 1980 2784 superius
2004 2751 2052 2774 est
2076 2742 2115 2774 ad
2139 2743 2378 2782 necessarium,
2402 2742 2476 2775 ideo

1420 2790 1544 2833 optime
1569 2788 1794 2821 determinavit
1818 2789 2009 2822 Aristoteles
2033 2798 2181 2822 neutram
2213 2790 2476 2823 contradictionis

1419 2846 1544 2882 partem
1562 2836 1600 2870 de
1618 2838 1800 2870 necessario
1817 2837 2026 2870 determinate
2043 2839 2134 2882 sequi
2158 2837 2198 2871 ad
2219 2837 2381 2882 possibile.
2397 2839 2476 2872 Non

1419 2896 1529 2920 tamen
1547 2886 1626 2919 dixit
1648 2886 1737 2930 quod
1761 2885 1820 2919 sub
1845 2886 2062 2919 disiunctione
2085 2894 2199 2919 neutra
2219 2895 2389 2930 sequatur;
2413 2887 2476 2919 hoc

1420 2936 1508 2968 enim
1525 2943 1573 2967 est
1587 2943 1703 2967 'contra
1720 2934 1799 2967 illud
1817 2935 1959 2978 primum
1979 2935 2193 2978 principium:
2211 2934 2250 2967 de
2267 2934 2412 2979 quolibet
2428 2944 2476 2968 est

1420 2982 1592 3016 affirmatio
1616 2994 1691 3015 vera
1714 2983 1766 3016 vel
1789 2982 1876 3015 falsa.

1486 3030 1539 3063 Ad
1562 3030 1595 3063 id
1619 3039 1728 3063 autem
1752 3030 1841 3074 quod
1865 3030 2003 3070 additur,
2027 3042 2066 3063 ex
2082 3030 2194 3063 eadem
2211 3031 2347 3063 trahitur
2370 3030 2475 3064 radice

1419 3079 1601 3122 responsio.
1617 3079 1707 3118 Quia
1720 3080 1807 3111 enim
1820 3079 2038 3111 necessarium
2055 3077 2187 3111 inferius
2199 3087 2247 3111 est
2259 3079 2298 3112 ad
2311 3079 2475 3122 possibile,

1420 3136 1452 3160 et
1475 3126 1608 3159 inferius
1634 3138 1702 3159 non
1733 3128 1766 3159 in
1797 3128 1942 3170 potentia
1971 3126 2027 3160 sed
2058 3128 2091 3159 in
2117 3136 2188 3160 actu
2213 3127 2348 3160 includit
2378 3140 2475 3160 suum

1420 3176 1580 3219 superius,
1597 3186 1728 3208 necesse
1753 3184 1801 3208 est
1817 3175 1857 3208 ad
1873 3175 2006 3208 inferius
2031 3175 2239 3208 determinate
2263 3177 2354 3220 sequi
2378 3188 2475 3209 suum

1420 3223 1587 3266 superius:
1620 3222 1711 3256 aliter
1739 3222 1949 3256 determinate
1978 3233 2131 3267 sequetur
2165 3225 2233 3256 eius
2263 3224 2475 3258 contradicto-

1419 3272 1514 3304 rium.
1541 3271 1636 3304 Unde
1660 3283 1718 3315 per
1742 3272 1933 3307 dissimilem
1957 3272 2194 3312 habitudinem,
2215 3284 2297 3316 quae
2321 3282 2369 3305 est
2393 3274 2476 3306 inter

1420 3320 1639 3352 necessarium
1663 3328 1695 3352 et
1718 3319 1872 3363 possibile
1897 3329 1928 3353 et
1948 3332 2016 3353 non
2039 3320 2204 3365 possibile,
2226 3332 2264 3353 ex
2288 3333 2352 3354 una
2375 3330 2475 3365 parte,

1420 3378 1452 3401 et
1475 3369 1559 3401 inter
1574 3368 1729 3412 possibile
1753 3378 1784 3401 et
1807 3371 2025 3403 necessarium
2050 3379 2082 3403 et
2097 3381 2165 3402 non
2188 3371 2417 3411 necessarium,
2437 3383 2476 3404 ex

1420 3416 1518 3448 altera
1535 3425 1637 3459 parte,
1654 3415 1697 3448 ibi
1715 3417 1859 3460 optimus
1875 3417 1936 3449 fuit
1952 3429 2125 3461 processus
2142 3418 2181 3451 ad
2199 3418 2331 3451 alteram
2353 3428 2477 3451 contra-

1421 3466 1571 3499 dictionis
1588 3475 1712 3509 partem
1737 3466 1962 3507 determinate,
1986 3476 2017 3500 et
2034 3467 2086 3500 hic
2103 3469 2247 3512 optimus
2265 3468 2304 3502 ad
2327 3478 2476 3502 neutram

1421 3514 1640 3547 determinate.

1491 3564 1538 3594 16.
1558 3561 1674 3595 Oritur
1697 3574 1829 3607 quoque
1853 3563 1913 3596 alia
1937 3564 2202 3598 dubitatiuncula.
2227 3565 2366 3599 Videtur
2389 3567 2477 3599 enim

1421 3611 1511 3655 quod
1526 3611 1719 3644 Aristoteles
1743 3611 1934 3646 difformiter
1957 3614 2093 3658 accipiat
2116 3613 2150 3658 ly
2168 3614 2306 3659 possibile
2330 3616 2363 3647 in
2387 3626 2477 3659 prae-

2281 3677 2335 3702 15*

2509 1638 2516 1645 '
2535 1636 2579 1657 Ed.
2605 1643 2630 1658 c:
2655 1642 2714 1658 nunc

2504 1669 2570 1684 nunc.

2505 2462 2513 2471 ·
2529 2461 2590 2483 Lect.
2601 2467 2647 2482 xin.
