2788 4204
87 432 96 441 ·
108 430 182 452 Codd.
194 442 204 446 -
216 436 250 451 P.:
265 430 298 451 u·-

83 457 201 484 gmsficant
210 462 255 483 per
264 462 298 477 se.

87 700 164 720 ’Λιιες
189 700 243 719 sunt
265 698 299 719 si-

86 725 248 752 gnfficativae.

84 753 94 761 '
105 751 140 773 Cf.
150 752 200 772 lect.
209 756 298 778 1v‚n.11,

86 783 134 805 seq.

87 805 96 813 “
108 810 128 825 c:
139 803 240 830 adquod
264 809 299 823 ro-

87 830 186 851 tandum
204 831 241 850 ule
255 835 297 850 an-

89 858 127 877 tur
137 859 178 877 etc.

85 961 93 969 ¹
103 960 201 981 Homini
213 966 240 981 ex
256 966 295 981 co-

85 986 182 1007 dicibus.

82 1317 154 1353 Plato.

70 1459 73 1462 K
84 1438 92 1445 “
102 1436 184 1457 Omnis
190 1442 217 1457 ex
225 1436 293 1457 codd.

84 1462 126 1487 (Cf.
140 1466 227 1484 textum
241 1463 295 1484 Ari-

83 1489 174 1514 stotel.).

82 1541 91 1550 ‘
100 1546 129 1562 ac
139 1548 144 1561 z
158 1541 296 1571 instrumen-

82 1569 107 1587 ta
123 1573 182 1588 emm
195 1569 295 1588 natura-

84 1593 114 1614 lis
124 1594 217 1614 virtutis
228 1597 270 1615 etc.

329 236 375 273 32
1081 236 1201 272 PERI
1233 233 1579 270 HERMENEIAS
1618 235 1712 271 LIB.
1743 237 1757 271 Ι

89 326 184 348 ·c0dd.
200 337 209 341 -
225 331 257 346 a:
274 330 300 346 u·
326 314 492 351 nominis
519 314 715 352 venientes
730 315 761 362 ⁹¹³,
783 314 992 362 significant
1019 313 1176 361 aliquid,
1198 312 1337 349 scilicet
1355 312 1394 348 in

88 353 185 374 nientes.

326 367 410 415 ipso
427 368 640 416 composito
661 375 697 404 et
716 367 926 404 secundum
948 366 1054 414 quod
1074 373 1160 402 sunt
1189 365 1392 410 dictiones;

326 432 405 456 non
433 427 561 457 autem
581 420 791 468 significant
812 419 951 467 aliquid
970 419 1173 454 secundum
1201 430 1241 454 se
1254 418 1284 463 *,
1305 429 1392 465 pro-

325 480 367 509 ut
386 480 472 509 sunt
489 472 708 509 huiusmodi
736 472 900 508 nominis
927 478 1064 519 partes,
1086 471 1154 507 sed
1183 483 1229 507 eo
1259 470 1390 518 modo,

325 525 419 562 sicut
444 538 557 573 supra
586 526 726 562 dictum
756 532 822 561 est.

379 590 414 626 7.
436 578 583 614 Deinde
604 590 691 614 cum
722 577 828 614 dicit:
848 578 918 613 Est
933 581 1058 612 autem
1083 576 1203 612 oratio
1225 582 1307 622 etc.,
1329 587 1390 611 ex-

327 630 441 667 cludit
460 630 666 678 quemdam
687 642 869 666 errorem.
891 630 1061 665 Fuerunt
1080 628 1182 665 enirn
1203 627 1316 676 aliqui
1337 628 1390 665 di—

326 690 451 719 centes
471 682 575 730 quod
590 682 710 719 oratio
731 689 767 718 et
782 682 862 718 eius
876 690 1002 730 partes
1017 681 1228 729 significant
1243 682 1263 700 ⁴*
1283 689 1389 717 natu-

325 736 457 781 raliter,
480 747 557 771 non
581 735 629 772 ad
652 735 833 783 placitum
851 736 881 771 ³⁸.
907 735 969 771 Ad
991 734 1236 783 probandum
1261 741 1389 770 autem

324 789 398 824 hoc
411 788 715 825 utebantur*tali
735 788 890 825 ratione.
903 787 1058 825 Virtutis
1078 787 1255 824 naturalis
1275 799 1388 835 opor-

323 848 375 877 tet
390 853 472 877 esse
487 841 669 878 naturalia
684 842 953 878 instrumenta:
975 841 1063 889 quia
1082 847 1215 877 natura
1230 852 1308 876 non
1325 840 1388 877 de—

322 893 400 930 ficit
426 893 464 930 in
480 894 717 940 necessariis;
738 895 906 943 potentia
925 901 1053 931 autem
1081 893 1362 942 interpretativa
1376 899 1389 914 ⁰

323 953 378 983 est
395 947 572 984 naturalis
591 948 737 984 homini
756 949 793 993 *;
821 959 910 995 ergo
935 947 1183 984 instrumenta
1203 947 1283 983 eius
1303 954 1390 983 sunt

322 999 515 1036 naturalia.
548 1001 846 1037 Instrumentum
880 1007 1008 1037 autem
1043 1000 1123 1036 eius
1157 1007 1212 1036 est
1245 999 1386 1047 oratio,

322 1052 410 1101 quia
427 1065 497 1101 per
525 1053 737 1090 orationem
761 1054 880 1091 virtus
908 1053 1188 1102 interpretativa
1207 1053 1388 1101 interpre-

321 1112 419 1142 tatur
446 1106 583 1143 mentis
621 1114 871 1156 conceptum:
900 1107 975 1143 hoc
1004 1106 1106 1143 enim
1145 1106 1305 1143 dicimus
1333 1106 1387 1142 in-

322 1165 586 1207 strumentum,
608 1172 684 1208 quo
714 1172 829 1208 agens
858 1166 1047 1208 operatur.
1069 1160 1171 1207 Ergo
1192 1159 1312 1195 oratio
1333 1167 1389 1195 est

322 1211 462 1260 aliquid
490 1214 677 1260 naturale,
704 1226 782 1250 non
811 1226 857 1250 ex
884 1212 1115 1250 institutione
1143 1213 1313 1249 humana
1340 1212 1386 1248 si-

322 1264 516 1312 gnificans,
538 1266 605 1302 sed
633 1266 860 1303 naturaliter.

376 1318 411 1354 8.
433 1318 533 1355 Huic
561 1326 688 1355 autem
709 1319 853 1365 rationi,
875 1330 973 1366 quae
999 1317 1132 1354 dicitur
1151 1329 1234 1354 esse
1262 1317 1386 1354 Plato-

322 1369 379 1407 nis
398 1370 436 1407 in
455 1371 517 1408 lib.
535 1371 599 1420 qui
618 1372 822 1408 intitulatur
841 1370 1018 1419 Cratylus
1028 1375 1058 1416 π,
1079 1369 1299 1406 Aristoteles
1319 1370 1386 1406 ob-

320 1423 463 1460 viando
485 1424 572 1461 dicit
596 1425 701 1473 quod
725 1424 849 1460 omnis
868 1424 889 1445 *
908 1423 1027 1459 oratio
1052 1430 1108 1458 est
1126 1422 1385 1470 significativa,

321 1488 400 1512 non
429 1476 523 1513 sicut
542 1477 833 1514 instrumentum
849 1475 1007 1522 virtutis,
1025 1475 1165 1511 scilicet
1189 1475 1384 1511 naturalis:

322 1529 410 1577 quia
424 1529 672 1567 instrumenta
688 1529 870 1566 naturalia
889 1527 1035 1566 virtutis
1048 1528 1068 1549 *
1081 1527 1387 1576 interpretativae

322 1589 408 1618 sunt
426 1589 551 1629 guttur
571 1590 608 1619 et
624 1583 771 1631 pulmo,
793 1582 931 1631 quibus
950 1581 1135 1618 formatur
1152 1593 1242 1628 vox,
1264 1587 1300 1617 et
1318 1580 1386 1617 lin-

375 1736 400 1771 ο)
411 1737 533 1763 fluentia
547 1738 751 1770 interpretativa
765 1743 812 1764 etc.
827 1739 930 1764 Dictum
945 1743 985 1764 est
998 1747 1077 1772 supra
1091 1738 1160 1771 (lect.
1176 1746 1199 1769 1,
1214 1746 1239 1762 n.
1251 1737 1274 1768 3,
1289 1742 1349 1762 nota
1358 1736 1385 1771 γ)

320 1772 555 1805 interpretationem
578 1774 664 1798 stricte
692 1779 822 1806 acceptam
846 1774 914 1799 idem
940 1782 1080 1805 sonareac
1099 1773 1317 1802 enunciationem;
1337 1773 1386 1797 late

320 1812 405 1832 autem
425 1813 556 1840 sumptam
576 1809 644 1834 idem
668 1817 727 1834 esse
747 1817 775 1834 ac
794 1810 951 1834 locutionem
976 1810 1001 1834 in
1020 1817 1122 1842 genere.
1142 1809 1207 1833 Hinc
1227 1808 1331 1832 nomine
1349 1807 1385 1832 fa-

319 1843 419 1868 cultatis
438 1844 642 1876 interpretativae
657 1844 804 1877 intelligitur
822 1844 870 1870 hoc
882 1845 940 1870 loco
949 1845 1063 1875 facultas,
1079 1852 1130 1877 qua
1144 1844 1224 1868 homo
1239 1843 1385 1868 naturaliter

319 1879 400 1911 pollet
418 1878 596 1904 manifestandi
616 1880 726 1904 exterius
745 1879 878 1905 interiores
897 1880 990 1905 mentis
1015 1885 1152 1912 conceptus
1172 1878 1386 1911 affectionesque;

321 1921 351 1938 ex
370 1922 421 1946 qua
440 1914 643 1939 manifestatione
666 1915 741 1939 nobis
760 1920 894 1948 patescunt
917 1923 983 1948 quae
1002 1915 1028 1939 in
1047 1920 1133 1939 mente
1152 1914 1256 1939 alterius
1275 1913 1386 1938 hominis

319 1954 460 1973 versantur.
1084 1978 1087 1979 ⁷

373 1983 403 2018 π)
419 1984 490 2009 Huic
503 1988 592 2010 autem
608 1985 708 2010 rationi
720 1992 787 2017 quae
806 1985 905 2010 dicitur
918 1992 973 2010 esse
987 1985 1107 2010 Platonis
1121 1989 1168 2009 etc.
1186 1985 1313 2018 Cratylus
1328 1984 1386 2009 Pla-

320 2019 388 2043 tonis
399 2019 464 2043 liber
473 2024 512 2044 est
522 2020 554 2044 de
564 2025 632 2045 recta
642 2020 778 2045 nominum
789 2021 896 2045 ratione.
911 2021 939 2045 In
950 2021 1055 2045 exordio
1065 2020 1159 2052 legitur
1173 2020 1204 2044 ab
1219 2020 1385 2052 Hermogene

320 2054 431 2079 dictum:
447 2064 460 2076 ι
477 2055 596 2088 Cratylus
615 2055 663 2086 hic,
677 2064 694 2080 o
713 2056 840 2087 Socrates,
856 2056 934 2080 rebus
951 2056 1059 2088 singulis
1079 2056 1112 2080 ait
1131 2060 1221 2080 natura
1239 2055 1326 2080 inesse
1345 2062 1385 2079 re-

321 2099 334 2112 »
351 2094 417 2114 ctam
437 2090 549 2114 nominis
567 2090 701 2121 rationem,
717 2095 802 2124 neque
821 2091 846 2116 id
865 2099 924 2116 esse
940 2099 1044 2122 nomen,
1059 2091 1131 2124 quod
1150 2090 1255 2124 quidam
1275 2098 1306 2115 ex
1325 2098 1384 2114 con-

319 2133 334 2148 »
351 2125 482 2150 stitutione
499 2131 601 2156 vocant,
617 2126 679 2151 dum
698 2126 769 2151 vocis
789 2134 851 2151 suae
874 2126 1025 2159 particulam
1050 2126 1182 2159 quandam
1201 2125 1384 2159 pronuntiant,

320 2168 335 2183 1>
351 2160 397 2185 sed
415 2165 510 2185 rectam
530 2161 654 2186 rationem
674 2162 786 2194 aliquam
806 2162 942 2187 nominum
966 2167 992 2187 et
1009 2161 1115 2187 Graecis
1134 2166 1159 2186 et
1183 2161 1302 2186 Barbaria
1325 2168 1385 2186 ean-

321 2204 334 2218 »
351 2195 409 2220 dem
424 2196 546 2221 omnibus
561 2196 674 2221 innatam
689 2195 758 2230 (pag.
775 2196 863 2231 265)...
878 2197 957 2222 Socn.
973 2197 1093 2230 Cratylus
1107 2205 1169 2222 vera
1188 2196 1309 2229 loquitur,
1325 2204 1384 2221 cum

320 2238 334 2253 s
350 2230 456 2255 nomina
474 2231 534 2256 dicit
552 2237 641 2257 natura
659 2232 738 2257 rebus
753 2237 908 2266 competere,
924 2238 1010 2264 neque
1027 2240 1110 2257 unum
1126 2231 1245 2264 quemvis
1264 2239 1323 2256 esse
1338 2239 1385 2256 no-

320 2274 335 2289 »
350 2266 450 2290 minum
469 2272 615 2298 auctorem,
631 2268 677 2292 sed
700 2268 772 2293 illum
792 2268 936 2298 dumtaxat,
951 2268 996 2300 qui
1016 2268 1047 2292 ad
1066 2275 1163 2292 nomen
1181 2267 1298 2300 respicit,
1313 2267 1385 2300 quod

320 2309 335 2324 »
351 2306 439 2326 natura
458 2302 552 2335 cuique
566 2303 693 2333 convenit,
708 2308 853 2336 posteaque
867 2303 980 2335 speciem
996 2310 1053 2327 eam
1068 2302 1157 2327 litteris
1172 2302 1332 2335 syllabisque
1347 2302 1385 2326 in-

321 2344 335 2359 »
351 2343 436 2360 serere
452 2346 466 2360 x>
487 2334 563 2373 (pag.
585 2335 661 2372 269).
683 2339 758 2363 Ratio
777 2346 838 2363 vero
857 2338 935 2363 huius
954 2338 1096 2363 sententiae
1115 2345 1229 2370 sequens
1253 2337 1384 2362 indicatur.

320 2371 421 2395 Etenim
442 2381 456 2395 «
469 2380 618 2397 nomem...
637 2381 723 2398 rerum
743 2373 900 2398 substantias
920 2374 1041 2404 docendi,
1057 2373 1216 2398 discernendi
1238 2380 1271 2397 ue
1290 2373 1384 2397 instru-

321 2413 336 2429 »
352 2411 468 2431 mentum
488 2412 536 2437 est,
551 2408 588 2432 sic
602 2413 630 2432 ut
644 2413 735 2440 pecten
755 2413 780 2433 et
798 2409 883 2433 radius
903 2409 959 2441 ipse
978 2409 1043 2433 telae
1055 2418 1068 2432 »
1085 2406 1158 2443 (pag.
1171 2406 1220 2433 268
1250 2416 1256 2438 ;
1276 2412 1301 2432 et
1316 2416 1385 2432 «no-

323 2449 336 2463 »
352 2441 529 2466 minandum...
548 2450 578 2467 ea
597 2443 694 2468 ratione
713 2451 765 2476 qua
783 2451 869 2468 rerum
889 2443 1005 2476 ipsarum
1028 2448 1118 2468 natura
1138 2443 1271 2468 nominare
1290 2451 1319 2468 ac
1338 2451 1385 2468 no-

322 2483 337 2498 »
354 2476 443 2501 minari
462 2478 590 2509 postulat,
609 2483 635 2502 et
653 2485 707 2510 quo
726 2479 855 2512 postulat,
875 2486 927 2503 non
946 2483 1033 2503 autem
1052 2486 1099 2511 pro
1125 2483 1228 2504 nostrae
1245 2479 1385 2503 voluntatis

1448 324 1523 359 gua
1542 320 1578 349 et
1597 313 1729 350 dentes
1759 320 1795 350 et
1820 313 1930 361 labia,
1947 314 2084 363 quibus
2103 314 2250 350 litterati
2270 326 2314 350 ac
2334 312 2514 350 articulati

1448 365 1531 401 soni
1548 365 1842 413 distinguuntur;
1859 367 1979 403 oratio
1996 374 2123 404 autem
2142 374 2178 403 et
2191 374 2317 415 partes
2333 366 2413 402 eius
2428 372 2515 402 sunt

1448 417 1543 454 sicut
1571 418 1728 456 effectus
1764 419 1911 456 virtutis
1945 419 2249 468 interpretativae
2282 432 2352 467 per
2379 419 2513 455 instru-

1447 478 1577 508 menta
1595 472 1799 519 praedicta.
1822 473 1927 509 Sicut
1946 473 2049 509 enim
2063 478 2079 503 Ρ
2097 473 2215 515 virtus
2234 472 2380 509 motiva
2399 471 2514 508 utitur

1446 524 1678 561 naturalibus
1697 525 1965 572 instrumentis,
1986 525 2082 562 sicut
2100 525 2261 562 brachiis
2282 532 2318 561 et
2336 524 2513 561 manibus

1446 576 1495 612 ad
1523 577 1740 615 faciendum
1770 590 1887 626 opera
1915 578 2141 625 artificialia,
2170 578 2220 614 ita
2254 578 2373 615 virtus
2401 578 2512 613 inter-

1444 630 1630 676 pretativa
1662 630 1777 667 utitur
1804 638 1952 678 gutture
1987 638 2023 667 et
2051 631 2130 668 aliis
2162 630 2419 668 instrumentis
2447 642 2512 666 na-

1445 682 1626 718 turalibus
1655 683 1704 719 ad
1732 683 1949 720 faciendum
1983 684 2206 720 orationem.
2246 683 2358 720 Unde
2391 682 2511 719 oratio

1445 741 1482 770 et
1507 742 1634 782 partes
1654 735 1734 772 eius
1754 748 1832 772 non
1861 743 1948 772 sunt
1966 749 2026 772 res
2045 737 2245 783 naturales,
2266 736 2334 772 sed
2354 735 2511 784 quidam

1444 787 1655 824 artificiales
1689 787 1858 825 effectus.
1894 789 1943 825 Et
1975 789 2062 825 ideo
2096 789 2224 826 subdit
2257 788 2363 837 quod
2390 787 2510 825 oratio

1444 839 1629 887 significat
1647 841 1699 877 ad
1708 840 1892 888 placitum
1910 842 1941 886 *,
1962 841 2059 877 idest
2077 840 2290 878 secundum
2314 840 2510 877 institutio-

1444 904 1534 929 nem
1562 893 1755 930 humanae
1775 893 1928 930 rationis
1963 901 1999 930 et
2017 894 2233 941 voluntatis,
2253 901 2295 930 ut
2322 905 2437 941 supra
2457 893 2510 930 di—

1444 953 1547 982 ctum
1568 953 1623 982 est
1636 946 1667 993 *,
1689 946 1787 983 sicut
1812 953 1849 983 et
1868 946 1998 983 omnia
2017 946 2224 983 artificialia
2244 953 2446 983 causantur
2465 958 2511 982 ex

1442 994 1612 1035 humana
1639 999 1835 1036 voluntate
1861 1006 1898 1036 et
1925 999 2081 1036 ratione.
2113 999 2321 1036 Sciendum
2349 1006 2478 1035 tamen
2497 1004 2511 1019 ⁸

1443 1051 1568 1100 quod,
1599 1051 1629 1088 si
1657 1052 1836 1089 virtutem
1874 1052 2197 1101 interpretativam
2225 1064 2305 1089 non
2333 1051 2509 1088 attribua-

1443 1117 1530 1141 mus
1566 1105 1692 1142 virtuti
1727 1105 1917 1153 motivae,
1961 1105 2030 1142 sed
2067 1105 2219 1152 rationi;
2255 1105 2309 1142 sic
2346 1117 2425 1141 non
2454 1111 2510 1140 est

1442 1157 1560 1194 virtus
1589 1158 1778 1205 naturalis,
1805 1159 1873 1195 sed
1901 1171 2017 1207 supra
2045 1171 2203 1195 ornnem
2223 1165 2398 1195 naturam
2428 1169 2509 1194 cor-

1441 1223 1619 1259 poream:
1636 1211 1725 1259 quia
1739 1211 1947 1248 intellectus
1967 1224 2045 1248 non
2061 1219 2117 1248 est
2131 1218 2236 1248 aetus
2256 1210 2412 1248 alicuius
2428 1222 2509 1246 cor-

1441 1263 1557 1311 poris,
1573 1264 1669 1300 sicut
1685 1264 1870 1312 probatur
1888 1264 1926 1301 in
1942 1266 1991 1301 ΙΙΙ
2007 1266 2068 1301 De
2085 1265 2215 1301 anima
2225 1264 2257 1301 *.
2275 1265 2361 1312 Ipsa
2380 1269 2508 1300 autem

1441 1316 1535 1353 ratio
1560 1324 1626 1364 est,
1653 1329 1752 1365 quae
1779 1325 1912 1354 movet
1935 1317 2115 1354 virtutem
2136 1317 2376 1366 corporalem
2399 1315 2508 1352 moti-

1440 1381 1531 1406 vam
1551 1369 1601 1406 ad
1621 1382 1738 1418 opera
1757 1370 1979 1418 artificialia,
2010 1370 2147 1419 quibus
2176 1370 2291 1406 etiam
2313 1376 2356 1405 ut
2374 1368 2508 1405 instru-

1441 1422 1578 1458 mentis
1596 1422 1712 1459 utitur
1730 1423 1845 1459 ratio:
1865 1435 1944 1460 non
1964 1431 2051 1460 sunt
2069 1431 2198 1464 autern
2216 1423 2237 1444 '⁸
2259 1422 2509 1459 instrumenta

1440 1474 1597 1511 alicuius
1624 1475 1771 1512 virtutis
1801 1476 2020 1524 corporalis.
2048 1477 2097 1512 Et
2121 1476 2197 1512 hoc
2225 1475 2344 1512 modo
2374 1474 2468 1511 ratio
2488 1474 2508 1495 *

1439 1534 1565 1575 potest
1589 1526 1704 1564 etiam
1732 1527 1786 1564 uti
1813 1528 1984 1565 oratione
2017 1536 2053 1565 et
2081 1528 2161 1565 eius
2185 1528 2374 1577 partibus,
2401 1527 2508 1576 quasi

1439 1579 1717 1617 instrumentis:
1748 1580 1925 1629 quamvis
1950 1593 2029 1618 non
2048 1581 2266 1618 naturaliter
2284 1580 2506 1628 significent.

1442 1747 1454 1760 ι
1471 1738 1573 1763 arbitrio
1587 1737 1658 1775 (pag.
1675 1737 1763 1774 267)...
1782 1740 1849 1765 Nam
1864 1741 1934 1773 quod
1953 1745 2043 1765 natura
2057 1740 2152 1772 cuique
2163 1739 2291 1772 congruit,
2305 1739 2508 1766 instrumentum

1440 1781 1455 1796 x>
1471 1773 1686 1799 adinveniendum
1701 1779 1755 1805 est,
1774 1780 1852 1808 atque
1866 1776 1891 1800 id
1905 1775 1941 1800 illi
1956 1775 2156 1805 attribuendum,
2173 1783 2203 1800 ex
2218 1782 2271 1808 quo
2285 1773 2364 1800 efficit
2376 1783 2429 1800 non
2443 1783 2508 1809 qua—

1441 1817 1455 1832 »
1471 1809 1610 1842 lecumque
1627 1810 1684 1834 vult
1698 1810 1743 1842 qui
1758 1810 1874 1840 fabricat,
1890 1811 1937 1835 sed
1950 1811 2027 1843 quale
2042 1815 2132 1835 natura
2144 1810 2200 1843 ipsa
2215 1810 2292 1842 exigit
2305 1818 2320 1834 s
2335 1808 2408 1843 (Pag.
2420 1809 2509 1836 268.-

1440 1844 1559 1869 Platonis
1581 1844 1670 1877 Opera
1688 1845 1803 1870 Marsilio
1822 1845 1911 1871 Ficino
1929 1846 2275 1879 interprete.-Francofurti
2298 1842 2386 1881 1602).

1493 1878 1517 1914 ρ)
1529 1879 1605 1904 Sicut
1623 1879 1692 1904 enim
1707 1885 1754 1905 etc.
1775 1881 1919 1906 Retinenda
1933 1885 1973 1905 est
1987 1881 2049 1906 haec
2064 1880 2140 1905 lectio
2154 1880 2233 1906 Piana
2247 1885 2273 1906 et
2286 1881 2344 1906 edd.
2354 1881 2430 1912 Ven.‚
2444 1881 2506 1913 quia

1439 1914 1575 1947 perspicua
1594 1919 1620 1939 et
1637 1915 1760 1947 requisita
1778 1923 1793 1940 a
1811 1915 1895 1941 forma
1914 1921 1998 1941 textus
2018 1924 2039 1941 s.
2050 1915 2206 1940 Thomae.—
2218 1915 2329 1941 cod.A:
2343 1916 2411 1942 sicut
2424 1916 2506 1941 ettam

1439 1949 1524 1974 virtus
1543 1950 1643 1975 motiva
1661 1950 1747 1976 utitur
1765 1951 1846 1976 etiam
1865 1956 1943 1976 etc.—
1955 1952 1991 1976 B.-
2010 1951 2079 1976 sicut
2097 1951 2177 1976 etiam
2198 1951 2283 1976 virtus
2301 1952 2402 1976 morium
2420 1951 2507 1976 utitur

1439 1984 1621 2010 instrumentis
1638 1985 1707 2010 sicut
1726 1986 1892 2011 naturalibus
1911 1987 2031 2011 etc.—·C:
2047 1986 2115 2011 sicut
2132 1986 2212 2011 etiam
2232 1986 2317 2011 virtus
2336 1986 2436 2012 motiva
2453 1984 2505 2011 uti-

1438 2023 1484 2045 tur
1497 2025 1560 2044 etc.:
1575 2026 1674 2045 caetera
1691 2025 1722 2045 ut
1739 2021 1764 2045 in
1784 2021 1812 2046 Ρ.
1833 2022 1906 2052 Quae
1924 2029 1986 2047 vero
2005 2026 2163 2054 sequuntur:
2184 2021 2223 2046 ita
2241 2021 2327 2047 virtus
2346 2021 2505 2054 interpreta-

1438 2055 1494 2080 tiva
1512 2063 1598 2088 usque
1620 2056 1653 2080 ad
1670 2056 1714 2080 illa
1732 2056 1811 2081 verba
1835 2056 1962 2082 inclusive
1985 2057 2023 2082 ad
2034 2056 2191 2090 faciendum
2211 2057 2360 2082 orationem
2383 2057 2506 2082 omitmnt

1438 2091 1513 2150 ἓὲἓά.
1528 2090 1647 2124 praefati;
1666 2091 1827 2124 proindeque
1846 2092 2000 2117 sententiam
2020 2099 2041 2117 s.
2056 2091 2174 2116 ‘rhomae
2193 2099 2312 2117 mancam
2326 2096 2352 2116 et
2365 2091 2505 2117 obscuram

1488 2126 1566 2151 'bent.

1491 2160 1517 2221 9
1533 2161 1675 2186 Sciendum
1686 2165 1774 2186 tamen
1785 2166 1832 2186 etc.
1847 2162 1882 2187 lta
1897 2162 1990 2187 codd.-
2001 2163 2066 2188 Edd.
2077 2162 2155 2187 Piana
2164 2167 2190 2188 et
2198 2163 2273 2188 Vena
2287 2162 2424 2188 sciendum
2436 2169 2504 2196 ergo

1437 2204 1489 2229 quo
1528 2202 1575 2221 etc.
1589 2210 1608 2215 -
1623 2196 1740 2221 Novitius
1759 2202 1844 2221 autem
1868 2202 1938 2222 notet
1961 2197 2022 2230 quid
2041 2197 2082 2223 hic
2100 2206 2115 2222 a
2133 2205 2155 2222 s.
2174 2197 2277 2223 Thomu
2296 2197 2418 2222 doceami-
2439 2197 2506 2223 circa

1437 2232 1562 2257 virtutem
1588 2232 1747 2257 naturalem.
1766 2232 1794 2256 In
1813 2231 1951 2265 hypothesi
1966 2232 2035 2257 enim
2051 2232 2132 2268 (quae
2149 2240 2211 2258 vera
2225 2237 2272 2263 est,
2287 2237 2317 2258 ut
2335 2233 2428 2258 dicitur
2445 2233 2503 2258 lect.

1438 2275 1494 2300 seq.
1509 2275 1535 2292 n.
1551 2264 1578 2301 2)
1597 2267 1667 2300 quod
1691 2267 1772 2292 vinus
1796 2267 1984 2300 interpretativa
2012 2276 2064 2293 non
2092 2268 2242 2294 attribuatur
2265 2268 2350 2293 virtuti
2378 2267 2505 2299 motivae,

1437 2302 1483 2327 sed
1502 2302 1607 2333 rationi,
1626 2307 1734 2335 negatur
1757 2302 1841 2335 ipsam
1860 2310 1919 2327 esse
1942 2304 2102 2328 naturalem.
2127 2304 2178 2333 Sed
2197 2303 2323 2336 numquid
2342 2303 2413 2336 quod
2431 2311 2446 2328 a
2464 2311 2504 2328 ra-

1437 2338 1505 2362 tione
1524 2342 1564 2362 eat
1588 2338 1712 2362 naturale
1736 2337 1783 2362 dici
1807 2336 1912 2370 nequit?
1936 2338 1990 2362 Dici
2014 2338 2104 2371 utique
2126 2344 2212 2372 potest
2234 2343 2361 2372 quatenus
2384 2338 2410 2363 id
2432 2338 2504 2371 quod

1437 2381 1452 2397 a
1471 2377 1559 2398 natura
1582 2380 1736 2406 quacunque
1760 2372 1864 2405 profluit
1887 2374 2011 2398 naturale
2036 2374 2134 2399 dicitur.
2159 2375 2193 2399 At
2211 2373 2360 2399 Scholastici
2385 2373 2503 2398 strictiori

1437 2407 1514 2433 etiam
1537 2407 1721 2440 significatione
1745 2408 1905 2440 usurpabant
1927 2409 2083 2433 vocabulum
2102 2410 2238 2438 naturale,
2262 2416 2358 2442 nempe
2381 2409 2413 2433 ad
2436 2408 2504 2434 deai-

1438 2443 1569 2476 gnandum
1588 2443 1613 2468 id
1627 2443 1697 2476 quod
1717 2450 1732 2467 a
1751 2443 1857 2468 materia
1877 2444 2007 2476 dependet
2023 2444 2066 2468 vel
2085 2449 2125 2469 est
2137 2444 2163 2469 in
2177 2444 2283 2470 materia
2301 2443 2424 2469 sensibili.
2444 2443 2504 2474 Quo

1438 2486 1517 2504 sensu
1531 2483 1639 2511 negatur
1656 2479 1771 2503 naturale
1785 2485 1844 2503 esse
1858 2478 1920 2504 illud
1934 2479 2005 2511 quod
2019 2487 2034 2504 a
2048 2479 2103 2504 sola
2116 2479 2214 2505 ratione
2232 2484 2280 2504 est.

2539 845 2548 853 ·
2559 850 2587 865 ac
2598 852 2604 876 Ξ
2627 845 2753 867 secto-dun

2534 871 2656 898 placatum.

2539 954 2547 962 ¹
2557 953 2621 975 Lect.
2628 959 2660 981 iv,
2667 959 2690 975 n.
2697 960 2723 976 n.

2536 1272 2545 1280 ·
2556 1271 2588 1293 Ca
2606 1287 2612 1293 .
2623 1277 2648 1293 lv
2657 1278 2719 1299 nn.4
2727 1277 2751 1295 et

2537 1330 2556 1346 s.
2569 1324 2614 1346 Th.
2627 1302 2751 1348 &²25⁶

2536 1426 2546 1436 '¹
2556 1425 2589 1458 3¹!
2608 1426 2645 1453 ple
2651 1433 2662 1458 :-
2672 1432 2748 1454 opera

2535 1453 2751 1510 {anqf-''ssfzmn-

2534 1508 2562 1527 tit
2575 1506 2648 1527 rano.
