2788 4204
411 262 491 308 &ss

834 346 917 366 CAPP.
938 345 986 371 vx,
1008 344 1057 363 vn.

789 391 930 420 LECTIO
953 389 1097 424 QUINTA

415 457 518 484 Utrum
542 454 635 491 possit
656 451 846 481 demonstrari
868 451 947 487 quod
965 449 1034 493 quid
1055 455 1097 476 est
1111 447 1279 484 accipiendo

477 495 507 523 id
528 494 608 531 quod
630 492 783 530 requiritur
803 492 840 519 ad
861 490 940 527 quod
962 489 1031 526 quid
1053 494 1095 516 est
1122 509 1277 515 ......

803 561 942 591 LECTIO
966 559 1090 588 SEXTA

414 626 519 654 Utrum
541 624 622 660 quod
643 622 712 659 quid
733 627 776 649 est
796 619 887 657 possit
901 618 1013 647 ostendi
1032 617 1279 647 demonstratione

476 664 520 692 vel
541 662 710 691 definitione
726 679 1276 689 ...................

873 726 937 746 CAP.
959 726 1019 745 vm.

783 771 922 799 LECTIO
945 771 1109 798 SEPTIMA

415 831 458 857 De
481 828 595 856 duobus
616 825 720 860 modis,
742 824 836 861 logico
857 830 885 852 et
907 822 1143 858 demonstrativo,
1159 821 1277 850 manife-

474 866 568 896 standi
590 866 670 903 quod
691 865 763 902 quid
784 871 827 892 est
849 884 1275 891 ...............

875 933 938 953 CAP.
961 933 1001 953 IX.

788 979 928 1007 LECTIO
950 979 1109 1006 OCTAVA

414 1037 481 1064 Non
501 1041 543 1063 est
563 1033 699 1071 possibile
713 1033 743 1060 in
758 1032 894 1060 omnibus
909 1032 1037 1068 accipere
1052 1032 1133 1068 quod
1150 1031 1220 1067 quid
1235 1038 1277 1059 est

473 1084 525 1112 per
545 1072 832 1102 demonstrationem.
848 1089 867 1093 -
882 1072 1041 1106 Quomodo
1057 1080 1087 1099 se
1101 1071 1205 1099 habeat
1226 1071 1275 1099 de-

473 1113 565 1143 finitio
586 1114 623 1142 ad
644 1111 922 1141 demonstrationem
935 1133 1274 1140 ............

883 1179 947 1199 CAP.
970 1179 998 1198 x.

806 1225 946 1253 LECTIO
967 1224 1074 1252 NONA

414 1290 537 1325 Propter
550 1286 621 1324 quid
634 1292 728 1324 potest
745 1285 918 1314 manifestari
933 1284 963 1313 in
979 1291 1104 1322 quatuor
1124 1285 1276 1322 generibus

473 1336 625 1356 causarum
635 1346 1273 1354 ......................

880 1393 944 1413 CAP.
966 1393 1005 1412 XI.

792 1438 892 1466 LECT
893 1438 932 1466 10
954 1438 1100 1466 DECIMA

414 1501 572 1537 Quomodo
587 1499 617 1528 in
630 1498 875 1528 demonstratione
893 1498 1049 1534 accipiatur
1062 1504 1181 1535 propter
1195 1497 1274 1535 quid,

473 1550 524 1569 seu
539 1549 624 1568 causa
638 1548 714 1576 quae
728 1545 770 1567 est
783 1538 868 1566 simul
883 1547 949 1566 cum
964 1547 1000 1566 eo
1015 1537 1096 1566 cuius
1117 1544 1160 1566 est
1174 1547 1270 1566 causa.

473 1597 493 1602 —
507 1581 717 1608 Praenotamen
738 1579 775 1607 ad
789 1578 907 1606 alteram
922 1578 1123 1615 quaestionem
1139 1578 1174 1606 de
1188 1587 1276 1607 causa

473 1629 547 1657 quae
568 1628 628 1648 non
649 1625 692 1647 est
713 1618 798 1646 simul
819 1627 885 1646 cum
907 1618 1009 1646 effectu
1025 1640 1273 1646 .........

762 1684 902 1713 LECTIO
924 1684 1123 1712 UNDECIMA

412 1747 572 1782 Quomodo
582 1754 633 1782 per
646 1744 923 1773 demonstrationem
938 1743 1094 1781 accipiatur
1103 1753 1190 1773 causa
1199 1753 1275 1782 quae

474 1795 535 1814 non
556 1791 599 1814 est
619 1784 703 1813 simul
724 1794 790 1813 cum
812 1784 914 1813 effectu
930 1806 1268 1813 ............

874 1850 938 1871 CAP.
961 1851 1010 1871 ΧΠ.

744 1902 845 1930 LECT
846 1902 884 1930 10
906 1902 1137 1931 DUODECIMA

413 1962 576 1998 Quomodo
596 1961 626 1990 in
647 1961 894 1991 demonstratione
914 1960 1070 1998 accipiatur
1090 1970 1177 1990 causa
1200 1970 1275 1999 quae

473 2011 534 2031 non
554 2008 597 2030 est
616 2002 701 2030 simul
722 2011 788 2030 cum
804 2001 907 2030 effectu
921 2000 951 2029 in
965 2001 999 2030 iis
1012 2010 1087 2039 quae
1101 2001 1276 2030 circulariter

1317 495 1389 524 Fag-

1422 251 1587 288 INDEX

1423 485 1476 519 343

1423 655 1478 690 346

1422 861 1478 889 35ο

1421 1111 1474 1139 355

1420 1324 1476 1360 359

1419 1619 1477 1654 364

1418 1785 1474 1814 368

1596 329 1685 364 fiunt;
1707 336 1735 358 et
1756 329 1879 366 qualiter
1900 329 2094 358 diversimode
2119 331 2335 358 demonstretur
2356 340 2407 367 per

1596 378 1715 397 causam
1737 369 1766 397 in
1787 369 1831 397 his
1853 378 1928 406 quae
1950 376 2017 398 sunt
2038 379 2161 407 semper,
2177 377 2204 398 et
2219 370 2249 398 in
2270 370 2314 398 his
2332 379 2407 407 quae

1597 415 1663 436 sunt
1685 415 1716 437 ut
1737 410 1901 446 frequenter
1910 431 2404 438 .................
2443 419 2517 450 pag.
2552 411 2603 448 37¹

1844 475 1985 503 LECTIO
2007 477 2298 504 DECIMATERTIA

1536 535 1641 570 Qualia
1662 544 1724 563 esse
1746 542 1879 571 oporteat
1901 545 1935 564 ea
1958 545 2033 573 quae
2054 537 2233 565 constituunt
2260 537 2405 566 definitio-

1596 584 1663 603 nem
1686 574 1895 612 significantem
1918 576 2072 610 essentiam
2094 577 2135 605 rei
2156 599 2405 606 .........

1832 643 1973 670 LECTIO
1996 644 2305 679 DECIMAQUARTA

1534 705 1578 731 De
1600 703 1740 731 divisione
1761 703 1874 740 generis
1895 704 1932 732 ad
1954 703 2185 742 investigandum
2200 715 2235 734 ea
2255 715 2330 743 quae
2351 715 2405 742 po-

1596 744 1693 771 nenda
1715 750 1782 771 sunt
1802 743 1831 771 in
1854 743 2022 773 definitione
2032 766 2403 774 .............

1837 810 1938 838 LECT
1940 810 1978 838 10
2000 810 2297 846 DECIMAQUINTA

1534 871 1601 897 Duo
1623 879 1734 897 errores
1756 870 1954 898 excluduntur.
1971 887 1990 891 -
2009 871 2091 906 Quae
2113 871 2273 899 secundum
2295 871 2335 899 rei
2357 881 2405 900 ve-

1594 909 1707 937 ritatem
1730 909 1912 946 requirantur
1940 911 1978 938 ad
1999 911 2233 939 constituendam
2260 911 2405 940 definitio-

1594 958 1662 978 nem
1684 959 1736 986 per
1756 950 1832 978 viam
1855 950 2006 979 divisionis
2032 973 2403 979 .............

1850 1017 1991 1044 LECTIO
2013 1017 2289 1045 DECIMASEXTA

1534 1077 1577 1104 De
1599 1077 1690 1105 modo
1706 1076 1895 1113 investigandi
1911 1076 2095 1106 definitiones
2113 1086 2164 1114 per
2179 1076 2283 1106 similia
2304 1084 2332 1106 et
2346 1076 2404 1106 dis-

1594 1116 1698 1144 similia

1996 1194 2060 1214 CAP.
2083 1195 2144 1215 xm.

1830 1239 1931 1268 LECT
1932 1239 1972 1267 10
1994 1240 2310 1269 DECIMASEPTIMA

1533 1300 1576 1327 De
1591 1299 1682 1327 modo
1697 1298 1886 1337 investigandi
1901 1306 2020 1336 propter
2034 1299 2103 1337 quid
2119 1300 2194 1329 circa
2208 1300 2321 1338 singula
2335 1309 2403 1337 pro-

1593 1339 1734 1374 blemata;
1756 1340 1851 1376 deque
1872 1339 2074 1368 convenientia
2089 1341 2305 1377 problematum
2321 1340 2351 1369 in
2366 1350 2402 1369 eo

1593 1379 1673 1415 quod
1688 1385 1731 1407 est
1745 1386 1864 1416 propter
1878 1379 1964 1417 quid,
1986 1387 2049 1408 tum
2071 1381 2168 1417 quoad
2183 1381 2324 1410 unitatem
2342 1390 2403 1410 me—

1593 1418 1648 1454 dii,
1670 1425 1732 1447 tum
1754 1420 1853 1457 quoad
1875 1419 2008 1448 ordinem
2030 1420 2195 1449 mediorum
2213 1444 2402 1449 .......

1989 1488 2053 1509 εΑΡ.
2075 1489 2135 1509 xrv.

1831 1533 1932 1561 LECT
1934 1533 1972 1561 10
1995 1534 2304 1563 DECIMAOCTAVA

1531 1593 1574 1621 De
1596 1591 1783 1622 coexistentia
1803 1601 1907 1621 causae
1928 1593 1966 1621 ad
1987 1599 2137 1622 causatum
2156 1599 2299 1630 quantum
2313 1594 2351 1623 ad
2365 1594 2402 1622 si-

1591 1633 1742 1660 multatem
1764 1632 1979 1661 consecutionis
1999 1655 2401 1662 ..............

1854 1694 1996 1722 LECTIO
2018 1694 2275 1723 DECIMANONA

1530 1747 1634 1776 Utrum
1655 1748 1692 1776 ad
1713 1746 1854 1776 unitatem
1875 1756 1980 1776 causae
2001 1754 2139 1785 sequatur
2160 1748 2256 1777 unitas
2274 1747 2402 1784 effectus,

1591 1794 1619 1816 et
1639 1796 1655 1816 e
1677 1796 1819 1816 converso

2000 1856 2064 1877 cAP.
2086 1857 2134 1877 xv.

1895 1902 1997 1931 LECT
1998 1902 2037 1931 10
2058 1903 2240 1932 VIGESIMA

1531 1962 1692 1997 Quomodo
1715 1968 1930 2008 cognoscantur
1943 1971 1961 1991 a
1974 1962 2060 1992 nobis
2081 1962 2176 2000 prima
2196 1962 2338 2000 principia
2351 1963 2402 1992 de-

1591 2009 1812 2032 monstrationis
1815 2024 2401 2032 ....................

2462 597 2464 599 -
2471 588 2486 603 ²

2470 963 2484 978 »

2468 1433 2482 1448 2)

2467 1646 2482 1661 ²

2553 577 2608 613 373

2550 746 2608 783 377

2551 952 2609 981 380

2550 1118 2605 1147 383

2549 1422 2607 1452 386

2548 1635 2606 1673 389

2548 1789 2605 1828 39²
