<?xml version="1.0" encoding="UTF-8"?>
<!DOCTYPE html PUBLIC "-//W3C//DTD XHTML 1.0 Transitional//EN"
    "http://www.w3.org/TR/xhtml1/DTD/xhtml1-transitional.dtd">
<html xmlns="http://www.w3.org/1999/xhtml" xml:lang="en" lang="en">
 <head>
  <title>
</title>
<meta http-equiv="Content-Type" content="text/html;charset=utf-8" />
  <meta name='ocr-system' content='tesseract 3.04.00' />
  <meta name='ocr-capabilities' content='ocr_page ocr_carea ocr_par ocr_line ocrx_word'/>
</head>
<body>
  <div class='ocr_page' id='page_1' title='image "./operaomniaiussui01thom_0487.png"; bbox 0 0 2788 4204; ppageno 0'>
   <div class='ocr_carea' id='block_1_1' title="bbox 0 3640 13 3859">
    <p class='ocr_par' dir='ltr' id='par_1_1' title="bbox 0 3640 13 3900">
     <span class='ocr_line' id='line_1_1' title="bbox 0 3640 13 3859; textangle 90"><span class='ocrx_word' id='word_1_1' title='bbox 0 3813 6 3859; x_wconf 69' lang='grc'>,,...</span> <span class='ocrx_word' id='word_1_2' title='bbox 0 3699 11 3805; x_wconf 40' lang='lat' dir='ltr'>-ww,</span> <span class='ocrx_word' id='word_1_3' title='bbox 11 3671 13 3675; x_wconf 34' lang='grc' dir='ltr'>ι</span> <span class='ocrx_word' id='word_1_4' title='bbox 11 3640 13 3642; x_wconf 34' lang='grc' dir='ltr'>Ι</span> 
     </span>
    </p>
   </div>
   <div class='ocr_carea' id='block_1_2' title="bbox 43 2326 179 2356">
    <p class='ocr_par' dir='ltr' id='par_1_2' title="bbox 43 2326 179 2356">
     <span class='ocr_line' id='line_1_2' title="bbox 43 2326 179 2356; baseline 0 -7"><span class='ocrx_word' id='word_1_5' title='bbox 43 2328 56 2337; x_wconf 84' lang='grc'><strong>”</strong></span> <span class='ocrx_word' id='word_1_6' title='bbox 72 2326 143 2349; x_wconf 79' lang='lat' dir='ltr'>Num.</span> <span class='ocrx_word' id='word_1_7' title='bbox 158 2333 179 2356; x_wconf 81' lang='lat'>3.</span> 
     </span>
    </p>
   </div>
   <div class='ocr_carea' id='block_1_3' title="bbox 1111 295 1630 343">
    <p class='ocr_par' dir='ltr' id='par_1_3' title="bbox 1111 295 1630 343">
     <span class='ocr_line' id='line_1_3' title="bbox 1111 295 1630 343; baseline 0.004 -12"><span class='ocrx_word' id='word_1_8' title='bbox 1111 295 1221 332; x_wconf 88' lang='lat' dir='ltr'>CAP.</span> <span class='ocrx_word' id='word_1_9' title='bbox 1252 297 1351 343; x_wconf 82' lang='lat' dir='ltr'>XIII,</span> <span class='ocrx_word' id='word_1_10' title='bbox 1382 296 1532 333; x_wconf 89' lang='lat' dir='ltr'>LECT.</span> <span class='ocrx_word' id='word_1_11' title='bbox 1562 298 1630 333; x_wconf 92' lang='lat' dir='ltr'>XII</span> 
     </span>
    </p>
   </div>
   <div class='ocr_carea' id='block_1_4' title="bbox 2396 308 2466 344">
    <p class='ocr_par' dir='ltr' id='par_1_4' title="bbox 2396 308 2466 344">
     <span class='ocr_line' id='line_1_4' title="bbox 2396 308 2466 344; baseline 0 -12"><span class='ocrx_word' id='word_1_12' title='bbox 2396 308 2466 344; x_wconf 81' lang='lat'>1¹7</span> 
     </span>
    </p>
   </div>
   <div class='ocr_carea' id='block_1_5' title="bbox 961 459 1788 517">
    <p class='ocr_par' dir='ltr' id='par_1_5' title="bbox 961 459 1788 517">
     <span class='ocr_line' id='line_1_5' title="bbox 961 459 1788 517; baseline 0.006 -4"><span class='ocrx_word' id='word_1_13' title='bbox 961 459 1259 514; x_wconf 91' lang='lat' dir='ltr'>LECTIO</span> <span class='ocrx_word' id='word_1_14' title='bbox 1306 460 1788 517; x_wconf 89' lang='lat' dir='ltr'>DUODECIMA</span> 
     </span>
    </p>
   </div>
   <div class='ocr_carea' id='block_1_6' title="bbox 1187 582 1550 619">
    <p class='ocr_par' dir='ltr' id='par_1_6' title="bbox 1187 582 1550 619">
     <span class='ocr_line' id='line_1_6' title="bbox 1187 582 1550 619; baseline 0.006 -11"><span class='ocrx_word' id='word_1_15' title='bbox 1187 582 1285 617; x_wconf 66' lang='lat' dir='ltr'>(emm.</span> <span class='ocrx_word' id='word_1_16' title='bbox 1301 585 1429 609; x_wconf 60' lang='lat' dir='ltr'>CAIE&#39;rstm</span> <span class='ocrx_word' id='word_1_17' title='bbox 1447 586 1504 610; x_wconf 87' lang='lat' dir='ltr'>lect.</span> <span class='ocrx_word' id='word_1_18' title='bbox 1519 585 1550 619; x_wconf 84' lang='lat' dir='ltr'>x)</span> 
     </span>
    </p>
   </div>
   <div class='ocr_carea' id='block_1_7' title="bbox 406 665 2343 766">
    <p class='ocr_par' dir='ltr' id='par_1_7' title="bbox 406 665 2343 766">
     <span class='ocr_line' id='line_1_7' title="bbox 406 665 2343 707; baseline 0.003 -12"><span class='ocrx_word' id='word_1_19' title='bbox 406 665 677 696; x_wconf 86' lang='lat' dir='ltr'>DECLARATIS</span> <span class='ocrx_word' id='word_1_20' title='bbox 700 665 928 696; x_wconf 85' lang='lat' dir='ltr'>POTENTIIS</span> <span class='ocrx_word' id='word_1_21' title='bbox 952 666 1071 703; x_wconf 90' lang='lat' dir='ltr'><strong>QUAE</strong></span> <span class='ocrx_word' id='word_1_22' title='bbox 1095 667 1377 704; x_wconf 86' lang='lat' dir='ltr'>AEQUIVOCAE</span> <span class='ocrx_word' id='word_1_23' title='bbox 1402 668 1642 707; x_wconf 86' lang='lat' dir='ltr'>DlCUNTUR,</span> <span class='ocrx_word' id='word_1_24' title='bbox 1666 670 1858 701; x_wconf 90' lang='lat' dir='ltr'>SUMITUR</span> <span class='ocrx_word' id='word_1_25' title='bbox 1881 670 2015 701; x_wconf 88' lang='lat' dir='ltr'>RATIO</span> <span class='ocrx_word' id='word_1_26' title='bbox 2039 670 2343 701; x_wconf 89' lang='lat' dir='ltr'>IMPOSSIBILIS</span> 
     </span>
     <span class='ocr_line' id='line_1_8' title="bbox 486 722 2261 766; baseline 0.004 -14"><span class='ocrx_word' id='word_1_27' title='bbox 486 722 544 752; x_wconf 86' lang='lat' dir='ltr'>AD</span> <span class='ocrx_word' id='word_1_28' title='bbox 569 722 951 754; x_wconf 89' lang='lat' dir='ltr'>DETERMINANDUM</span> <span class='ocrx_word' id='word_1_29' title='bbox 975 723 1193 760; x_wconf 91' lang='lat' dir='ltr'>QUODNAM</span> <span class='ocrx_word' id='word_1_30' title='bbox 1217 724 1274 754; x_wconf 90' lang='lat' dir='ltr'>EX</span> <span class='ocrx_word' id='word_1_31' title='bbox 1303 725 1581 757; x_wconf 90' lang='lat' dir='ltr'>POSSIBILIBUS</span> <span class='ocrx_word' id='word_1_32' title='bbox 1605 727 1662 756; x_wconf 91' lang='lat' dir='ltr'>AD</span> <span class='ocrx_word' id='word_1_33' title='bbox 1687 727 2007 758; x_wconf 86' lang='lat' dir='ltr'><em>NECESSARIUM</em></span> <span class='ocrx_word' id='word_1_34' title='bbox 2027 728 2261 766; x_wconf 88' lang='lat' dir='ltr'><strong>SEQUATUR</strong></span> 
     </span>
    </p>
   </div>
   <div class='ocr_carea' id='block_1_8' title="bbox 275 824 1350 1093">
    <p class='ocr_par' dir='ltr' id='par_1_8' title="bbox 275 824 1350 1093">
     <span class='ocr_line' id='line_1_9' title="bbox 275 824 1348 878; baseline 0 -15"><span class='ocrx_word' id='word_1_35' title='bbox 275 832 388 863; x_wconf 72' lang='grc' dir='ltr'>Ἐνιαι</span> <span class='ocrx_word' id='word_1_36' title='bbox 413 825 451 861; x_wconf 83' lang='grc' dir='ltr'>δέ</span> <span class='ocrx_word' id='word_1_37' title='bbox 475 824 631 872; x_wconf 79' lang='grc' dir='ltr'>δυνάμεις</span> <span class='ocrx_word' id='word_1_38' title='bbox 658 829 823 873; x_wconf 80' lang='grc' dir='ltr'>ὁμώνυμοί</span> <span class='ocrx_word' id='word_1_39' title='bbox 849 831 923 861; x_wconf 82' lang='grc' dir='ltr'>εἰσι.</span> <span class='ocrx_word' id='word_1_40' title='bbox 956 831 1000 861; x_wconf 71' lang='grc' dir='ltr'>Τὸ</span> <span class='ocrx_word' id='word_1_41' title='bbox 1025 831 1071 876; x_wconf 78' lang='grc' dir='ltr'>γά</span> <span class='ocrx_word' id='word_1_42' title='bbox 1113 826 1259 863; x_wconf 78' lang='grc' dir='ltr'>δυνατὸν</span> <span class='ocrx_word' id='word_1_43' title='bbox 1285 833 1348 878; x_wconf 76' lang='grc' dir='ltr'>οὐχ</span> 
     </span>
     <span class='ocr_line' id='line_1_10' title="bbox 354 873 1346 919; baseline 0 -12"><span class='ocrx_word' id='word_1_44' title='bbox 354 875 467 910; x_wconf 83' lang='grc' dir='ltr'>οἱπλῶς</span> <span class='ocrx_word' id='word_1_45' title='bbox 491 873 645 919; x_wconf 63' lang='grc' dir='ltr'>λέγεται,</span> <span class='ocrx_word' id='word_1_46' title='bbox 667 874 756 906; x_wconf 63' lang='grc' dir='ltr'>ἀλλὰ</span> <span class='ocrx_word' id='word_1_47' title='bbox 781 874 821 906; x_wconf 77' lang='grc' dir='ltr'>τὸ</span> <span class='ocrx_word' id='word_1_48' title='bbox 839 875 897 918; x_wconf 80' lang='grc' dir='ltr'>μέν</span> <span class='ocrx_word' id='word_1_49' title='bbox 924 874 977 906; x_wconf 79' lang='grc' dir='ltr'>ὅτι</span> <span class='ocrx_word' id='word_1_50' title='bbox 1000 875 1063 911; x_wconf 85' lang='grc' dir='ltr'>ἀλη</span> <span class='ocrx_word' id='word_1_51' title='bbox 1091 875 1121 913; x_wconf 77' lang='grc' dir='ltr'>ἐς</span> <span class='ocrx_word' id='word_1_52' title='bbox 1138 876 1179 912; x_wconf 87' lang='grc' dir='ltr'>ὠς</span> <span class='ocrx_word' id='word_1_53' title='bbox 1199 877 1266 918; x_wconf 77' lang='grc' dir='ltr'>ἑνερ</span> <span class='ocrx_word' id='word_1_54' title='bbox 1295 879 1346 917; x_wconf 69' lang='grc' dir='ltr'>είᾳ</span> 
     </span>
     <span class='ocr_line' id='line_1_11' title="bbox 353 914 1350 961; baseline 0.001 -10"><span class='ocrx_word' id='word_1_55' title='bbox 353 920 400 960; x_wconf 85' lang='grc' dir='ltr'>ὅν,</span> <span class='ocrx_word' id='word_1_56' title='bbox 428 919 496 950; x_wconf 83' lang='grc' dir='ltr'>οἷον</span> <span class='ocrx_word' id='word_1_57' title='bbox 520 914 667 950; x_wconf 77' lang='grc' dir='ltr'>δυνατὸν</span> <span class='ocrx_word' id='word_1_58' title='bbox 695 914 843 960; x_wconf 75' lang='grc' dir='ltr'>βαδίζειν</span> <span class='ocrx_word' id='word_1_59' title='bbox 871 918 924 950; x_wconf 82' lang='grc' dir='ltr'>ὅτι</span> <span class='ocrx_word' id='word_1_60' title='bbox 950 914 1094 961; x_wconf 75' lang='grc' dir='ltr'>βαδίζει,</span> <span class='ocrx_word' id='word_1_61' title='bbox 1113 922 1171 951; x_wconf 80' lang='grc' dir='ltr'>καὶ</span> <span class='ocrx_word' id='word_1_62' title='bbox 1195 919 1277 957; x_wconf 82' lang='grc' dir='ltr'>ὅλως</span> <span class='ocrx_word' id='word_1_63' title='bbox 1294 916 1350 952; x_wconf 85' lang='grc' dir='ltr'>δυ-</span> 
     </span>
     <span class='ocr_line' id='line_1_12' title="bbox 352 959 1349 1009; baseline 0.001 -13"><span class='ocrx_word' id='word_1_64' title='bbox 352 964 456 996; x_wconf 79' lang='grc' dir='ltr'>νατὸν</span> <span class='ocrx_word' id='word_1_65' title='bbox 483 959 567 994; x_wconf 76' lang='grc' dir='ltr'>εἶναι</span> <span class='ocrx_word' id='word_1_66' title='bbox 594 962 646 995; x_wconf 81' lang='grc' dir='ltr'>ὅτι</span> <span class='ocrx_word' id='word_1_67' title='bbox 671 960 736 999; x_wconf 81' lang='grc' dir='ltr'>ἤδη</span> <span class='ocrx_word' id='word_1_68' title='bbox 764 963 836 994; x_wconf 80' lang='grc' dir='ltr'>’ἐστι</span> <span class='ocrx_word' id='word_1_69' title='bbox 865 964 944 995; x_wconf 81' lang='grc' dir='ltr'>κατ’</span> <span class='ocrx_word' id='word_1_70' title='bbox 974 963 1141 1009; x_wconf 74' lang='grc' dir='ltr'>ἐνέργειαν</span> <span class='ocrx_word' id='word_1_71' title='bbox 1170 964 1185 995; x_wconf 79' lang='grc' dir='ltr'>ὃ</span> <span class='ocrx_word' id='word_1_72' title='bbox 1209 964 1245 996; x_wconf 88' lang='grc' dir='ltr'>λε’</span> <span class='ocrx_word' id='word_1_73' title='bbox 1272 977 1349 997; x_wconf 87' lang='grc' dir='ltr'>εται</span> 
     </span>
     <span class='ocr_line' id='line_1_13' title="bbox 351 1002 1350 1053; baseline 0.001 -14"><span class='ocrx_word' id='word_1_74' title='bbox 351 1006 436 1040; x_wconf 79' lang='grc' dir='ltr'>εἶναι</span> <span class='ocrx_word' id='word_1_75' title='bbox 461 1003 621 1047; x_wconf 81' lang='grc' dir='ltr'>δυνατόν,</span> <span class='ocrx_word' id='word_1_76' title='bbox 649 1007 688 1039; x_wconf 81' lang='grc' dir='ltr'>τὸ</span> <span class='ocrx_word' id='word_1_77' title='bbox 713 1002 751 1038; x_wconf 78' lang='grc' dir='ltr'>δὲ</span> <span class='ocrx_word' id='word_1_78' title='bbox 777 1006 830 1039; x_wconf 78' lang='grc' dir='ltr'>ὅτι</span> <span class='ocrx_word' id='word_1_79' title='bbox 856 1007 1062 1053; x_wconf 76' lang='grc' dir='ltr'>ἐνεργήσειεν</span> <span class='ocrx_word' id='word_1_80' title='bbox 1091 1006 1143 1048; x_wconf 70' lang='grc' dir='ltr'>ἂν,</span> <span class='ocrx_word' id='word_1_81' title='bbox 1164 1010 1230 1040; x_wconf 84' lang='grc' dir='ltr'>οἷον</span> <span class='ocrx_word' id='word_1_82' title='bbox 1249 1012 1350 1042; x_wconf 86' lang='grc' dir='ltr'>ὸυνα-</span> 
     </span>
     <span class='ocr_line' id='line_1_14' title="bbox 352 1047 1052 1093; baseline 0.001 -10"><span class='ocrx_word' id='word_1_83' title='bbox 352 1053 411 1085; x_wconf 74' lang='grc' dir='ltr'>τὸν</span> <span class='ocrx_word' id='word_1_84' title='bbox 438 1048 522 1084; x_wconf 79' lang='grc' dir='ltr'>εἶναι</span> <span class='ocrx_word' id='word_1_85' title='bbox 549 1047 697 1093; x_wconf 80' lang='grc' dir='ltr'>βαδίζειν</span> <span class='ocrx_word' id='word_1_86' title='bbox 725 1051 778 1082; x_wconf 74' lang='grc' dir='ltr'>ὅτι</span> <span class='ocrx_word' id='word_1_87' title='bbox 804 1047 971 1090; x_wconf 79' lang='grc' dir='ltr'>βαδίσειεν</span> <span class='ocrx_word' id='word_1_88' title='bbox 999 1052 1052 1084; x_wconf 80' lang='grc' dir='ltr'>ἄν.</span> 
     </span>
    </p>
   </div>
   <div class='ocr_carea' id='block_1_9' title="bbox 283 1135 1351 1617">
    <p class='ocr_par' dir='ltr' id='par_1_9' title="bbox 284 1135 1349 1315">
     <span class='ocr_line' id='line_1_15' title="bbox 284 1135 1348 1182; baseline -0.004 -8"><span class='ocrx_word' id='word_1_89' title='bbox 284 1144 351 1174; x_wconf 86' lang='grc' dir='ltr'>Καὶ</span> <span class='ocrx_word' id='word_1_90' title='bbox 377 1140 465 1177; x_wconf 80' lang='grc' dir='ltr'>αὕτη</span> <span class='ocrx_word' id='word_1_91' title='bbox 491 1139 551 1181; x_wconf 81' lang='grc' dir='ltr'>μὲν</span> <span class='ocrx_word' id='word_1_92' title='bbox 577 1140 632 1170; x_wconf 78' lang='grc' dir='ltr'>ἐπὶ</span> <span class='ocrx_word' id='word_1_93' title='bbox 658 1142 728 1176; x_wconf 83' lang='grc' dir='ltr'>τοῖς</span> <span class='ocrx_word' id='word_1_94' title='bbox 753 1143 899 1176; x_wconf 85' lang='grc' dir='ltr'>κινητοῖς</span> <span class='ocrx_word' id='word_1_95' title='bbox 927 1139 999 1170; x_wconf 80' lang='grc' dir='ltr'>ἐστὶ</span> <span class='ocrx_word' id='word_1_96' title='bbox 1026 1138 1138 1182; x_wconf 81' lang='grc' dir='ltr'>μόνοις</span> <span class='ocrx_word' id='word_1_97' title='bbox 1156 1140 1176 1175; x_wconf 80' lang='grc' dir='ltr'>ή</span> <span class='ocrx_word' id='word_1_98' title='bbox 1194 1135 1348 1182; x_wconf 66' lang='grc' dir='ltr'>δύναμις,</span> 
     </span>
     <span class='ocr_line' id='line_1_16' title="bbox 351 1179 1348 1226; baseline -0.002 -9"><span class='ocrx_word' id='word_1_99' title='bbox 351 1186 459 1221; x_wconf 82' lang='grc' dir='ltr'>ἐκείνη</span> <span class='ocrx_word' id='word_1_100' title='bbox 484 1182 522 1216; x_wconf 77' lang='grc' dir='ltr'>δὲ</span> <span class='ocrx_word' id='word_1_101' title='bbox 545 1185 603 1214; x_wconf 82' lang='grc' dir='ltr'>καὶ</span> <span class='ocrx_word' id='word_1_102' title='bbox 629 1183 685 1214; x_wconf 79' lang='grc' dir='ltr'>ἐπὶ</span> <span class='ocrx_word' id='word_1_103' title='bbox 710 1186 779 1219; x_wconf 84' lang='grc' dir='ltr'>τοῖς</span> <span class='ocrx_word' id='word_1_104' title='bbox 811 1182 997 1220; x_wconf 74' lang='grc' dir='ltr'>ἀκινήτοις.</span> <span class='ocrx_word' id='word_1_105' title='bbox 1025 1184 1141 1226; x_wconf 65' lang='grc' dir='ltr'>’Ἄμφω</span> <span class='ocrx_word' id='word_1_106' title='bbox 1166 1179 1204 1215; x_wconf 78' lang='grc' dir='ltr'>δὲ</span> <span class='ocrx_word' id='word_1_107' title='bbox 1230 1184 1348 1222; x_wconf 78' lang='grc' dir='ltr'>ἀληθὲς</span> 
     </span>
     <span class='ocr_line' id='line_1_17' title="bbox 351 1222 1349 1271; baseline -0.003 -10"><span class='ocrx_word' id='word_1_108' title='bbox 351 1231 456 1261; x_wconf 81' lang='grc' dir='ltr'>εἰπεῖν</span> <span class='ocrx_word' id='word_1_109' title='bbox 483 1227 523 1260; x_wconf 76' lang='grc' dir='ltr'>τὸ</span> <span class='ocrx_word' id='word_1_110' title='bbox 548 1227 595 1271; x_wconf 72' lang='grc' dir='ltr'>μή</span> <span class='ocrx_word' id='word_1_111' title='bbox 623 1222 794 1259; x_wconf 77' lang='grc' dir='ltr'>ἀδύνατον</span> <span class='ocrx_word' id='word_1_112' title='bbox 819 1224 905 1258; x_wconf 78' lang='grc' dir='ltr'>εἶναι</span> <span class='ocrx_word' id='word_1_113' title='bbox 938 1223 1086 1269; x_wconf 80' lang='grc' dir='ltr'>βαδίζειν</span> <span class='ocrx_word' id='word_1_114' title='bbox 1114 1226 1134 1262; x_wconf 76' lang='grc' dir='ltr'>ἦ</span> <span class='ocrx_word' id='word_1_115' title='bbox 1160 1224 1265 1268; x_wconf 76' lang='grc' dir='ltr'>εἶναι,</span> <span class='ocrx_word' id='word_1_116' title='bbox 1291 1231 1349 1260; x_wconf 79' lang='grc' dir='ltr'>καὶ</span> 
     </span>
     <span class='ocr_line' id='line_1_18' title="bbox 352 1266 1303 1315; baseline -0.001 -10"><span class='ocrx_word' id='word_1_117' title='bbox 352 1273 393 1306; x_wconf 73' lang='grc' dir='ltr'>τὸ</span> <span class='ocrx_word' id='word_1_118' title='bbox 419 1268 557 1315; x_wconf 79' lang='grc' dir='ltr'>βαδίζον</span> <span class='ocrx_word' id='word_1_119' title='bbox 583 1266 648 1307; x_wconf 83' lang='grc' dir='ltr'>ἥδη</span> <span class='ocrx_word' id='word_1_120' title='bbox 674 1273 732 1302; x_wconf 83' lang='grc' dir='ltr'>καὶ</span> <span class='ocrx_word' id='word_1_121' title='bbox 758 1272 909 1315; x_wconf 78' lang='grc' dir='ltr'>ἐνεργοῦν</span> <span class='ocrx_word' id='word_1_122' title='bbox 934 1274 992 1302; x_wconf 84' lang='grc' dir='ltr'>καὶ</span> <span class='ocrx_word' id='word_1_123' title='bbox 1018 1271 1058 1303; x_wconf 80' lang='grc' dir='ltr'>τὸ</span> <span class='ocrx_word' id='word_1_124' title='bbox 1091 1266 1303 1310; x_wconf 79' lang='grc' dir='ltr'>βαδιστικόν.</span> 
     </span>
    </p>

    <p class='ocr_par' dir='ltr' id='par_1_10' title="bbox 284 1310 1351 1403">
     <span class='ocr_line' id='line_1_19' title="bbox 284 1310 1351 1362; baseline -0.002 -12"><span class='ocrx_word' id='word_1_125' title='bbox 284 1320 331 1351; x_wconf 75' lang='grc' dir='ltr'>Τὸ</span> <span class='ocrx_word' id='word_1_126' title='bbox 355 1318 414 1362; x_wconf 80' lang='grc' dir='ltr'>μὲν</span> <span class='ocrx_word' id='word_1_127' title='bbox 441 1316 497 1349; x_wconf 83' lang='grc' dir='ltr'>οὖν</span> <span class='ocrx_word' id='word_1_128' title='bbox 523 1314 613 1347; x_wconf 84' lang='grc' dir='ltr'>οὕτω</span> <span class='ocrx_word' id='word_1_129' title='bbox 638 1310 784 1347; x_wconf 74' lang='grc' dir='ltr'>δυνατὸν</span> <span class='ocrx_word' id='word_1_130' title='bbox 811 1316 871 1347; x_wconf 80' lang='grc' dir='ltr'>οὐκ</span> <span class='ocrx_word' id='word_1_131' title='bbox 899 1314 1016 1352; x_wconf 75' lang='grc' dir='ltr'>ἀληθὲς</span> <span class='ocrx_word' id='word_1_132' title='bbox 1041 1315 1136 1348; x_wconf 74' lang='grc' dir='ltr'>κατα</span> <span class='ocrx_word' id='word_1_133' title='bbox 1161 1318 1223 1347; x_wconf 83' lang='grc' dir='ltr'>τοῦ</span> <span class='ocrx_word' id='word_1_134' title='bbox 1246 1318 1351 1362; x_wconf 81' lang='grc' dir='ltr'>ἀναγ-</span> 
     </span>
     <span class='ocr_line' id='line_1_20' title="bbox 351 1355 1349 1403; baseline -0.002 -9"><span class='ocrx_word' id='word_1_135' title='bbox 351 1364 449 1403; x_wconf 67' lang='grc' dir='ltr'>κᾳίρυ</span> <span class='ocrx_word' id='word_1_136' title='bbox 476 1360 589 1396; x_wconf 72' lang='grc' dir='ltr'>ἁπλῶς</span> <span class='ocrx_word' id='word_1_137' title='bbox 616 1360 734 1400; x_wconf 80' lang='grc' dir='ltr'>εἰπεῖν,</span> <span class='ocrx_word' id='word_1_138' title='bbox 761 1359 902 1403; x_wconf 74' lang='grc' dir='ltr'>θάτερον</span> <span class='ocrx_word' id='word_1_139' title='bbox 927 1355 964 1390; x_wconf 78' lang='grc' dir='ltr'>δὲ</span> <span class='ocrx_word' id='word_1_140' title='bbox 991 1359 1123 1398; x_wconf 84' lang='grc' dir='ltr'>ἀληθές.</span> <span class='ocrx_word' id='word_1_141' title='bbox 1147 1359 1250 1392; x_wconf 75' lang='grc' dir='ltr'>’Ὠστε</span> <span class='ocrx_word' id='word_1_142' title='bbox 1277 1362 1349 1393; x_wconf 75' lang='grc' dir='ltr'>ἐπεὶ</span> 
     </span>
    </p>

    <p class='ocr_par' dir='ltr' id='par_1_11' title="bbox 283 1402 1349 1493">
     <span class='ocr_line' id='line_1_21' title="bbox 283 1402 1349 1451; baseline -0.001 -14"><span class='ocrx_word' id='word_1_143' title='bbox 283 1403 400 1447; x_wconf 37' lang='lat' dir='ltr'>&#39;‘Tb-‹2⁴›</span> <span class='ocrx_word' id='word_1_144' title='bbox 426 1406 459 1438; x_wconf 81' lang='grc' dir='ltr'>ἐν</span> <span class='ocrx_word' id='word_1_145' title='bbox 485 1405 574 1450; x_wconf 80' lang='grc' dir='ltr'>μέρει</span> <span class='ocrx_word' id='word_1_146' title='bbox 601 1404 641 1436; x_wconf 81' lang='grc' dir='ltr'>τὸ</span> <span class='ocrx_word' id='word_1_147' title='bbox 666 1402 811 1435; x_wconf 69' lang='grc' dir='ltr'>καθόλου</span> <span class='ocrx_word' id='word_1_148' title='bbox 832 1403 968 1445; x_wconf 76' lang='grc' dir='ltr'>ἕπεται,</span> <span class='ocrx_word' id='word_1_149' title='bbox 989 1406 1036 1446; x_wconf 81' lang='grc' dir='ltr'>τῷ</span> <span class='ocrx_word' id='word_1_150' title='bbox 1055 1403 1088 1445; x_wconf 75' lang='grc' dir='ltr'>ἐξ</span> <span class='ocrx_word' id='word_1_151' title='bbox 1110 1405 1257 1451; x_wconf 64' lang='grc' dir='ltr'>ἀνάγκης</span> <span class='ocrx_word' id='word_1_152' title='bbox 1278 1406 1349 1438; x_wconf 85' lang='grc' dir='ltr'>ὄντι</span> 
     </span>
     <span class='ocr_line' id='line_1_22' title="bbox 353 1443 1168 1493; baseline -0.005 -10"><span class='ocrx_word' id='word_1_153' title='bbox 353 1450 477 1483; x_wconf 78' lang='grc' dir='ltr'>ἕπεται</span> <span class='ocrx_word' id='word_1_154' title='bbox 502 1450 543 1482; x_wconf 80' lang='grc' dir='ltr'>τὸ</span> <span class='ocrx_word' id='word_1_155' title='bbox 567 1443 731 1480; x_wconf 79' lang='grc' dir='ltr'>δύνασθαι</span> <span class='ocrx_word' id='word_1_156' title='bbox 757 1445 855 1489; x_wconf 78' lang='grc' dir='ltr'>εἶναι,</span> <span class='ocrx_word' id='word_1_157' title='bbox 885 1449 921 1480; x_wconf 84' lang='grc' dir='ltr'>οὐ</span> <span class='ocrx_word' id='word_1_158' title='bbox 947 1448 1063 1493; x_wconf 81' lang='grc' dir='ltr'>μέντοι</span> <span class='ocrx_word' id='word_1_159' title='bbox 1089 1450 1168 1481; x_wconf 74' lang='grc' dir='ltr'>πᾶν.</span> 
     </span>
    </p>

    <p class='ocr_par' dir='ltr' id='par_1_12' title="bbox 284 1489 1349 1617">
     <span class='ocr_line' id='line_1_23' title="bbox 284 1489 1347 1539; baseline -0.001 -13"><span class='ocrx_word' id='word_1_160' title='bbox 284 1497 351 1527; x_wconf 74' lang='grc' dir='ltr'>Καὶ</span> <span class='ocrx_word' id='word_1_161' title='bbox 376 1495 449 1527; x_wconf 79' lang='grc' dir='ltr'>ἔστι</span> <span class='ocrx_word' id='word_1_162' title='bbox 473 1489 516 1531; x_wconf 72' lang='grc' dir='ltr'>δή</span> <span class='ocrx_word' id='word_1_163' title='bbox 544 1495 582 1537; x_wconf 86' lang='grc' dir='ltr'>ἀρ</span> <span class='ocrx_word' id='word_1_164' title='bbox 611 1493 631 1529; x_wconf 80' lang='grc' dir='ltr'>ἡ</span> <span class='ocrx_word' id='word_1_165' title='bbox 655 1494 732 1530; x_wconf 77' lang='grc' dir='ltr'>ἴσως</span> <span class='ocrx_word' id='word_1_166' title='bbox 751 1493 792 1524; x_wconf 79' lang='grc' dir='ltr'>τὸ</span> <span class='ocrx_word' id='word_1_167' title='bbox 811 1493 997 1539; x_wconf 77' lang='grc' dir='ltr'>ἀναγκαῖον</span> <span class='ocrx_word' id='word_1_168' title='bbox 1015 1496 1071 1524; x_wconf 81' lang='grc' dir='ltr'>καὶ</span> <span class='ocrx_word' id='word_1_169' title='bbox 1092 1493 1138 1538; x_wconf 71' lang='grc' dir='ltr'>μή</span> <span class='ocrx_word' id='word_1_170' title='bbox 1162 1492 1347 1539; x_wconf 69' lang='grc' dir='ltr'>ἀναγκαῖον</span> 
     </span>
     <span class='ocr_line' id='line_1_24' title="bbox 352 1534 1349 1580; baseline -0.003 -9"><span class='ocrx_word' id='word_1_171' title='bbox 352 1538 490 1572; x_wconf 74' lang='grc' dir='ltr'>πάντων</span> <span class='ocrx_word' id='word_1_172' title='bbox 517 1537 538 1575; x_wconf 74' lang='grc' dir='ltr'>ἦ</span> <span class='ocrx_word' id='word_1_173' title='bbox 564 1549 649 1570; x_wconf 88' lang='grc' dir='ltr'>ειναι</span> <span class='ocrx_word' id='word_1_174' title='bbox 676 1536 697 1574; x_wconf 73' lang='grc' dir='ltr'>ἦ</span> <span class='ocrx_word' id='word_1_175' title='bbox 725 1537 770 1580; x_wconf 75' lang='grc' dir='ltr'>μή</span> <span class='ocrx_word' id='word_1_176' title='bbox 797 1534 899 1578; x_wconf 77' lang='grc' dir='ltr'>εἶναι,</span> <span class='ocrx_word' id='word_1_177' title='bbox 926 1539 984 1569; x_wconf 83' lang='grc' dir='ltr'>καὶ</span> <span class='ocrx_word' id='word_1_178' title='bbox 1012 1538 1124 1570; x_wconf 78' lang='grc' dir='ltr'>τᾶλλα</span> <span class='ocrx_word' id='word_1_179' title='bbox 1147 1539 1188 1576; x_wconf 79' lang='grc' dir='ltr'>ὠς</span> <span class='ocrx_word' id='word_1_180' title='bbox 1212 1538 1349 1575; x_wconf 80' lang='grc' dir='ltr'>τούτοις</span> 
     </span>
     <span class='ocr_line' id='line_1_25' title="bbox 353 1577 915 1617; baseline -0.007 0"><span class='ocrx_word' id='word_1_181' title='bbox 353 1582 607 1617; x_wconf 76' lang='grc' dir='ltr'>ἀκολουθοῦντα</span> <span class='ocrx_word' id='word_1_182' title='bbox 633 1581 826 1614; x_wconf 77' lang='grc' dir='ltr'>ἐπισκοπεῖν</span> <span class='ocrx_word' id='word_1_183' title='bbox 851 1577 915 1613; x_wconf 78' lang='grc' dir='ltr'>δεῖ.</span> 
     </span>
    </p>
   </div>
   <div class='ocr_carea' id='block_1_10' title="bbox 281 1667 1347 1807">
    <p class='ocr_par' dir='ltr' id='par_1_13' title="bbox 281 1667 1347 1807">
     <span class='ocr_line' id='line_1_26' title="bbox 281 1667 1347 1716; baseline -0.002 -12"><span class='ocrx_word' id='word_1_184' title='bbox 281 1672 432 1716; x_wconf 81' lang='grc' dir='ltr'>Φανερόν</span> <span class='ocrx_word' id='word_1_185' title='bbox 457 1667 500 1708; x_wconf 76' lang='grc' dir='ltr'>δή</span> <span class='ocrx_word' id='word_1_186' title='bbox 527 1670 563 1704; x_wconf 79' lang='grc' dir='ltr'>ἐκ.</span> <span class='ocrx_word' id='word_1_187' title='bbox 595 1672 661 1704; x_wconf 82' lang='grc' dir='ltr'>τῶν</span> <span class='ocrx_word' id='word_1_188' title='bbox 697 1669 896 1714; x_wconf 79' lang='grc' dir='ltr'>εἰρημένων,</span> <span class='ocrx_word' id='word_1_189' title='bbox 925 1668 978 1702; x_wconf 79' lang='grc' dir='ltr'>ὅτι</span> <span class='ocrx_word' id='word_1_190' title='bbox 1003 1670 1044 1702; x_wconf 72' lang='grc' dir='ltr'>τὸ</span> <span class='ocrx_word' id='word_1_191' title='bbox 1069 1668 1104 1710; x_wconf 77' lang='grc' dir='ltr'>ἐξ</span> <span class='ocrx_word' id='word_1_192' title='bbox 1139 1668 1286 1715; x_wconf 79' lang='grc' dir='ltr'>ἀνάγκης</span> <span class='ocrx_word' id='word_1_193' title='bbox 1314 1670 1347 1702; x_wconf 77' lang='grc' dir='ltr'>ὂν</span> 
     </span>
     <span class='ocr_line' id='line_1_27' title="bbox 352 1711 1347 1762; baseline -0.002 -14"><span class='ocrx_word' id='word_1_194' title='bbox 352 1717 432 1748; x_wconf 83' lang='grc' dir='ltr'>κατ’</span> <span class='ocrx_word' id='word_1_195' title='bbox 462 1715 629 1762; x_wconf 73' lang='grc' dir='ltr'>ἐνέργειαν</span> <span class='ocrx_word' id='word_1_196' title='bbox 648 1715 755 1755; x_wconf 83' lang='grc' dir='ltr'>ἐστιν,</span> <span class='ocrx_word' id='word_1_197' title='bbox 773 1713 861 1746; x_wconf 77' lang='grc' dir='ltr'>ὥστε</span> <span class='ocrx_word' id='word_1_198' title='bbox 879 1715 905 1745; x_wconf 84' lang='grc' dir='ltr'>εἰ</span> <span class='ocrx_word' id='word_1_199' title='bbox 924 1713 1073 1758; x_wconf 84' lang='grc' dir='ltr'>πρότερα</span> <span class='ocrx_word' id='word_1_200' title='bbox 1095 1715 1142 1746; x_wconf 78' lang='grc' dir='ltr'>ταὶ</span> <span class='ocrx_word' id='word_1_201' title='bbox 1162 1711 1268 1755; x_wconf 71' lang='grc' dir='ltr'>ἀίδια,</span> <span class='ocrx_word' id='word_1_202' title='bbox 1290 1718 1347 1747; x_wconf 80' lang='grc' dir='ltr'>καὶ</span> 
     </span>
     <span class='ocr_line' id='line_1_28' title="bbox 354 1755 936 1807; baseline -0.009 -14"><span class='ocrx_word' id='word_1_203' title='bbox 354 1762 375 1798; x_wconf 79' lang='grc' dir='ltr'>ἡ</span> <span class='ocrx_word' id='word_1_204' title='bbox 401 1761 552 1807; x_wconf 80' lang='grc' dir='ltr'>ἐνέργεια</span> <span class='ocrx_word' id='word_1_205' title='bbox 576 1755 747 1801; x_wconf 76' lang='grc' dir='ltr'>δυνάμεως</span> <span class='ocrx_word' id='word_1_206' title='bbox 774 1757 936 1802; x_wconf 82' lang='grc' dir='ltr'>προτέρα.</span> 
     </span>
    </p>
   </div>
   <div class='ocr_carea' id='block_1_11' title="bbox 286 1842 1352 2028">
    <p class='ocr_par' dir='ltr' id='par_1_14' title="bbox 286 1842 1352 2028">
     <span class='ocr_line' id='line_1_29' title="bbox 286 1842 1351 1899; baseline -0.004 -18"><span class='ocrx_word' id='word_1_207' title='bbox 286 1851 353 1881; x_wconf 79' lang='grc' dir='ltr'>Καὶ</span> <span class='ocrx_word' id='word_1_208' title='bbox 378 1849 426 1881; x_wconf 79' lang='grc' dir='ltr'>τοὶ</span> <span class='ocrx_word' id='word_1_209' title='bbox 448 1849 507 1893; x_wconf 81' lang='grc' dir='ltr'>μὲν</span> <span class='ocrx_word' id='word_1_210' title='bbox 534 1848 610 1880; x_wconf 79' lang='grc' dir='ltr'>ἄνευ</span> <span class='ocrx_word' id='word_1_211' title='bbox 636 1842 806 1891; x_wconf 75' lang='grc' dir='ltr'>δυνάμεως</span> <span class='ocrx_word' id='word_1_212' title='bbox 825 1845 986 1891; x_wconf 81' lang='grc' dir='ltr'>ἑνέργειαί</span> <span class='ocrx_word' id='word_1_213' title='bbox 1009 1846 1102 1886; x_wconf 82' lang='grc' dir='ltr'>εἰσιν,</span> <span class='ocrx_word' id='word_1_214' title='bbox 1123 1847 1190 1878; x_wconf 82' lang='grc' dir='ltr'>οἷον</span> <span class='ocrx_word' id='word_1_215' title='bbox 1211 1849 1244 1879; x_wconf 91' lang='grc' dir='ltr'>αἱ</span> <span class='ocrx_word' id='word_1_216' title='bbox 1265 1847 1351 1899; x_wconf 61' lang='grc' dir='ltr'>πρῶ-</span> 
     </span>
     <span class='ocr_line' id='line_1_30' title="bbox 355 1885 1349 1935; baseline -0.007 -10"><span class='ocrx_word' id='word_1_217' title='bbox 355 1905 415 1925; x_wconf 82' lang='grc' dir='ltr'>ται</span> <span class='ocrx_word' id='word_1_218' title='bbox 440 1891 565 1933; x_wconf 77' lang='grc' dir='ltr'>οὐσίαι,</span> <span class='ocrx_word' id='word_1_219' title='bbox 593 1892 640 1924; x_wconf 81' lang='grc' dir='ltr'>τοὶ</span> <span class='ocrx_word' id='word_1_220' title='bbox 663 1886 701 1922; x_wconf 86' lang='grc' dir='ltr'>δὲ</span> <span class='ocrx_word' id='word_1_221' title='bbox 726 1891 816 1934; x_wconf 70' lang='grc' dir='ltr'>μετὰ</span> <span class='ocrx_word' id='word_1_222' title='bbox 839 1885 1024 1934; x_wconf 74' lang='grc' dir='ltr'>δυνάμεως,</span> <span class='ocrx_word' id='word_1_223' title='bbox 1054 1891 1075 1923; x_wconf 77' lang='grc' dir='ltr'><em>ἃ</em></span> <span class='ocrx_word' id='word_1_224' title='bbox 1099 1891 1145 1933; x_wconf 79' lang='grc' dir='ltr'>τῇ</span> <span class='ocrx_word' id='word_1_225' title='bbox 1171 1891 1229 1935; x_wconf 78' lang='grc' dir='ltr'>μὲν</span> <span class='ocrx_word' id='word_1_226' title='bbox 1255 1902 1349 1934; x_wconf 58' lang='lat' dir='ltr'>&lt;poca</span> 
     </span>
     <span class='ocr_line' id='line_1_31' title="bbox 354 1931 1352 1981; baseline -0.002 -12"><span class='ocrx_word' id='word_1_227' title='bbox 354 1938 515 1981; x_wconf 80' lang='grc' dir='ltr'>πρότερα,</span> <span class='ocrx_word' id='word_1_228' title='bbox 543 1937 590 1977; x_wconf 77' lang='grc' dir='ltr'>τῷ</span> <span class='ocrx_word' id='word_1_229' title='bbox 615 1931 653 1967; x_wconf 83' lang='grc' dir='ltr'>δὲ</span> <span class='ocrx_word' id='word_1_230' title='bbox 676 1934 782 1980; x_wconf 82' lang='grc' dir='ltr'>χρόνῳ</span> <span class='ocrx_word' id='word_1_231' title='bbox 802 1934 940 1979; x_wconf 78' lang='grc' dir='ltr'>ὕστερα,</span> <span class='ocrx_word' id='word_1_232' title='bbox 960 1935 1005 1967; x_wconf 78' lang='grc' dir='ltr'>τοὶ</span> <span class='ocrx_word' id='word_1_233' title='bbox 1023 1931 1060 1967; x_wconf 80' lang='grc' dir='ltr'>δὲ</span> <span class='ocrx_word' id='word_1_234' title='bbox 1079 1931 1245 1968; x_wconf 77' lang='grc' dir='ltr'>οὐδέποτε</span> <span class='ocrx_word' id='word_1_235' title='bbox 1264 1934 1352 1979; x_wconf 82' lang='grc' dir='ltr'>ἐνέρ-</span> 
     </span>
     <span class='ocr_line' id='line_1_32' title="bbox 353 1976 1000 2028; baseline -0.003 -15"><span class='ocrx_word' id='word_1_236' title='bbox 353 1984 443 2028; x_wconf 81' lang='grc' dir='ltr'>γειαί</span> <span class='ocrx_word' id='word_1_237' title='bbox 467 1982 561 2021; x_wconf 83' lang='grc' dir='ltr'>εἰσιν,</span> <span class='ocrx_word' id='word_1_238' title='bbox 591 1980 680 2012; x_wconf 70' lang='grc' dir='ltr'>ἀλλὰ</span> <span class='ocrx_word' id='word_1_239' title='bbox 703 1976 860 2022; x_wconf 72' lang='grc' dir='ltr'>δυνάμεις</span> <span class='ocrx_word' id='word_1_240' title='bbox 886 1979 1000 2021; x_wconf 85' lang='grc' dir='ltr'>μόνον.</span> 
     </span>
    </p>
   </div>
   <div class='ocr_carea' id='block_1_12' title="bbox 327 2073 412 2283">
    <p class='ocr_par' dir='ltr' id='par_1_15' title="bbox 327 2073 412 2283">
     <span class='ocr_line' id='line_1_33' title="bbox 334 2073 396 2143; baseline 0 0"><span class='ocrx_word' id='word_1_241' title='bbox 334 2073 396 2143; x_wconf 95' lang='lat' dir='ltr'>   </span> 
     </span>
     <span class='ocr_line' id='line_1_34' title="bbox 327 2143 366 2222; baseline 0 0"><span class='ocrx_word' id='word_1_242' title='bbox 327 2143 366 2222; x_wconf 95' lang='lat' dir='ltr'>   </span> 
     </span>
     <span class='ocr_line' id='line_1_35' title="bbox 327 2222 412 2283; baseline 0 0"><span class='ocrx_word' id='word_1_243' title='bbox 327 2222 412 2283; x_wconf 95' lang='lat' dir='ltr'>   </span> 
     </span>
    </p>
   </div>
   <div class='ocr_carea' id='block_1_13' title="bbox 442 2078 527 2119">
    <p class='ocr_par' dir='ltr' id='par_1_16' title="bbox 442 2078 527 2119">
     <span class='ocr_line' id='line_1_36' title="bbox 442 2078 527 2119; baseline 0 -18"><span class='ocrx_word' id='word_1_244' title='bbox 442 2078 443 2119; x_wconf 95' lang='lat' dir='ltr'> </span> <span class='ocrx_word' id='word_1_245' title='bbox 516 2078 527 2101; x_wconf 95' lang='lat' dir='ltr'> </span> 
     </span>
    </p>
   </div>
   <div class='ocr_carea' id='block_1_14' title="bbox 311 2075 1350 2271">
    <p class='ocr_par' dir='ltr' id='par_1_17' title="bbox 311 2075 1350 2271">
     <span class='ocr_line' id='line_1_37' title="bbox 311 2075 1350 2127; baseline -0.004 -15"><span class='ocrx_word' id='word_1_246' title='bbox 311 2104 319 2112; x_wconf 90' lang='grc'><em>.</em></span> <span class='ocrx_word' id='word_1_247' title='bbox 355 2094 414 2127; x_wconf 42' lang='lat' dir='ltr'>A&amp;</span> <span class='ocrx_word' id='word_1_248' title='bbox 443 2094 516 2126; x_wconf 38' lang='grc' dir='ltr'>ἐμῆ-,ἱ</span> <span class='ocrx_word' id='word_1_249' title='bbox 536 2076 663 2109; x_wconf 89' lang='lat' dir='ltr'>ntendit</span> <span class='ocrx_word' id='word_1_250' title='bbox 678 2076 838 2109; x_wconf 90' lang='lat' dir='ltr'>declarare</span> <span class='ocrx_word' id='word_1_251' title='bbox 859 2075 1030 2120; x_wconf 90' lang='lat' dir='ltr'>quomodo</span> <span class='ocrx_word' id='word_1_252' title='bbox 1047 2075 1120 2109; x_wconf 88' lang='lat' dir='ltr'>illae</span> <span class='ocrx_word' id='word_1_253' title='bbox 1143 2088 1225 2120; x_wconf 90' lang='lat' dir='ltr'>quae</span> <span class='ocrx_word' id='word_1_254' title='bbox 1242 2076 1350 2119; x_wconf 86' lang='lat' dir='ltr'>aequi-</span> 
     </span>
     <span class='ocr_line' id='line_1_38' title="bbox 344 2092 1350 2271; baseline -0.001 -114"><span class='ocrx_word' id='word_1_255' title='bbox 344 2092 515 2271; x_wconf 55' lang='lat' dir='ltr'>k&#39;ifrilfsjjo‘}</span> <span class='ocrx_word' id='word_1_256' title='bbox 536 2136 637 2158; x_wconf 86' lang='lat' dir='ltr'>vocae</span> <span class='ocrx_word' id='word_1_257' title='bbox 649 2124 800 2158; x_wconf 90' lang='lat' dir='ltr'>dicuntur</span> <span class='ocrx_word' id='word_1_258' title='bbox 811 2125 987 2168; x_wconf 87' lang='lat' dir='ltr'>potentiae,</span> <span class='ocrx_word' id='word_1_259' title='bbox 999 2136 1033 2157; x_wconf 90' lang='lat' dir='ltr'>se</span> <span class='ocrx_word' id='word_1_260' title='bbox 1044 2124 1184 2158; x_wconf 87' lang='lat' dir='ltr'>habeant</span> <span class='ocrx_word' id='word_1_261' title='bbox 1195 2124 1233 2158; x_wconf 89' lang='lat' dir='ltr'>ad</span> <span class='ocrx_word' id='word_1_262' title='bbox 1247 2136 1350 2168; x_wconf 89' lang='lat' dir='ltr'>oppo-</span> 
     </span>
    </p>
   </div>
   <div class='ocr_carea' id='block_1_15' title="bbox 442 2259 448 2283">
    <p class='ocr_par' dir='ltr' id='par_1_18' title="bbox 442 2259 448 2283">
     <span class='ocr_line' id='line_1_39' title="bbox 442 2259 448 2283; baseline 0 1921"><span class='ocrx_word' id='word_1_263' title='bbox 442 2259 448 2283; x_wconf 95' lang='lat' dir='ltr'> </span> 
     </span>
    </p>
   </div>
   <div class='ocr_carea' id='block_1_16' title="bbox 288 2160 1352 3475">
    <p class='ocr_par' dir='ltr' id='par_1_19' title="bbox 443 2160 1350 2270">
     <span class='ocr_line' id='line_1_40' title="bbox 443 2160 1350 2228; baseline -0.002 -22"><span class='ocrx_word' id='word_1_264' title='bbox 443 2160 522 2228; x_wconf 52' lang='grc' dir='ltr'>ὶξξ</span> <span class='ocrx_word' id='word_1_265' title='bbox 537 2174 608 2206; x_wconf 88' lang='lat' dir='ltr'>sita.</span> <span class='ocrx_word' id='word_1_266' title='bbox 632 2173 673 2206; x_wconf 91' lang='lat' dir='ltr'>Et</span> <span class='ocrx_word' id='word_1_267' title='bbox 690 2174 773 2206; x_wconf 88' lang='lat' dir='ltr'>circa</span> <span class='ocrx_word' id='word_1_268' title='bbox 789 2173 853 2205; x_wconf 91' lang='lat' dir='ltr'>hoc</span> <span class='ocrx_word' id='word_1_269' title='bbox 870 2172 936 2205; x_wconf 92' lang='lat' dir='ltr'>duo</span> <span class='ocrx_word' id='word_1_270' title='bbox 956 2172 1046 2205; x_wconf 88' lang='lat' dir='ltr'>facit:</span> <span class='ocrx_word' id='word_1_271' title='bbox 1071 2174 1189 2216; x_wconf 90' lang='lat' dir='ltr'>primo,</span> <span class='ocrx_word' id='word_1_272' title='bbox 1211 2172 1350 2206; x_wconf 86' lang='lat' dir='ltr'>declarat</span> 
     </span>
     <span class='ocr_line' id='line_1_41' title="bbox 448 2220 1349 2270; baseline 0 -16"><span class='ocrx_word' id='word_1_273' title='bbox 448 2220 512 2270; x_wconf 47' lang='lat' dir='ltr'>Q}</span> <span class='ocrx_word' id='word_1_274' title='bbox 538 2230 687 2254; x_wconf 88' lang='lat' dir='ltr'>naturam</span> <span class='ocrx_word' id='word_1_275' title='bbox 703 2221 774 2254; x_wconf 91' lang='lat' dir='ltr'>talis</span> <span class='ocrx_word' id='word_1_276' title='bbox 790 2222 969 2265; x_wconf 87' lang='lat' dir='ltr'>potentiae;</span> <span class='ocrx_word' id='word_1_277' title='bbox 985 2221 1141 2262; x_wconf 90' lang='lat' dir='ltr'>secundo,</span> <span class='ocrx_word' id='word_1_278' title='bbox 1150 2222 1244 2265; x_wconf 91' lang='lat' dir='ltr'>ponit</span> <span class='ocrx_word' id='word_1_279' title='bbox 1260 2221 1349 2254; x_wconf 88' lang='lat' dir='ltr'>diffe-</span> 
     </span>
    </p>

    <p class='ocr_par' dir='ltr' id='par_1_20' title="bbox 288 2270 1352 3475">
     <span class='ocr_line' id='line_1_42' title="bbox 473 2270 1351 2314; baseline -0.001 -11"><span class='ocrx_word' id='word_1_280' title='bbox 473 2276 475 2278; x_wconf 80' lang='grc'><strong>“</strong></span> <span class='ocrx_word' id='word_1_281' title='bbox 538 2271 675 2303; x_wconf 89' lang='lat' dir='ltr'>rentiam</span> <span class='ocrx_word' id='word_1_282' title='bbox 686 2279 717 2303; x_wconf 91' lang='lat' dir='ltr'>et</span> <span class='ocrx_word' id='word_1_283' title='bbox 729 2270 990 2302; x_wconf 85' lang='lat' dir='ltr'>convenientiam</span> <span class='ocrx_word' id='word_1_284' title='bbox 1002 2270 1085 2303; x_wconf 91' lang='lat' dir='ltr'>inter</span> <span class='ocrx_word' id='word_1_285' title='bbox 1098 2271 1183 2314; x_wconf 90' lang='lat' dir='ltr'>ipsas</span> <span class='ocrx_word' id='word_1_286' title='bbox 1195 2278 1226 2303; x_wconf 92' lang='lat' dir='ltr'>et</span> <span class='ocrx_word' id='word_1_287' title='bbox 1241 2281 1351 2313; x_wconf 90' lang='lat' dir='ltr'>supra-</span> 
     </span>
     <span class='ocr_line' id='line_1_43' title="bbox 290 2317 1350 2362; baseline 0 -11"><span class='ocrx_word' id='word_1_288' title='bbox 290 2318 401 2358; x_wconf 88' lang='lat' dir='ltr'>dictas,</span> <span class='ocrx_word' id='word_1_289' title='bbox 414 2317 476 2351; x_wconf 87' lang='lat' dir='ltr'>ibi:</span> <span class='ocrx_word' id='word_1_290' title='bbox 492 2318 533 2351; x_wconf 81' lang='lat' dir='ltr'>Et</span> <span class='ocrx_word' id='word_1_291' title='bbox 544 2318 613 2352; x_wconf 82' lang='lat' dir='ltr'>haec</span> <span class='ocrx_word' id='word_1_292' title='bbox 624 2318 765 2362; x_wconf 81' lang='lat' dir='ltr'>quidem*</span> <span class='ocrx_word' id='word_1_293' title='bbox 782 2327 842 2350; x_wconf 88' lang='lat' dir='ltr'>etc.</span> <span class='ocrx_word' id='word_1_294' title='bbox 856 2318 908 2351; x_wconf 94' lang='lat' dir='ltr'>Ad</span> <span class='ocrx_word' id='word_1_295' title='bbox 921 2317 1118 2351; x_wconf 86' lang='lat' dir='ltr'>evidentiam</span> <span class='ocrx_word' id='word_1_296' title='bbox 1132 2319 1228 2362; x_wconf 91' lang='lat' dir='ltr'>primi</span> <span class='ocrx_word' id='word_1_297' title='bbox 1242 2318 1350 2351; x_wconf 87' lang='lat' dir='ltr'>adver-</span> 
     </span>
     <span class='ocr_line' id='line_1_44' title="bbox 289 2366 1349 2411; baseline -0.003 -10"><span class='ocrx_word' id='word_1_298' title='bbox 289 2367 426 2401; x_wconf 90' lang='lat' dir='ltr'>tendum</span> <span class='ocrx_word' id='word_1_299' title='bbox 442 2376 491 2400; x_wconf 91' lang='lat' dir='ltr'>est</span> <span class='ocrx_word' id='word_1_300' title='bbox 506 2367 596 2411; x_wconf 93' lang='lat' dir='ltr'>quod</span> <span class='ocrx_word' id='word_1_301' title='bbox 606 2367 638 2399; x_wconf 93' lang='lat' dir='ltr'>V</span> <span class='ocrx_word' id='word_1_302' title='bbox 649 2375 681 2400; x_wconf 90' lang='lat' dir='ltr'>et</span> <span class='ocrx_word' id='word_1_303' title='bbox 697 2367 746 2400; x_wconf 92' lang='lat' dir='ltr'>IX</span> <span class='ocrx_word' id='word_1_304' title='bbox 757 2366 937 2411; x_wconf 67' lang='lat' dir='ltr'>Metaphys„</span> <span class='ocrx_word' id='word_1_305' title='bbox 954 2366 1144 2399; x_wconf 88' lang='lat' dir='ltr'>Aristoteles</span> <span class='ocrx_word' id='word_1_306' title='bbox 1162 2366 1276 2399; x_wconf 91' lang='lat' dir='ltr'>dividit</span> <span class='ocrx_word' id='word_1_307' title='bbox 1292 2377 1349 2410; x_wconf 90' lang='lat' dir='ltr'>po-</span> 
     </span>
     <span class='ocr_line' id='line_1_45' title="bbox 288 2414 1349 2460; baseline -0.002 -11"><span class='ocrx_word' id='word_1_308' title='bbox 288 2417 425 2450; x_wconf 89' lang='lat' dir='ltr'>tentiam</span> <span class='ocrx_word' id='word_1_309' title='bbox 435 2417 469 2448; x_wconf 93' lang='lat' dir='ltr'>in</span> <span class='ocrx_word' id='word_1_310' title='bbox 478 2417 651 2459; x_wconf 84' lang='lat' dir='ltr'>potentias,</span> <span class='ocrx_word' id='word_1_311' title='bbox 659 2427 742 2460; x_wconf 92' lang='lat' dir='ltr'>quae</span> <span class='ocrx_word' id='word_1_312' title='bbox 754 2416 867 2448; x_wconf 91' lang='lat' dir='ltr'>eadem</span> <span class='ocrx_word' id='word_1_313' title='bbox 878 2416 1002 2448; x_wconf 89' lang='lat' dir='ltr'>ratione</span> <span class='ocrx_word' id='word_1_314' title='bbox 1013 2416 1177 2459; x_wconf 91' lang='lat' dir='ltr'>potentiae</span> <span class='ocrx_word' id='word_1_315' title='bbox 1186 2414 1349 2454; x_wconf 86' lang='lat' dir='ltr'>dicuntur,</span> 
     </span>
     <span class='ocr_line' id='line_1_46' title="bbox 289 2463 1349 2509; baseline -0.003 -11"><span class='ocrx_word' id='word_1_316' title='bbox 289 2474 321 2499; x_wconf 91' lang='lat' dir='ltr'>et</span> <span class='ocrx_word' id='word_1_317' title='bbox 338 2466 372 2497; x_wconf 89' lang='lat' dir='ltr'>in</span> <span class='ocrx_word' id='word_1_318' title='bbox 388 2465 561 2509; x_wconf 78' lang='lat' dir='ltr'>potentia8‚</span> <span class='ocrx_word' id='word_1_319' title='bbox 578 2476 660 2508; x_wconf 89' lang='lat' dir='ltr'>quae</span> <span class='ocrx_word' id='word_1_320' title='bbox 677 2475 746 2497; x_wconf 90' lang='lat' dir='ltr'>non</span> <span class='ocrx_word' id='word_1_321' title='bbox 762 2476 799 2496; x_wconf 91' lang='lat' dir='ltr'>ea</span> <span class='ocrx_word' id='word_1_322' title='bbox 815 2465 940 2496; x_wconf 89' lang='lat' dir='ltr'>ratione</span> <span class='ocrx_word' id='word_1_323' title='bbox 957 2475 1021 2507; x_wconf 92' lang='lat' dir='ltr'>qua</span> <span class='ocrx_word' id='word_1_324' title='bbox 1037 2463 1219 2507; x_wconf 87' lang='lat' dir='ltr'>praedictae</span> <span class='ocrx_word' id='word_1_325' title='bbox 1235 2472 1349 2506; x_wconf 90' lang='lat' dir='ltr'>poten-</span> 
     </span>
     <span class='ocr_line' id='line_1_47' title="bbox 288 2511 1350 2556; baseline -0.004 -9"><span class='ocrx_word' id='word_1_326' title='bbox 288 2515 352 2547; x_wconf 87' lang='lat' dir='ltr'>tiae</span> <span class='ocrx_word' id='word_1_327' title='bbox 375 2525 499 2546; x_wconf 87' lang='lat' dir='ltr'>nomen</span> <span class='ocrx_word' id='word_1_328' title='bbox 523 2513 658 2553; x_wconf 91' lang='lat' dir='ltr'>habent,</span> <span class='ocrx_word' id='word_1_329' title='bbox 683 2512 740 2545; x_wconf 88' lang='lat' dir='ltr'>sed</span> <span class='ocrx_word' id='word_1_330' title='bbox 764 2512 834 2545; x_wconf 88' lang='lat' dir='ltr'>alia.</span> <span class='ocrx_word' id='word_1_331' title='bbox 859 2513 901 2545; x_wconf 88' lang='lat' dir='ltr'>Et</span> <span class='ocrx_word' id='word_1_332' title='bbox 924 2512 981 2544; x_wconf 88' lang='lat' dir='ltr'>has</span> <span class='ocrx_word' id='word_1_333' title='bbox 1006 2511 1147 2555; x_wconf 91' lang='lat' dir='ltr'>appellat</span> <span class='ocrx_word' id='word_1_334' title='bbox 1172 2513 1350 2556; x_wconf 86' lang='lat' dir='ltr'>aequivoce</span> 
     </span>
     <span class='ocr_line' id='line_1_48' title="bbox 290 2560 1348 2608; baseline -0.004 -12"><span class='ocrx_word' id='word_1_335' title='bbox 290 2563 461 2608; x_wconf 69' lang='lat' dir='ltr'>potentias</span> <span class='ocrx_word' id='word_1_336' title='bbox 488 2561 556 2595; x_wconf 90' lang='lat' dir='ltr'>Sub</span> <span class='ocrx_word' id='word_1_337' title='bbox 578 2562 686 2605; x_wconf 89' lang='lat' dir='ltr'>primo</span> <span class='ocrx_word' id='word_1_338' title='bbox 710 2560 860 2594; x_wconf 91' lang='lat' dir='ltr'>membro</span> <span class='ocrx_word' id='word_1_339' title='bbox 885 2560 1209 2604; x_wconf 88' lang='lat' dir='ltr'>comprehenduntur</span> <span class='ocrx_word' id='word_1_340' title='bbox 1232 2571 1348 2592; x_wconf 87' lang='lat' dir='ltr'>omnes</span> 
     </span>
     <span class='ocr_line' id='line_1_49' title="bbox 289 2609 1348 2657; baseline -0.004 -11"><span class='ocrx_word' id='word_1_341' title='bbox 289 2613 455 2657; x_wconf 90' lang='lat' dir='ltr'>potentiae</span> <span class='ocrx_word' id='word_1_342' title='bbox 473 2613 607 2651; x_wconf 87' lang='lat' dir='ltr'>activae,</span> <span class='ocrx_word' id='word_1_343' title='bbox 619 2619 651 2644; x_wconf 91' lang='lat' dir='ltr'>et</span> <span class='ocrx_word' id='word_1_344' title='bbox 666 2611 825 2654; x_wconf 85' lang='lat' dir='ltr'>passivae,</span> <span class='ocrx_word' id='word_1_345' title='bbox 841 2618 872 2642; x_wconf 93' lang='lat' dir='ltr'>et</span> <span class='ocrx_word' id='word_1_346' title='bbox 888 2609 1073 2650; x_wconf 85' lang='lat' dir='ltr'>rationales,</span> <span class='ocrx_word' id='word_1_347' title='bbox 1091 2618 1123 2642; x_wconf 93' lang='lat' dir='ltr'>et</span> <span class='ocrx_word' id='word_1_348' title='bbox 1139 2609 1348 2643; x_wconf 88' lang='lat' dir='ltr'>irrationales.</span> 
     </span>
     <span class='ocr_line' id='line_1_50' title="bbox 289 2658 1350 2705; baseline -0.004 -10"><span class='ocrx_word' id='word_1_349' title='bbox 289 2661 518 2705; x_wconf 86' lang='lat' dir='ltr'>Quaecunque</span> <span class='ocrx_word' id='word_1_350' title='bbox 536 2661 623 2693; x_wconf 89' lang='lat' dir='ltr'>enim</span> <span class='ocrx_word' id='word_1_351' title='bbox 642 2671 740 2703; x_wconf 91' lang='lat' dir='ltr'>posse</span> <span class='ocrx_word' id='word_1_352' title='bbox 766 2658 919 2691; x_wconf 91' lang='lat' dir='ltr'>dicuntur</span> <span class='ocrx_word' id='word_1_353' title='bbox 942 2670 999 2702; x_wconf 91' lang='lat' dir='ltr'>per</span> <span class='ocrx_word' id='word_1_354' title='bbox 1015 2659 1196 2701; x_wconf 89' lang='lat' dir='ltr'>potentiam</span> <span class='ocrx_word' id='word_1_355' title='bbox 1213 2659 1350 2691; x_wconf 87' lang='lat' dir='ltr'>activam</span> 
     </span>
     <span class='ocr_line' id='line_1_51' title="bbox 288 2706 1350 2753; baseline -0.005 -10"><span class='ocrx_word' id='word_1_356' title='bbox 288 2709 341 2743; x_wconf 88' lang='lat' dir='ltr'>vel</span> <span class='ocrx_word' id='word_1_357' title='bbox 357 2710 520 2753; x_wconf 88' lang='lat' dir='ltr'>passivam</span> <span class='ocrx_word' id='word_1_358' title='bbox 534 2720 632 2752; x_wconf 91' lang='lat' dir='ltr'>quam</span> <span class='ocrx_word' id='word_1_359' title='bbox 649 2707 798 2748; x_wconf 90' lang='lat' dir='ltr'>habeant,</span> <span class='ocrx_word' id='word_1_360' title='bbox 812 2706 926 2740; x_wconf 89' lang='lat' dir='ltr'>eadem</span> <span class='ocrx_word' id='word_1_361' title='bbox 942 2707 1068 2739; x_wconf 87' lang='lat' dir='ltr'>ratione</span> <span class='ocrx_word' id='word_1_362' title='bbox 1081 2707 1246 2750; x_wconf 91' lang='lat' dir='ltr'>potentiae</span> <span class='ocrx_word' id='word_1_363' title='bbox 1259 2716 1350 2746; x_wconf 90' lang='lat' dir='ltr'>sunt,</span> 
     </span>
     <span class='ocr_line' id='line_1_52' title="bbox 290 2755 1351 2803; baseline -0.005 -11"><span class='ocrx_word' id='word_1_364' title='bbox 290 2759 366 2803; x_wconf 90' lang='lat' dir='ltr'>quia</span> <span class='ocrx_word' id='word_1_365' title='bbox 389 2757 511 2791; x_wconf 91' lang='lat' dir='ltr'>scilicet</span> <span class='ocrx_word' id='word_1_366' title='bbox 535 2767 583 2791; x_wconf 93' lang='lat' dir='ltr'>est</span> <span class='ocrx_word' id='word_1_367' title='bbox 605 2758 639 2790; x_wconf 90' lang='lat' dir='ltr'>in</span> <span class='ocrx_word' id='word_1_368' title='bbox 656 2757 702 2790; x_wconf 91' lang='lat' dir='ltr'>eis</span> <span class='ocrx_word' id='word_1_369' title='bbox 725 2757 774 2789; x_wconf 89' lang='lat' dir='ltr'>vis</span> <span class='ocrx_word' id='word_1_370' title='bbox 798 2756 989 2799; x_wconf 87' lang='lat' dir='ltr'>principiata</span> <span class='ocrx_word' id='word_1_371' title='bbox 1009 2755 1144 2788; x_wconf 92' lang='lat' dir='ltr'>alicuius</span> <span class='ocrx_word' id='word_1_372' title='bbox 1161 2756 1282 2788; x_wconf 88' lang='lat' dir='ltr'>activae</span> <span class='ocrx_word' id='word_1_373' title='bbox 1299 2756 1351 2788; x_wconf 92' lang='lat' dir='ltr'>vel</span> 
     </span>
     <span class='ocr_line' id='line_1_53' title="bbox 290 2803 1351 2851; baseline -0.004 -11"><span class='ocrx_word' id='word_1_374' title='bbox 290 2808 447 2851; x_wconf 88' lang='lat' dir='ltr'>passivae.</span> <span class='ocrx_word' id='word_1_375' title='bbox 466 2806 533 2840; x_wconf 91' lang='lat' dir='ltr'>Sub</span> <span class='ocrx_word' id='word_1_376' title='bbox 558 2805 703 2840; x_wconf 90' lang='lat' dir='ltr'>secundo</span> <span class='ocrx_word' id='word_1_377' title='bbox 721 2813 831 2838; x_wconf 88' lang='lat' dir='ltr'>autem</span> <span class='ocrx_word' id='word_1_378' title='bbox 854 2804 1003 2837; x_wconf 90' lang='lat' dir='ltr'>membro</span> <span class='ocrx_word' id='word_1_379' title='bbox 1029 2803 1351 2847; x_wconf 89' lang='lat' dir='ltr'>comprehenduntur</span> 
     </span>
     <span class='ocr_line' id='line_1_54' title="bbox 290 2851 1350 2899; baseline -0.004 -11"><span class='ocrx_word' id='word_1_380' title='bbox 290 2856 456 2899; x_wconf 88' lang='lat' dir='ltr'>potentiae</span> <span class='ocrx_word' id='word_1_381' title='bbox 475 2854 751 2888; x_wconf 89' lang='lat' dir='ltr'>mathematicales</span> <span class='ocrx_word' id='word_1_382' title='bbox 780 2862 812 2886; x_wconf 90' lang='lat' dir='ltr'>et</span> <span class='ocrx_word' id='word_1_383' title='bbox 839 2852 1003 2896; x_wconf 87' lang='lat' dir='ltr'>logicales.</span> <span class='ocrx_word' id='word_1_384' title='bbox 1035 2851 1266 2885; x_wconf 90' lang='lat' dir='ltr'>Mathematica</span> <span class='ocrx_word' id='word_1_385' title='bbox 1289 2864 1350 2896; x_wconf 92' lang='lat' dir='ltr'>po-</span> 
     </span>
     <span class='ocr_line' id='line_1_55' title="bbox 291 2900 1350 2946; baseline -0.002 -11"><span class='ocrx_word' id='word_1_386' title='bbox 291 2904 391 2936; x_wconf 86' lang='lat' dir='ltr'>tentia</span> <span class='ocrx_word' id='word_1_387' title='bbox 407 2911 466 2942; x_wconf 91' lang='lat' dir='ltr'>est,</span> <span class='ocrx_word' id='word_1_388' title='bbox 482 2914 546 2946; x_wconf 90' lang='lat' dir='ltr'>qua</span> <span class='ocrx_word' id='word_1_389' title='bbox 561 2902 681 2935; x_wconf 88' lang='lat' dir='ltr'>lineam</span> <span class='ocrx_word' id='word_1_390' title='bbox 705 2913 802 2946; x_wconf 90' lang='lat' dir='ltr'>posse</span> <span class='ocrx_word' id='word_1_391' title='bbox 826 2901 965 2935; x_wconf 91' lang='lat' dir='ltr'>dicimus</span> <span class='ocrx_word' id='word_1_392' title='bbox 981 2902 1015 2933; x_wconf 92' lang='lat' dir='ltr'>in</span> <span class='ocrx_word' id='word_1_393' title='bbox 1031 2900 1234 2945; x_wconf 88' lang='lat' dir='ltr'>quadratum,</span> <span class='ocrx_word' id='word_1_394' title='bbox 1255 2910 1287 2934; x_wconf 90' lang='lat' dir='ltr'>et</span> <span class='ocrx_word' id='word_1_395' title='bbox 1311 2913 1350 2934; x_wconf 94' lang='lat' dir='ltr'>eo</span> 
     </span>
     <span class='ocr_line' id='line_1_56' title="bbox 292 2949 1351 2995; baseline -0.002 -12"><span class='ocrx_word' id='word_1_396' title='bbox 292 2950 382 2995; x_wconf 90' lang='lat' dir='ltr'>quod</span> <span class='ocrx_word' id='word_1_397' title='bbox 405 2951 439 2983; x_wconf 92' lang='lat' dir='ltr'>in</span> <span class='ocrx_word' id='word_1_398' title='bbox 462 2951 670 2994; x_wconf 85' lang='lat' dir='ltr'>semetipsam</span> <span class='ocrx_word' id='word_1_399' title='bbox 691 2949 786 2982; x_wconf 88' lang='lat' dir='ltr'>ducta</span> <span class='ocrx_word' id='word_1_400' title='bbox 810 2949 1004 2993; x_wconf 86' lang='lat' dir='ltr'>quadratum</span> <span class='ocrx_word' id='word_1_401' title='bbox 1027 2950 1202 2981; x_wconf 86' lang='lat' dir='ltr'>constituit.</span> <span class='ocrx_word' id='word_1_402' title='bbox 1229 2949 1351 2992; x_wconf 90' lang='lat' dir='ltr'>Logica</span> 
     </span>
     <span class='ocr_line' id='line_1_57' title="bbox 292 2996 1351 3043; baseline -0.001 -12"><span class='ocrx_word' id='word_1_403' title='bbox 292 2999 439 3043; x_wconf 91' lang='lat' dir='ltr'>potentia</span> <span class='ocrx_word' id='word_1_404' title='bbox 462 3007 521 3038; x_wconf 92' lang='lat' dir='ltr'>est,</span> <span class='ocrx_word' id='word_1_405' title='bbox 545 3010 608 3042; x_wconf 89' lang='lat' dir='ltr'>qua</span> <span class='ocrx_word' id='word_1_406' title='bbox 632 2997 699 3030; x_wconf 94' lang='lat' dir='ltr'>duo</span> <span class='ocrx_word' id='word_1_407' title='bbox 723 2998 853 3030; x_wconf 90' lang='lat' dir='ltr'>termini</span> <span class='ocrx_word' id='word_1_408' title='bbox 878 2997 1033 3040; x_wconf 90' lang='lat' dir='ltr'>coniungi</span> <span class='ocrx_word' id='word_1_409' title='bbox 1053 2996 1175 3041; x_wconf 90' lang='lat' dir='ltr'>absque</span> <span class='ocrx_word' id='word_1_410' title='bbox 1192 2997 1351 3030; x_wconf 91' lang='lat' dir='ltr'>contradi-</span> 
     </span>
     <span class='ocr_line' id='line_1_58' title="bbox 293 3044 1352 3089; baseline -0.002 -10"><span class='ocrx_word' id='word_1_411' title='bbox 293 3047 401 3079; x_wconf 89' lang='lat' dir='ltr'>ctione</span> <span class='ocrx_word' id='word_1_412' title='bbox 425 3047 458 3078; x_wconf 87' lang='lat' dir='ltr'>in</span> <span class='ocrx_word' id='word_1_413' title='bbox 485 3046 714 3078; x_wconf 88' lang='lat' dir='ltr'>enunciatione</span> <span class='ocrx_word' id='word_1_414' title='bbox 742 3054 890 3089; x_wconf 90' lang='lat' dir='ltr'>possunt.</span> <span class='ocrx_word' id='word_1_415' title='bbox 917 3044 984 3078; x_wconf 92' lang='lat' dir='ltr'>Sub</span> <span class='ocrx_word' id='word_1_416' title='bbox 1008 3044 1114 3088; x_wconf 89' lang='lat' dir='ltr'>logica</span> <span class='ocrx_word' id='word_1_417' title='bbox 1138 3057 1271 3089; x_wconf 88' lang='lat' dir='ltr'>quoque</span> <span class='ocrx_word' id='word_1_418' title='bbox 1295 3056 1352 3088; x_wconf 92' lang='lat' dir='ltr'>po-</span> 
     </span>
     <span class='ocr_line' id='line_1_59' title="bbox 292 3092 1349 3137; baseline -0.002 -10"><span class='ocrx_word' id='word_1_419' title='bbox 292 3095 393 3127; x_wconf 88' lang='lat' dir='ltr'>tentia</span> <span class='ocrx_word' id='word_1_420' title='bbox 409 3094 595 3126; x_wconf 88' lang='lat' dir='ltr'>continetur</span> <span class='ocrx_word' id='word_1_421' title='bbox 611 3104 693 3137; x_wconf 91' lang='lat' dir='ltr'>quae</span> <span class='ocrx_word' id='word_1_422' title='bbox 715 3105 751 3126; x_wconf 91' lang='lat' dir='ltr'>ea</span> <span class='ocrx_word' id='word_1_423' title='bbox 768 3094 892 3126; x_wconf 86' lang='lat' dir='ltr'>ratione</span> <span class='ocrx_word' id='word_1_424' title='bbox 905 3093 1051 3136; x_wconf 90' lang='lat' dir='ltr'>potentia</span> <span class='ocrx_word' id='word_1_425' title='bbox 1063 3092 1190 3133; x_wconf 90' lang='lat' dir='ltr'>dicitur,</span> <span class='ocrx_word' id='word_1_426' title='bbox 1204 3094 1279 3137; x_wconf 88' lang='lat' dir='ltr'>quia</span> <span class='ocrx_word' id='word_1_427' title='bbox 1292 3102 1349 3125; x_wconf 91' lang='lat' dir='ltr'>est.</span> 
     </span>
     <span class='ocr_line' id='line_1_60' title="bbox 292 3141 1350 3185; baseline -0.002 -10"><span class='ocrx_word' id='word_1_428' title='bbox 292 3143 363 3175; x_wconf 90' lang='lat' dir='ltr'>Hae</span> <span class='ocrx_word' id='word_1_429' title='bbox 382 3153 461 3174; x_wconf 87' lang='lat' dir='ltr'>vero</span> <span class='ocrx_word' id='word_1_430' title='bbox 480 3142 597 3174; x_wconf 91' lang='lat' dir='ltr'>merito</span> <span class='ocrx_word' id='word_1_431' title='bbox 622 3142 799 3185; x_wconf 88' lang='lat' dir='ltr'>aequivoce</span> <span class='ocrx_word' id='word_1_432' title='bbox 823 3153 840 3173; x_wconf 90' lang='lat' dir='ltr'>a</span> <span class='ocrx_word' id='word_1_433' title='bbox 860 3142 973 3184; x_wconf 89' lang='lat' dir='ltr'>primis</span> <span class='ocrx_word' id='word_1_434' title='bbox 999 3142 1164 3184; x_wconf 88' lang='lat' dir='ltr'>potentiae</span> <span class='ocrx_word' id='word_1_435' title='bbox 1184 3141 1350 3181; x_wconf 91' lang='lat' dir='ltr'>dicuntur,</span> 
     </span>
     <span class='ocr_line' id='line_1_61' title="bbox 292 3188 1351 3234; baseline -0.002 -10"><span class='ocrx_word' id='word_1_436' title='bbox 292 3203 333 3224; x_wconf 91' lang='lat' dir='ltr'>eo</span> <span class='ocrx_word' id='word_1_437' title='bbox 350 3190 439 3234; x_wconf 94' lang='lat' dir='ltr'>quod</span> <span class='ocrx_word' id='word_1_438' title='bbox 456 3191 534 3222; x_wconf 90' lang='lat' dir='ltr'>istae</span> <span class='ocrx_word' id='word_1_439' title='bbox 551 3188 676 3222; x_wconf 89' lang='lat' dir='ltr'>nullam</span> <span class='ocrx_word' id='word_1_440' title='bbox 691 3190 846 3222; x_wconf 90' lang='lat' dir='ltr'>virtutem</span> <span class='ocrx_word' id='word_1_441' title='bbox 863 3190 1000 3222; x_wconf 88' lang='lat' dir='ltr'>activam</span> <span class='ocrx_word' id='word_1_442' title='bbox 1016 3189 1068 3222; x_wconf 92' lang='lat' dir='ltr'>vel</span> <span class='ocrx_word' id='word_1_443' title='bbox 1084 3190 1246 3233; x_wconf 87' lang='lat' dir='ltr'>passivam</span> <span class='ocrx_word' id='word_1_444' title='bbox 1263 3202 1351 3233; x_wconf 88' lang='lat' dir='ltr'>prae-</span> 
     </span>
     <span class='ocr_line' id='line_1_62' title="bbox 293 3236 1351 3282; baseline -0.002 -11"><span class='ocrx_word' id='word_1_445' title='bbox 293 3239 415 3278; x_wconf 90' lang='lat' dir='ltr'>dicant;</span> <span class='ocrx_word' id='word_1_446' title='bbox 432 3246 464 3271; x_wconf 90' lang='lat' dir='ltr'>et</span> <span class='ocrx_word' id='word_1_447' title='bbox 477 3237 565 3282; x_wconf 92' lang='lat' dir='ltr'>quod</span> <span class='ocrx_word' id='word_1_448' title='bbox 582 3236 735 3282; x_wconf 89' lang='lat' dir='ltr'>possibile</span> <span class='ocrx_word' id='word_1_449' title='bbox 748 3238 817 3269; x_wconf 91' lang='lat' dir='ltr'>istis</span> <span class='ocrx_word' id='word_1_450' title='bbox 830 3236 937 3270; x_wconf 90' lang='lat' dir='ltr'>modis</span> <span class='ocrx_word' id='word_1_451' title='bbox 954 3237 1080 3277; x_wconf 89' lang='lat' dir='ltr'>dicitur,</span> <span class='ocrx_word' id='word_1_452' title='bbox 1092 3249 1160 3270; x_wconf 91' lang='lat' dir='ltr'>non</span> <span class='ocrx_word' id='word_1_453' title='bbox 1177 3249 1213 3270; x_wconf 91' lang='lat' dir='ltr'>ea</span> <span class='ocrx_word' id='word_1_454' title='bbox 1226 3238 1351 3270; x_wconf 89' lang='lat' dir='ltr'>ratione</span> 
     </span>
     <span class='ocr_line' id='line_1_63' title="bbox 292 3284 1350 3331; baseline -0.002 -12"><span class='ocrx_word' id='word_1_455' title='bbox 292 3286 448 3331; x_wconf 91' lang='lat' dir='ltr'>possibile</span> <span class='ocrx_word' id='word_1_456' title='bbox 472 3285 652 3330; x_wconf 90' lang='lat' dir='ltr'>appellatur</span> <span class='ocrx_word' id='word_1_457' title='bbox 675 3286 751 3329; x_wconf 91' lang='lat' dir='ltr'>quia</span> <span class='ocrx_word' id='word_1_458' title='bbox 774 3285 890 3329; x_wconf 92' lang='lat' dir='ltr'>aliquis</span> <span class='ocrx_word' id='word_1_459' title='bbox 911 3284 1027 3318; x_wconf 91' lang='lat' dir='ltr'>habeat</span> <span class='ocrx_word' id='word_1_460' title='bbox 1048 3286 1203 3317; x_wconf 89' lang='lat' dir='ltr'>virtutem</span> <span class='ocrx_word' id='word_1_461' title='bbox 1230 3285 1270 3318; x_wconf 91' lang='lat' dir='ltr'>ad</span> <span class='ocrx_word' id='word_1_462' title='bbox 1286 3285 1350 3317; x_wconf 93' lang='lat' dir='ltr'>hoc</span> 
     </span>
     <span class='ocr_line' id='line_1_64' title="bbox 293 3333 1352 3379; baseline -0.003 -11"><span class='ocrx_word' id='word_1_463' title='bbox 293 3335 457 3379; x_wconf 90' lang='lat' dir='ltr'>agendum</span> <span class='ocrx_word' id='word_1_464' title='bbox 476 3334 528 3367; x_wconf 88' lang='lat' dir='ltr'>vel</span> <span class='ocrx_word' id='word_1_465' title='bbox 544 3333 745 3378; x_wconf 91' lang='lat' dir='ltr'>patiendum,</span> <span class='ocrx_word' id='word_1_466' title='bbox 763 3334 848 3366; x_wconf 90' lang='lat' dir='ltr'>sicut</span> <span class='ocrx_word' id='word_1_467' title='bbox 870 3334 903 3366; x_wconf 91' lang='lat' dir='ltr'>in</span> <span class='ocrx_word' id='word_1_468' title='bbox 927 3334 1049 3377; x_wconf 91' lang='lat' dir='ltr'>primis.</span> <span class='ocrx_word' id='word_1_469' title='bbox 1074 3333 1171 3365; x_wconf 91' lang='lat' dir='ltr'>Unde</span> <span class='ocrx_word' id='word_1_470' title='bbox 1196 3344 1270 3365; x_wconf 89' lang='lat' dir='ltr'>curn</span> <span class='ocrx_word' id='word_1_471' title='bbox 1295 3344 1352 3376; x_wconf 94' lang='lat' dir='ltr'>po-</span> 
     </span>
     <span class='ocr_line' id='line_1_65' title="bbox 291 3380 1349 3425; baseline -0.005 -9"><span class='ocrx_word' id='word_1_472' title='bbox 291 3384 412 3417; x_wconf 88' lang='lat' dir='ltr'>tentiae</span> <span class='ocrx_word' id='word_1_473' title='bbox 436 3382 590 3415; x_wconf 89' lang='lat' dir='ltr'>habentes</span> <span class='ocrx_word' id='word_1_474' title='bbox 614 3393 648 3414; x_wconf 93' lang='lat' dir='ltr'>se</span> <span class='ocrx_word' id='word_1_475' title='bbox 664 3380 704 3414; x_wconf 93' lang='lat' dir='ltr'>ad</span> <span class='ocrx_word' id='word_1_476' title='bbox 721 3382 872 3425; x_wconf 91' lang='lat' dir='ltr'>opposita</span> <span class='ocrx_word' id='word_1_477' title='bbox 896 3382 960 3413; x_wconf 92' lang='lat' dir='ltr'>sint</span> <span class='ocrx_word' id='word_1_478' title='bbox 984 3381 1106 3414; x_wconf 89' lang='lat' dir='ltr'>activae</span> <span class='ocrx_word' id='word_1_479' title='bbox 1121 3380 1173 3413; x_wconf 92' lang='lat' dir='ltr'>vel</span> <span class='ocrx_word' id='word_1_480' title='bbox 1193 3381 1349 3423; x_wconf 85' lang='lat' dir='ltr'>passivae,</span> 
     </span>
     <span class='ocr_line' id='line_1_66' title="bbox 292 3424 1350 3475; baseline -0.004 -11"><span class='ocrx_word' id='word_1_481' title='bbox 292 3433 372 3465; x_wconf 87' lang='lat' dir='ltr'>istae</span> <span class='ocrx_word' id='word_1_482' title='bbox 389 3442 471 3475; x_wconf 88' lang='lat' dir='ltr'>quae</span> <span class='ocrx_word' id='word_1_483' title='bbox 491 3424 688 3474; x_wconf 78' lang='lat' dir='ltr'>aequivocae</span> <span class='ocrx_word' id='word_1_484' title='bbox 705 3438 880 3473; x_wconf 88' lang='lat' dir='ltr'>potestates</span> <span class='ocrx_word' id='word_1_485' title='bbox 898 3429 1050 3462; x_wconf 92' lang='lat' dir='ltr'>dicuntur</span> <span class='ocrx_word' id='word_1_486' title='bbox 1061 3429 1101 3462; x_wconf 94' lang='lat' dir='ltr'>ad</span> <span class='ocrx_word' id='word_1_487' title='bbox 1114 3429 1266 3471; x_wconf 89' lang='lat' dir='ltr'>opposita</span> <span class='ocrx_word' id='word_1_488' title='bbox 1282 3439 1350 3460; x_wconf 90' lang='lat' dir='ltr'>non</span> 
     </span>
    </p>
   </div>
   <div class='ocr_carea' id='block_1_17' title="bbox 360 2174 410 2204">
    <p class='ocr_par' dir='ltr' id='par_1_21' title="bbox 360 2174 410 2204">
     <span class='ocr_line' id='line_1_67' title="bbox 360 2174 410 2204; baseline 0 -5"><span class='ocrx_word' id='word_1_489' title='bbox 360 2174 410 2204; x_wconf 55' lang='lat' dir='ltr'>fi}</span> 
     </span>
    </p>
   </div>
   <div class='ocr_carea' id='block_1_18' title="bbox 377 2237 409 2255">
    <p class='ocr_par' dir='ltr' id='par_1_22' title="bbox 377 2237 409 2255">
     <span class='ocr_line' id='line_1_68' title="bbox 377 2237 409 2255; baseline 0 -13"><span class='ocrx_word' id='word_1_490' title='bbox 377 2247 385 2255; x_wconf 44' lang='grc' dir='ltr'><em>ὃ</em></span> <span class='ocrx_word' id='word_1_491' title='bbox 404 2237 409 2242; x_wconf 63' lang='lat' dir='ltr'><em>s</em></span> 
     </span>
    </p>
   </div>
   <div class='ocr_carea' id='block_1_19' title="bbox 291 3477 1351 3665">
    <p class='ocr_par' dir='ltr' id='par_1_23' title="bbox 291 3477 1351 3572">
     <span class='ocr_line' id='line_1_69' title="bbox 293 3477 1351 3522; baseline -0.005 -9"><span class='ocrx_word' id='word_1_492' title='bbox 293 3492 327 3514; x_wconf 91' lang='lat' dir='ltr'>se</span> <span class='ocrx_word' id='word_1_493' title='bbox 349 3480 476 3513; x_wconf 87' lang='lat' dir='ltr'>habent.</span> <span class='ocrx_word' id='word_1_494' title='bbox 502 3480 552 3512; x_wconf 90' lang='lat' dir='ltr'>De</span> <span class='ocrx_word' id='word_1_495' title='bbox 576 3479 626 3512; x_wconf 93' lang='lat' dir='ltr'>his</span> <span class='ocrx_word' id='word_1_496' title='bbox 650 3490 728 3522; x_wconf 86' lang='lat' dir='ltr'>ergo</span> <span class='ocrx_word' id='word_1_497' title='bbox 753 3478 891 3521; x_wconf 91' lang='lat' dir='ltr'>loquens</span> <span class='ocrx_word' id='word_1_498' title='bbox 916 3478 976 3510; x_wconf 86' lang='lat' dir='ltr'>ait:</span> <span class='ocrx_word' id='word_1_499' title='bbox 1004 3477 1162 3519; x_wconf 82' lang='lat' dir='ltr'>Quaedam</span> <span class='ocrx_word' id='word_1_500' title='bbox 1184 3487 1253 3509; x_wconf 82' lang='lat' dir='ltr'>vero</span> <span class='ocrx_word' id='word_1_501' title='bbox 1272 3482 1351 3520; x_wconf 82' lang='lat' dir='ltr'>pote-</span> 
     </span>
     <span class='ocr_line' id='line_1_70' title="bbox 291 3523 1348 3572; baseline -0.006 -10"><span class='ocrx_word' id='word_1_502' title='bbox 291 3535 380 3562; x_wconf 76' lang='lat' dir='ltr'>states</span> <span class='ocrx_word' id='word_1_503' title='bbox 403 3529 576 3572; x_wconf 76' lang='lat' dir='ltr'>aequivocae</span> <span class='ocrx_word' id='word_1_504' title='bbox 598 3533 679 3567; x_wconf 81' lang='lat' dir='ltr'>sunt,</span> <span class='ocrx_word' id='word_1_505' title='bbox 704 3536 736 3560; x_wconf 93' lang='lat' dir='ltr'>et</span> <span class='ocrx_word' id='word_1_506' title='bbox 756 3526 830 3559; x_wconf 90' lang='lat' dir='ltr'>ideo</span> <span class='ocrx_word' id='word_1_507' title='bbox 847 3526 887 3559; x_wconf 93' lang='lat' dir='ltr'>ad</span> <span class='ocrx_word' id='word_1_508' title='bbox 910 3526 1062 3569; x_wconf 90' lang='lat' dir='ltr'>opposita</span> <span class='ocrx_word' id='word_1_509' title='bbox 1085 3535 1152 3557; x_wconf 91' lang='lat' dir='ltr'>non</span> <span class='ocrx_word' id='word_1_510' title='bbox 1169 3536 1202 3556; x_wconf 91' lang='lat' dir='ltr'>se</span> <span class='ocrx_word' id='word_1_511' title='bbox 1219 3523 1348 3557; x_wconf 91' lang='lat' dir='ltr'>habent.</span> 
     </span>
    </p>

    <p class='ocr_par' dir='ltr' id='par_1_24' title="bbox 292 3572 1350 3665">
     <span class='ocr_line' id='line_1_71' title="bbox 361 3572 1350 3618; baseline -0.006 -9"><span class='ocrx_word' id='word_1_512' title='bbox 361 3586 390 3609; x_wconf 91' lang='lat'>2.</span> <span class='ocrx_word' id='word_1_513' title='bbox 408 3575 535 3609; x_wconf 90' lang='lat' dir='ltr'>Deinde</span> <span class='ocrx_word' id='word_1_514' title='bbox 557 3575 720 3608; x_wconf 91' lang='lat' dir='ltr'>declarans</span> <span class='ocrx_word' id='word_1_515' title='bbox 745 3574 849 3618; x_wconf 85' lang='lat' dir='ltr'>qualis</span> <span class='ocrx_word' id='word_1_516' title='bbox 872 3574 914 3606; x_wconf 90' lang='lat' dir='ltr'>sit</span> <span class='ocrx_word' id='word_1_517' title='bbox 933 3574 992 3605; x_wconf 91' lang='lat' dir='ltr'>ista</span> <span class='ocrx_word' id='word_1_518' title='bbox 1009 3581 1152 3616; x_wconf 88' lang='lat' dir='ltr'>potestas</span> <span class='ocrx_word' id='word_1_519' title='bbox 1173 3572 1350 3615; x_wconf 87' lang='lat' dir='ltr'>aequivoce</span> 
     </span>
     <span class='ocr_line' id='line_1_72' title="bbox 292 3619 1350 3665; baseline -0.006 -8"><span class='ocrx_word' id='word_1_520' title='bbox 292 3624 388 3665; x_wconf 89' lang='lat' dir='ltr'>dicta,</span> <span class='ocrx_word' id='word_1_521' title='bbox 412 3623 520 3657; x_wconf 90' lang='lat' dir='ltr'>subdit</span> <span class='ocrx_word' id='word_1_522' title='bbox 539 3623 733 3657; x_wconf 87' lang='lat' dir='ltr'>divisionem</span> <span class='ocrx_word' id='word_1_523' title='bbox 749 3623 902 3655; x_wconf 88' lang='lat' dir='ltr'>usitatam</span> <span class='ocrx_word' id='word_1_524' title='bbox 918 3620 1080 3665; x_wconf 85' lang='lat' dir='ltr'>possibilis</span> <span class='ocrx_word' id='word_1_525' title='bbox 1098 3631 1154 3664; x_wconf 91' lang='lat' dir='ltr'>per</span> <span class='ocrx_word' id='word_1_526' title='bbox 1171 3631 1269 3663; x_wconf 91' lang='lat' dir='ltr'>quam</span> <span class='ocrx_word' id='word_1_527' title='bbox 1286 3619 1350 3651; x_wconf 93' lang='lat' dir='ltr'>hoc</span> 
     </span>
    </p>
   </div>
   <div class='ocr_carea' id='block_1_20' title="bbox 1402 836 2464 2020">
    <p class='ocr_par' dir='ltr' id='par_1_25' title="bbox 1402 836 2464 1130">
     <span class='ocr_line' id='line_1_73' title="bbox 1402 836 2464 877; baseline 0.003 -12"><span class='ocrx_word' id='word_1_528' title='bbox 1402 836 1419 854; x_wconf 90' lang='grc'>*</span> <span class='ocrx_word' id='word_1_529' title='bbox 1435 836 1601 873; x_wconf 86' lang='lat' dir='ltr'>Quaedam</span> <span class='ocrx_word' id='word_1_530' title='bbox 1623 847 1697 867; x_wconf 88' lang='lat' dir='ltr'>vero</span> <span class='ocrx_word' id='word_1_531' title='bbox 1714 844 1882 876; x_wconf 76' lang='lat' dir='ltr'>potestates</span> <span class='ocrx_word' id='word_1_532' title='bbox 1897 838 2086 877; x_wconf 86' lang='lat' dir='ltr'>aequivocae</span> <span class='ocrx_word' id='word_1_533' title='bbox 2103 845 2186 868; x_wconf 90' lang='lat' dir='ltr'>sunt.</span> <span class='ocrx_word' id='word_1_534' title='bbox 2211 838 2362 868; x_wconf 85' lang='lat' dir='ltr'>Possibile</span> <span class='ocrx_word' id='word_1_535' title='bbox 2377 838 2464 868; x_wconf 90' lang='lat' dir='ltr'>enim</span> 
     </span>
     <span class='ocr_line' id='line_1_74' title="bbox 1470 881 2463 922; baseline 0.003 -13"><span class='ocrx_word' id='word_1_536' title='bbox 1470 890 1535 909; x_wconf 91' lang='lat' dir='ltr'>non</span> <span class='ocrx_word' id='word_1_537' title='bbox 1559 881 1741 921; x_wconf 89' lang='lat' dir='ltr'>simpliciter</span> <span class='ocrx_word' id='word_1_538' title='bbox 1764 881 1892 911; x_wconf 78' lang='lat' dir='ltr'>dicitur:</span> <span class='ocrx_word' id='word_1_539' title='bbox 1917 882 1972 911; x_wconf 89' lang='lat' dir='ltr'>sed</span> <span class='ocrx_word' id='word_1_540' title='bbox 1994 881 2055 911; x_wconf 87' lang='lat' dir='ltr'>hoc</span> <span class='ocrx_word' id='word_1_541' title='bbox 2079 882 2219 922; x_wconf 86' lang='lat' dir='ltr'>quidem,</span> <span class='ocrx_word' id='word_1_542' title='bbox 2243 883 2397 922; x_wconf 86' lang='lat' dir='ltr'>quoniam</span> <span class='ocrx_word' id='word_1_543' title='bbox 2411 892 2463 912; x_wconf 88' lang='lat' dir='ltr'>ve·-</span> 
     </span>
     <span class='ocr_line' id='line_1_75' title="bbox 1470 925 2463 966; baseline 0.002 -12"><span class='ocrx_word' id='word_1_544' title='bbox 1470 934 1541 954; x_wconf 92' lang='lat' dir='ltr'>rum</span> <span class='ocrx_word' id='word_1_545' title='bbox 1565 932 1621 962; x_wconf 88' lang='lat' dir='ltr'>est,</span> <span class='ocrx_word' id='word_1_546' title='bbox 1645 925 1734 965; x_wconf 91' lang='lat' dir='ltr'>quod</span> <span class='ocrx_word' id='word_1_547' title='bbox 1756 925 1788 954; x_wconf 91' lang='lat' dir='ltr'>in</span> <span class='ocrx_word' id='word_1_548' title='bbox 1809 931 1879 954; x_wconf 89' lang='lat' dir='ltr'>actu</span> <span class='ocrx_word' id='word_1_549' title='bbox 1896 932 1957 962; x_wconf 88' lang='lat' dir='ltr'>est;</span> <span class='ocrx_word' id='word_1_550' title='bbox 1981 932 2016 955; x_wconf 88' lang='lat' dir='ltr'>ut</span> <span class='ocrx_word' id='word_1_551' title='bbox 2031 926 2180 965; x_wconf 90' lang='lat' dir='ltr'>possibile</span> <span class='ocrx_word' id='word_1_552' title='bbox 2196 926 2367 964; x_wconf 86' lang='lat' dir='ltr'>ambulare,</span> <span class='ocrx_word' id='word_1_553' title='bbox 2382 936 2463 966; x_wconf 76' lang='lat' dir='ltr'>quo-</span> 
     </span>
     <span class='ocr_line' id='line_1_76' title="bbox 1470 968 2463 1010; baseline 0.002 -12"><span class='ocrx_word' id='word_1_554' title='bbox 1470 969 1555 998; x_wconf 87' lang='lat' dir='ltr'>niam</span> <span class='ocrx_word' id='word_1_555' title='bbox 1579 969 1719 999; x_wconf 88' lang='lat' dir='ltr'>ambulat</span> <span class='ocrx_word' id='word_1_556' title='bbox 1739 968 1813 1005; x_wconf 86' lang='lat' dir='ltr'>iam,</span> <span class='ocrx_word' id='word_1_557' title='bbox 1834 975 1863 998; x_wconf 92' lang='lat' dir='ltr'>et</span> <span class='ocrx_word' id='word_1_558' title='bbox 1882 969 2015 998; x_wconf 86' lang='lat' dir='ltr'>omnino</span> <span class='ocrx_word' id='word_1_559' title='bbox 2035 970 2183 1009; x_wconf 88' lang='lat' dir='ltr'>possibile</span> <span class='ocrx_word' id='word_1_560' title='bbox 2207 980 2287 1008; x_wconf 90' lang='lat' dir='ltr'>esse,</span> <span class='ocrx_word' id='word_1_561' title='bbox 2309 970 2463 1010; x_wconf 91' lang='lat' dir='ltr'>quoniam</span> 
     </span>
     <span class='ocr_line' id='line_1_77' title="bbox 1470 1012 2462 1053; baseline 0.003 -12"><span class='ocrx_word' id='word_1_562' title='bbox 1470 1012 1534 1041; x_wconf 86' lang='lat' dir='ltr'>iarn</span> <span class='ocrx_word' id='word_1_563' title='bbox 1557 1019 1604 1042; x_wconf 86' lang='lat' dir='ltr'>est</span> <span class='ocrx_word' id='word_1_564' title='bbox 1626 1013 1657 1042; x_wconf 92' lang='lat' dir='ltr'>in</span> <span class='ocrx_word' id='word_1_565' title='bbox 1677 1019 1759 1049; x_wconf 87' lang='lat' dir='ltr'>actu,</span> <span class='ocrx_word' id='word_1_566' title='bbox 1779 1013 1866 1052; x_wconf 94' lang='lat' dir='ltr'>quod</span> <span class='ocrx_word' id='word_1_567' title='bbox 1883 1012 1995 1042; x_wconf 90' lang='lat' dir='ltr'>dicitur</span> <span class='ocrx_word' id='word_1_568' title='bbox 2014 1023 2079 1043; x_wconf 86' lang='lat' dir='ltr'>esse</span> <span class='ocrx_word' id='word_1_569' title='bbox 2098 1014 2262 1053; x_wconf 89' lang='lat' dir='ltr'>possibile:</span> <span class='ocrx_word' id='word_1_570' title='bbox 2283 1014 2361 1044; x_wconf 94' lang='lat' dir='ltr'>illud</span> <span class='ocrx_word' id='word_1_571' title='bbox 2376 1024 2462 1053; x_wconf 90' lang='lat' dir='ltr'>vero,</span> 
     </span>
     <span class='ocr_line' id='line_1_78' title="bbox 1471 1056 2462 1099; baseline 0.003 -14"><span class='ocrx_word' id='word_1_572' title='bbox 1471 1056 1625 1095; x_wconf 88' lang='lat' dir='ltr'>quoniam</span> <span class='ocrx_word' id='word_1_573' title='bbox 1649 1063 1719 1086; x_wconf 90' lang='lat' dir='ltr'>actu</span> <span class='ocrx_word' id='word_1_574' title='bbox 1744 1066 1810 1086; x_wconf 90' lang='lat' dir='ltr'>esse</span> <span class='ocrx_word' id='word_1_575' title='bbox 1833 1063 1954 1095; x_wconf 90' lang='lat' dir='ltr'>posset;</span> <span class='ocrx_word' id='word_1_576' title='bbox 1979 1063 2014 1087; x_wconf 92' lang='lat' dir='ltr'>ut</span> <span class='ocrx_word' id='word_1_577' title='bbox 2029 1058 2178 1097; x_wconf 87' lang='lat' dir='ltr'>possibile</span> <span class='ocrx_word' id='word_1_578' title='bbox 2195 1058 2365 1096; x_wconf 88' lang='lat' dir='ltr'>ambulare,</span> <span class='ocrx_word' id='word_1_579' title='bbox 2382 1068 2462 1099; x_wconf 93' lang='lat' dir='ltr'>quo-</span> 
     </span>
     <span class='ocr_line' id='line_1_79' title="bbox 1471 1099 1762 1130; baseline 0.003 -2"><span class='ocrx_word' id='word_1_580' title='bbox 1471 1100 1556 1129; x_wconf 91' lang='lat' dir='ltr'>niam</span> <span class='ocrx_word' id='word_1_581' title='bbox 1580 1099 1762 1130; x_wconf 88' lang='lat' dir='ltr'>ambulabit.</span> 
     </span>
    </p>

    <p class='ocr_par' dir='ltr' id='par_1_26' title="bbox 1404 1143 2463 1314">
     <span class='ocr_line' id='line_1_80' title="bbox 1404 1143 2462 1184; baseline 0.004 -12"><span class='ocrx_word' id='word_1_582' title='bbox 1404 1144 1444 1173; x_wconf 87' lang='lat' dir='ltr'>Et</span> <span class='ocrx_word' id='word_1_583' title='bbox 1467 1143 1542 1173; x_wconf 87' lang='lat' dir='ltr'>haec</span> <span class='ocrx_word' id='word_1_584' title='bbox 1566 1144 1696 1183; x_wconf 90' lang='lat' dir='ltr'>quidem</span> <span class='ocrx_word' id='word_1_585' title='bbox 1719 1143 1751 1173; x_wconf 95' lang='lat' dir='ltr'>in</span> <span class='ocrx_word' id='word_1_586' title='bbox 1775 1143 1945 1173; x_wconf 89' lang='lat' dir='ltr'>mobilibus</span> <span class='ocrx_word' id='word_1_587' title='bbox 1969 1144 2043 1173; x_wconf 92' lang='lat' dir='ltr'>solis</span> <span class='ocrx_word' id='word_1_588' title='bbox 2068 1151 2113 1175; x_wconf 86' lang='lat' dir='ltr'>est</span> <span class='ocrx_word' id='word_1_589' title='bbox 2137 1152 2283 1184; x_wconf 87' lang='lat' dir='ltr'>potestas,</span> <span class='ocrx_word' id='word_1_590' title='bbox 2312 1146 2365 1176; x_wconf 92' lang='lat' dir='ltr'>illa</span> <span class='ocrx_word' id='word_1_591' title='bbox 2387 1155 2462 1176; x_wconf 92' lang='lat' dir='ltr'>vero</span> 
     </span>
     <span class='ocr_line' id='line_1_81' title="bbox 1471 1187 2462 1228; baseline 0.004 -12"><span class='ocrx_word' id='word_1_592' title='bbox 1471 1194 1501 1217; x_wconf 91' lang='lat' dir='ltr'>et</span> <span class='ocrx_word' id='word_1_593' title='bbox 1524 1187 1556 1216; x_wconf 90' lang='lat' dir='ltr'>in</span> <span class='ocrx_word' id='word_1_594' title='bbox 1585 1187 1811 1217; x_wconf 58' lang='lat' dir='ltr'>immobilibus</span> <span class='ocrx_word' id='word_1_595' title='bbox 1841 1188 2006 1228; x_wconf 89' lang='lat' dir='ltr'>Utrunque</span> <span class='ocrx_word' id='word_1_596' title='bbox 2037 1198 2111 1218; x_wconf 90' lang='lat' dir='ltr'>vero</span> <span class='ocrx_word' id='word_1_597' title='bbox 2139 1199 2249 1219; x_wconf 88' lang='lat' dir='ltr'>verum</span> <span class='ocrx_word' id='word_1_598' title='bbox 2273 1196 2318 1220; x_wconf 90' lang='lat' dir='ltr'>est</span> <span class='ocrx_word' id='word_1_599' title='bbox 2341 1190 2462 1227; x_wconf 87' lang='lat' dir='ltr'>dicere,</span> 
     </span>
     <span class='ocr_line' id='line_1_82' title="bbox 1471 1231 2463 1274; baseline 0.003 -14"><span class='ocrx_word' id='word_1_600' title='bbox 1471 1241 1536 1261; x_wconf 91' lang='lat' dir='ltr'>non</span> <span class='ocrx_word' id='word_1_601' title='bbox 1559 1231 1755 1271; x_wconf 87' lang='lat' dir='ltr'>impossibile</span> <span class='ocrx_word' id='word_1_602' title='bbox 1779 1241 1845 1261; x_wconf 90' lang='lat' dir='ltr'>esse</span> <span class='ocrx_word' id='word_1_603' title='bbox 1872 1232 2032 1262; x_wconf 88' lang='lat' dir='ltr'>ambulare</span> <span class='ocrx_word' id='word_1_604' title='bbox 2056 1233 2104 1262; x_wconf 89' lang='lat' dir='ltr'>vel</span> <span class='ocrx_word' id='word_1_605' title='bbox 2128 1243 2211 1270; x_wconf 87' lang='lat' dir='ltr'>esse,</span> <span class='ocrx_word' id='word_1_606' title='bbox 2236 1240 2266 1263; x_wconf 90' lang='lat' dir='ltr'>et</span> <span class='ocrx_word' id='word_1_607' title='bbox 2288 1234 2376 1274; x_wconf 89' lang='lat' dir='ltr'>quod</span> <span class='ocrx_word' id='word_1_608' title='bbox 2399 1234 2463 1263; x_wconf 88' lang='lat' dir='ltr'>iam</span> 
     </span>
     <span class='ocr_line' id='line_1_83' title="bbox 1470 1275 2075 1314; baseline 0.002 -10"><span class='ocrx_word' id='word_1_609' title='bbox 1470 1275 1611 1305; x_wconf 83' lang='lat' dir='ltr'>ambulat</span> <span class='ocrx_word' id='word_1_610' title='bbox 1634 1282 1664 1305; x_wconf 90' lang='lat' dir='ltr'>et</span> <span class='ocrx_word' id='word_1_611' title='bbox 1687 1275 1759 1314; x_wconf 84' lang='lat' dir='ltr'>agit,</span> <span class='ocrx_word' id='word_1_612' title='bbox 1785 1282 1815 1305; x_wconf 86' lang='lat' dir='ltr'>et</span> <span class='ocrx_word' id='word_1_613' title='bbox 1837 1275 2075 1306; x_wconf 89' lang='lat' dir='ltr'>ambulativum.</span> 
     </span>
    </p>

    <p class='ocr_par' dir='ltr' id='par_1_27' title="bbox 1404 1319 2463 1491">
     <span class='ocr_line' id='line_1_84' title="bbox 1404 1319 2463 1359; baseline 0.003 -11"><span class='ocrx_word' id='word_1_614' title='bbox 1404 1320 1476 1349; x_wconf 89' lang='lat' dir='ltr'>Hoc</span> <span class='ocrx_word' id='word_1_615' title='bbox 1499 1319 1593 1358; x_wconf 86' lang='lat' dir='ltr'>igitur</span> <span class='ocrx_word' id='word_1_616' title='bbox 1616 1319 1765 1359; x_wconf 90' lang='lat' dir='ltr'>possibile</span> <span class='ocrx_word' id='word_1_617' title='bbox 1789 1329 1854 1348; x_wconf 90' lang='lat' dir='ltr'>non</span> <span class='ocrx_word' id='word_1_618' title='bbox 1883 1326 1928 1349; x_wconf 91' lang='lat' dir='ltr'>est</span> <span class='ocrx_word' id='word_1_619' title='bbox 1951 1329 2061 1350; x_wconf 85' lang='lat' dir='ltr'>verum</span> <span class='ocrx_word' id='word_1_620' title='bbox 2089 1320 2127 1349; x_wconf 92' lang='lat' dir='ltr'>de</span> <span class='ocrx_word' id='word_1_621' title='bbox 2159 1320 2330 1350; x_wconf 88' lang='lat' dir='ltr'>necessario</span> <span class='ocrx_word' id='word_1_622' title='bbox 2362 1321 2463 1351; x_wconf 90' lang='lat' dir='ltr'>dicere</span> 
     </span>
     <span class='ocr_line' id='line_1_85' title="bbox 1471 1363 2463 1404; baseline 0.002 -12"><span class='ocrx_word' id='word_1_623' title='bbox 1471 1363 1662 1402; x_wconf 86' lang='lat' dir='ltr'>simpliciter,</span> <span class='ocrx_word' id='word_1_624' title='bbox 1680 1363 1813 1393; x_wconf 88' lang='lat' dir='ltr'>alterum</span> <span class='ocrx_word' id='word_1_625' title='bbox 1837 1370 1942 1393; x_wconf 90' lang='lat' dir='ltr'>autem</span> <span class='ocrx_word' id='word_1_626' title='bbox 1966 1374 2076 1393; x_wconf 83' lang='lat' dir='ltr'>verum</span> <span class='ocrx_word' id='word_1_627' title='bbox 2100 1370 2155 1394; x_wconf 89' lang='lat' dir='ltr'>est.</span> <span class='ocrx_word' id='word_1_628' title='bbox 2180 1365 2284 1401; x_wconf 86' lang='lat' dir='ltr'>Quare</span> <span class='ocrx_word' id='word_1_629' title='bbox 2310 1365 2463 1404; x_wconf 88' lang='lat' dir='ltr'>quoniam</span> 
     </span>
     <span class='ocr_line' id='line_1_86' title="bbox 1471 1407 2463 1447; baseline 0.002 -10"><span class='ocrx_word' id='word_1_630' title='bbox 1471 1414 1590 1447; x_wconf 90' lang='lat' dir='ltr'>partem</span> <span class='ocrx_word' id='word_1_631' title='bbox 1615 1407 1788 1437; x_wconf 87' lang='lat' dir='ltr'>universale</span> <span class='ocrx_word' id='word_1_632' title='bbox 1815 1407 1973 1447; x_wconf 90' lang='lat' dir='ltr'>sequitur,</span> <span class='ocrx_word' id='word_1_633' title='bbox 2004 1407 2082 1437; x_wconf 92' lang='lat' dir='ltr'>illud</span> <span class='ocrx_word' id='word_1_634' title='bbox 2105 1408 2192 1447; x_wconf 91' lang='lat' dir='ltr'>quod</span> <span class='ocrx_word' id='word_1_635' title='bbox 2218 1417 2253 1437; x_wconf 90' lang='lat' dir='ltr'>ex</span> <span class='ocrx_word' id='word_1_636' title='bbox 2284 1409 2463 1439; x_wconf 87' lang='lat' dir='ltr'>necessitate</span> 
     </span>
     <span class='ocr_line' id='line_1_87' title="bbox 1471 1451 2268 1491; baseline 0 -10"><span class='ocrx_word' id='word_1_637' title='bbox 1471 1458 1526 1488; x_wconf 89' lang='lat' dir='ltr'>est,</span> <span class='ocrx_word' id='word_1_638' title='bbox 1552 1451 1754 1491; x_wconf 88' lang='lat' dir='ltr'>consequitur</span> <span class='ocrx_word' id='word_1_639' title='bbox 1777 1461 1869 1490; x_wconf 85' lang='lat' dir='ltr'>posse</span> <span class='ocrx_word' id='word_1_640' title='bbox 1893 1461 1970 1488; x_wconf 88' lang='lat' dir='ltr'>esse,</span> <span class='ocrx_word' id='word_1_641' title='bbox 1995 1452 2049 1481; x_wconf 88' lang='lat' dir='ltr'>sed</span> <span class='ocrx_word' id='word_1_642' title='bbox 2073 1462 2139 1481; x_wconf 91' lang='lat' dir='ltr'>non</span> <span class='ocrx_word' id='word_1_643' title='bbox 2163 1461 2268 1481; x_wconf 88' lang='lat' dir='ltr'>omne.</span> 
     </span>
    </p>

    <p class='ocr_par' dir='ltr' id='par_1_28' title="bbox 1404 1495 2464 1667">
     <span class='ocr_line' id='line_1_88' title="bbox 1404 1495 2463 1535; baseline 0 -9"><span class='ocrx_word' id='word_1_644' title='bbox 1404 1496 1444 1526; x_wconf 90' lang='lat' dir='ltr'>Et</span> <span class='ocrx_word' id='word_1_645' title='bbox 1469 1502 1515 1526; x_wconf 92' lang='lat' dir='ltr'>est</span> <span class='ocrx_word' id='word_1_646' title='bbox 1537 1495 1665 1525; x_wconf 87' lang='lat' dir='ltr'>fortasse</span> <span class='ocrx_word' id='word_1_647' title='bbox 1690 1495 1819 1535; x_wconf 83' lang='lat' dir='ltr'>quidem</span> <span class='ocrx_word' id='word_1_648' title='bbox 1842 1495 2044 1535; x_wconf 88' lang='lat' dir='ltr'>principium,</span> <span class='ocrx_word' id='word_1_649' title='bbox 2066 1496 2154 1535; x_wconf 93' lang='lat' dir='ltr'>quod</span> <span class='ocrx_word' id='word_1_650' title='bbox 2173 1495 2383 1526; x_wconf 87' lang='lat' dir='ltr'>necessarium</span> <span class='ocrx_word' id='word_1_651' title='bbox 2407 1502 2463 1534; x_wconf 90' lang='lat' dir='ltr'>est,</span> 
     </span>
     <span class='ocr_line' id='line_1_89' title="bbox 1471 1539 2462 1580; baseline -0.001 -10"><span class='ocrx_word' id='word_1_652' title='bbox 1471 1547 1501 1570; x_wconf 90' lang='lat' dir='ltr'>et</span> <span class='ocrx_word' id='word_1_653' title='bbox 1523 1540 1611 1580; x_wconf 90' lang='lat' dir='ltr'>quod</span> <span class='ocrx_word' id='word_1_654' title='bbox 1628 1549 1693 1569; x_wconf 90' lang='lat' dir='ltr'>non</span> <span class='ocrx_word' id='word_1_655' title='bbox 1710 1539 1919 1569; x_wconf 89' lang='lat' dir='ltr'>necessarium</span> <span class='ocrx_word' id='word_1_656' title='bbox 1938 1546 1994 1577; x_wconf 89' lang='lat' dir='ltr'>est,</span> <span class='ocrx_word' id='word_1_657' title='bbox 2010 1540 2156 1569; x_wconf 90' lang='lat' dir='ltr'>omnium</span> <span class='ocrx_word' id='word_1_658' title='bbox 2174 1540 2222 1569; x_wconf 91' lang='lat' dir='ltr'>vel</span> <span class='ocrx_word' id='word_1_659' title='bbox 2239 1549 2316 1576; x_wconf 89' lang='lat' dir='ltr'>esse,</span> <span class='ocrx_word' id='word_1_660' title='bbox 2332 1539 2382 1569; x_wconf 87' lang='lat' dir='ltr'>vel</span> <span class='ocrx_word' id='word_1_661' title='bbox 2398 1550 2462 1569; x_wconf 93' lang='lat' dir='ltr'>non</span> 
     </span>
     <span class='ocr_line' id='line_1_90' title="bbox 1470 1583 2464 1624; baseline 0 -11"><span class='ocrx_word' id='word_1_662' title='bbox 1470 1591 1551 1614; x_wconf 85' lang='lat' dir='ltr'>esse:</span> <span class='ocrx_word' id='word_1_663' title='bbox 1576 1590 1606 1613; x_wconf 91' lang='lat' dir='ltr'>et</span> <span class='ocrx_word' id='word_1_664' title='bbox 1629 1583 1703 1618; x_wconf 85' lang='lat' dir='ltr'>alia,</span> <span class='ocrx_word' id='word_1_665' title='bbox 1727 1583 1824 1613; x_wconf 89' lang='lat' dir='ltr'>veluti</span> <span class='ocrx_word' id='word_1_666' title='bbox 1853 1583 1970 1614; x_wconf 91' lang='lat' dir='ltr'>horum</span> <span class='ocrx_word' id='word_1_667' title='bbox 2002 1583 2244 1624; x_wconf 88' lang='lat' dir='ltr'>consequentia,</span> <span class='ocrx_word' id='word_1_668' title='bbox 2269 1583 2464 1613; x_wconf 84' lang='lat' dir='ltr'>considerare</span> 
     </span>
     <span class='ocr_line' id='line_1_91' title="bbox 1470 1634 1605 1667; baseline 0.007 -10"><span class='ocrx_word' id='word_1_669' title='bbox 1470 1634 1605 1667; x_wconf 81' lang='lat' dir='ltr'>oportet.</span> 
     </span>
    </p>

    <p class='ocr_par' dir='ltr' id='par_1_29' title="bbox 1403 1671 2464 1845">
     <span class='ocr_line' id='line_1_92' title="bbox 1403 1671 2464 1711; baseline -0.003 -8"><span class='ocrx_word' id='word_1_670' title='bbox 1403 1672 1606 1703; x_wconf 84' lang='lat' dir='ltr'>Manifestum</span> <span class='ocrx_word' id='word_1_671' title='bbox 1637 1677 1683 1700; x_wconf 89' lang='lat' dir='ltr'>est</span> <span class='ocrx_word' id='word_1_672' title='bbox 1713 1677 1820 1700; x_wconf 84' lang='lat' dir='ltr'>autern</span> <span class='ocrx_word' id='word_1_673' title='bbox 1847 1681 1883 1701; x_wconf 86' lang='lat' dir='ltr'>ex</span> <span class='ocrx_word' id='word_1_674' title='bbox 1911 1671 1958 1700; x_wconf 92' lang='lat' dir='ltr'>his</span> <span class='ocrx_word' id='word_1_675' title='bbox 1982 1681 2062 1711; x_wconf 89' lang='lat' dir='ltr'>quae</span> <span class='ocrx_word' id='word_1_676' title='bbox 2095 1671 2176 1701; x_wconf 85' lang='lat' dir='ltr'>dicta</span> <span class='ocrx_word' id='word_1_677' title='bbox 2199 1677 2291 1708; x_wconf 86' lang='lat' dir='ltr'>sunt,</span> <span class='ocrx_word' id='word_1_678' title='bbox 2321 1671 2409 1711; x_wconf 92' lang='lat' dir='ltr'>quod</span> <span class='ocrx_word' id='word_1_679' title='bbox 2432 1671 2464 1700; x_wconf 95' lang='lat' dir='ltr'>id</span> 
     </span>
     <span class='ocr_line' id='line_1_93' title="bbox 1469 1714 2464 1756; baseline -0.001 -10"><span class='ocrx_word' id='word_1_680' title='bbox 1469 1716 1558 1756; x_wconf 90' lang='lat' dir='ltr'>quod</span> <span class='ocrx_word' id='word_1_681' title='bbox 1576 1725 1612 1745; x_wconf 87' lang='lat' dir='ltr'>ex</span> <span class='ocrx_word' id='word_1_682' title='bbox 1632 1714 1810 1745; x_wconf 86' lang='lat' dir='ltr'>necessitate</span> <span class='ocrx_word' id='word_1_683' title='bbox 1830 1722 1886 1751; x_wconf 87' lang='lat' dir='ltr'>est,</span> <span class='ocrx_word' id='word_1_684' title='bbox 1910 1715 2086 1745; x_wconf 89' lang='lat' dir='ltr'>secundum</span> <span class='ocrx_word' id='word_1_685' title='bbox 2104 1722 2211 1745; x_wconf 88' lang='lat' dir='ltr'>actum</span> <span class='ocrx_word' id='word_1_686' title='bbox 2231 1721 2294 1745; x_wconf 88' lang='lat' dir='ltr'>est:</span> <span class='ocrx_word' id='word_1_687' title='bbox 2319 1725 2415 1755; x_wconf 87' lang='lat' dir='ltr'>quare</span> <span class='ocrx_word' id='word_1_688' title='bbox 2438 1715 2464 1745; x_wconf 90' lang='lat' dir='ltr'>si</span> 
     </span>
     <span class='ocr_line' id='line_1_94' title="bbox 1470 1759 2464 1800; baseline 0 -11"><span class='ocrx_word' id='word_1_689' title='bbox 1470 1760 1574 1800; x_wconf 88' lang='lat' dir='ltr'>priora</span> <span class='ocrx_word' id='word_1_690' title='bbox 1604 1766 1677 1789; x_wconf 90' lang='lat' dir='ltr'>sunt</span> <span class='ocrx_word' id='word_1_691' title='bbox 1708 1759 1915 1799; x_wconf 88' lang='lat' dir='ltr'>sempiterna,</span> <span class='ocrx_word' id='word_1_692' title='bbox 1939 1766 1970 1789; x_wconf 90' lang='lat' dir='ltr'>et</span> <span class='ocrx_word' id='word_1_693' title='bbox 1996 1769 2077 1799; x_wconf 88' lang='lat' dir='ltr'>quae</span> <span class='ocrx_word' id='word_1_694' title='bbox 2108 1766 2178 1789; x_wconf 91' lang='lat' dir='ltr'>actu</span> <span class='ocrx_word' id='word_1_695' title='bbox 2210 1766 2283 1789; x_wconf 91' lang='lat' dir='ltr'>sunt</span> <span class='ocrx_word' id='word_1_696' title='bbox 2310 1765 2464 1798; x_wconf 89' lang='lat' dir='ltr'>potestate</span> 
     </span>
     <span class='ocr_line' id='line_1_95' title="bbox 1470 1804 2008 1845; baseline 0 -12"><span class='ocrx_word' id='word_1_697' title='bbox 1470 1804 1575 1843; x_wconf 89' lang='lat' dir='ltr'>priora</span> <span class='ocrx_word' id='word_1_698' title='bbox 1597 1810 1680 1833; x_wconf 89' lang='lat' dir='ltr'>sunt.</span> <span class='ocrx_word' id='word_1_699' title='bbox 2003 1840 2008 1845; x_wconf 31' lang='grc' dir='ltr'>ι</span> 
     </span>
    </p>

    <p class='ocr_par' dir='ltr' id='par_1_30' title="bbox 1403 1846 2464 2020">
     <span class='ocr_line' id='line_1_96' title="bbox 1403 1846 2462 1888; baseline -0.002 -10"><span class='ocrx_word' id='word_1_700' title='bbox 1403 1849 1444 1878; x_wconf 87' lang='lat' dir='ltr'>Et</span> <span class='ocrx_word' id='word_1_701' title='bbox 1466 1848 1543 1878; x_wconf 89' lang='lat' dir='ltr'>haec</span> <span class='ocrx_word' id='word_1_702' title='bbox 1566 1847 1696 1888; x_wconf 89' lang='lat' dir='ltr'>quidem</span> <span class='ocrx_word' id='word_1_703' title='bbox 1719 1846 1785 1876; x_wconf 90' lang='lat' dir='ltr'>sine</span> <span class='ocrx_word' id='word_1_704' title='bbox 1801 1853 1953 1886; x_wconf 84' lang='lat' dir='ltr'>potestate</span> <span class='ocrx_word' id='word_1_705' title='bbox 1977 1853 2063 1876; x_wconf 84' lang='lat' dir='ltr'>actus</span> <span class='ocrx_word' id='word_1_706' title='bbox 2088 1852 2171 1883; x_wconf 87' lang='lat' dir='ltr'>sunt,</span> <span class='ocrx_word' id='word_1_707' title='bbox 2196 1853 2231 1876; x_wconf 91' lang='lat' dir='ltr'>ut</span> <span class='ocrx_word' id='word_1_708' title='bbox 2246 1846 2365 1886; x_wconf 84' lang='lat' dir='ltr'>primae</span> <span class='ocrx_word' id='word_1_709' title='bbox 2389 1846 2462 1876; x_wconf 92' lang='lat' dir='ltr'>sub-</span> 
     </span>
     <span class='ocr_line' id='line_1_97' title="bbox 1471 1890 2464 1930; baseline -0.002 -8"><span class='ocrx_word' id='word_1_710' title='bbox 1471 1891 1616 1922; x_wconf 79' lang='lat' dir='ltr'>stantiae:</span> <span class='ocrx_word' id='word_1_711' title='bbox 1641 1890 1699 1920; x_wconf 90' lang='lat' dir='ltr'>alia</span> <span class='ocrx_word' id='word_1_712' title='bbox 1722 1901 1796 1920; x_wconf 80' lang='lat' dir='ltr'>vero</span> <span class='ocrx_word' id='word_1_713' title='bbox 1821 1901 1894 1920; x_wconf 90' lang='lat' dir='ltr'>cum</span> <span class='ocrx_word' id='word_1_714' title='bbox 1916 1897 2079 1930; x_wconf 83' lang='lat' dir='ltr'>potestate,</span> <span class='ocrx_word' id='word_1_715' title='bbox 2097 1900 2177 1930; x_wconf 87' lang='lat' dir='ltr'>quae</span> <span class='ocrx_word' id='word_1_716' title='bbox 2201 1897 2311 1920; x_wconf 86' lang='lat' dir='ltr'>natura</span> <span class='ocrx_word' id='word_1_717' title='bbox 2334 1890 2464 1930; x_wconf 92' lang='lat' dir='ltr'>quidem</span> 
     </span>
     <span class='ocr_line' id='line_1_98' title="bbox 1473 1934 2462 1975; baseline -0.001 -10"><span class='ocrx_word' id='word_1_718' title='bbox 1473 1936 1578 1975; x_wconf 89' lang='lat' dir='ltr'>priora</span> <span class='ocrx_word' id='word_1_719' title='bbox 1601 1942 1688 1973; x_wconf 91' lang='lat' dir='ltr'>sunt,</span> <span class='ocrx_word' id='word_1_720' title='bbox 1718 1941 1860 1975; x_wconf 88' lang='lat' dir='ltr'>ternpore</span> <span class='ocrx_word' id='word_1_721' title='bbox 1883 1945 1957 1964; x_wconf 91' lang='lat' dir='ltr'>vero</span> <span class='ocrx_word' id='word_1_722' title='bbox 1981 1934 2163 1974; x_wconf 85' lang='lat' dir='ltr'>posteriora.</span> <span class='ocrx_word' id='word_1_723' title='bbox 2188 1934 2258 1964; x_wconf 86' lang='lat' dir='ltr'>Alia</span> <span class='ocrx_word' id='word_1_724' title='bbox 2276 1944 2350 1964; x_wconf 88' lang='lat' dir='ltr'>vero</span> <span class='ocrx_word' id='word_1_725' title='bbox 2371 1944 2462 1964; x_wconf 90' lang='lat' dir='ltr'>num-</span> 
     </span>
     <span class='ocr_line' id='line_1_99' title="bbox 1471 1979 2220 2020; baseline -0.001 -11"><span class='ocrx_word' id='word_1_726' title='bbox 1471 1990 1569 2020; x_wconf 86' lang='lat' dir='ltr'>quam</span> <span class='ocrx_word' id='word_1_727' title='bbox 1592 1986 1679 2009; x_wconf 82' lang='lat' dir='ltr'>actus</span> <span class='ocrx_word' id='word_1_728' title='bbox 1703 1986 1793 2017; x_wconf 90' lang='lat' dir='ltr'>sunt,</span> <span class='ocrx_word' id='word_1_729' title='bbox 1818 1979 1872 2008; x_wconf 85' lang='lat' dir='ltr'>sed</span> <span class='ocrx_word' id='word_1_730' title='bbox 1895 1985 2063 2018; x_wconf 89' lang='lat' dir='ltr'>potestates</span> <span class='ocrx_word' id='word_1_731' title='bbox 2086 1985 2220 2008; x_wconf 88' lang='lat' dir='ltr'>tantum.</span> 
     </span>
    </p>
   </div>
   <div class='ocr_carea' id='block_1_21' title="bbox 1403 2073 2465 3663">
    <p class='ocr_par' dir='ltr' id='par_1_31' title="bbox 1403 2073 2465 2941">
     <span class='ocr_line' id='line_1_100' title="bbox 1404 2073 2463 2117; baseline 0 -10"><span class='ocrx_word' id='word_1_732' title='bbox 1404 2075 1521 2114; x_wconf 83' lang='lat' dir='ltr'>scitur,</span> <span class='ocrx_word' id='word_1_733' title='bbox 1545 2073 1670 2107; x_wconf 88' lang='lat' dir='ltr'>dicens:</span> <span class='ocrx_word' id='word_1_734' title='bbox 1696 2073 1849 2117; x_wconf 88' lang='lat' dir='ltr'>possibile</span> <span class='ocrx_word' id='word_1_735' title='bbox 1874 2074 1961 2106; x_wconf 91' lang='lat' dir='ltr'>enim</span> <span class='ocrx_word' id='word_1_736' title='bbox 1977 2084 2044 2106; x_wconf 90' lang='lat' dir='ltr'>non</span> <span class='ocrx_word' id='word_1_737' title='bbox 2061 2084 2129 2106; x_wconf 93' lang='lat' dir='ltr'>uno</span> <span class='ocrx_word' id='word_1_738' title='bbox 2146 2073 2247 2107; x_wconf 91' lang='lat' dir='ltr'>modo</span> <span class='ocrx_word' id='word_1_739' title='bbox 2264 2074 2389 2114; x_wconf 87' lang='lat' dir='ltr'>dicitur,</span> <span class='ocrx_word' id='word_1_740' title='bbox 2406 2075 2463 2108; x_wconf 90' lang='lat' dir='ltr'>sed</span> 
     </span>
     <span class='ocr_line' id='line_1_101' title="bbox 1404 2121 2463 2167; baseline 0 -11"><span class='ocrx_word' id='word_1_741' title='bbox 1404 2123 1542 2156; x_wconf 91' lang='lat' dir='ltr'>duobus.</span> <span class='ocrx_word' id='word_1_742' title='bbox 1568 2123 1609 2155; x_wconf 92' lang='lat' dir='ltr'>Et</span> <span class='ocrx_word' id='word_1_743' title='bbox 1636 2133 1704 2155; x_wconf 92' lang='lat' dir='ltr'>uno</span> <span class='ocrx_word' id='word_1_744' title='bbox 1721 2121 1853 2166; x_wconf 87' lang='lat' dir='ltr'>quidem</span> <span class='ocrx_word' id='word_1_745' title='bbox 1870 2121 1970 2154; x_wconf 91' lang='lat' dir='ltr'>modo</span> <span class='ocrx_word' id='word_1_746' title='bbox 1991 2121 2108 2154; x_wconf 88' lang='lat' dir='ltr'>dicitur</span> <span class='ocrx_word' id='word_1_747' title='bbox 2131 2122 2285 2165; x_wconf 90' lang='lat' dir='ltr'>possibile</span> <span class='ocrx_word' id='word_1_748' title='bbox 2309 2135 2349 2156; x_wconf 92' lang='lat' dir='ltr'>eo</span> <span class='ocrx_word' id='word_1_749' title='bbox 2374 2123 2463 2167; x_wconf 91' lang='lat' dir='ltr'>quod</span> 
     </span>
     <span class='ocr_line' id='line_1_102' title="bbox 1403 2169 2462 2215; baseline 0 -11"><span class='ocrx_word' id='word_1_750' title='bbox 1403 2183 1518 2205; x_wconf 90' lang='lat' dir='ltr'>verum</span> <span class='ocrx_word' id='word_1_751' title='bbox 1535 2180 1583 2204; x_wconf 90' lang='lat' dir='ltr'>est</span> <span class='ocrx_word' id='word_1_752' title='bbox 1603 2179 1638 2203; x_wconf 92' lang='lat' dir='ltr'>ut</span> <span class='ocrx_word' id='word_1_753' title='bbox 1655 2171 1687 2203; x_wconf 91' lang='lat' dir='ltr'>in</span> <span class='ocrx_word' id='word_1_754' title='bbox 1712 2179 1800 2210; x_wconf 91' lang='lat' dir='ltr'>actu,</span> <span class='ocrx_word' id='word_1_755' title='bbox 1826 2170 1908 2203; x_wconf 91' lang='lat' dir='ltr'>idest</span> <span class='ocrx_word' id='word_1_756' title='bbox 1929 2179 1965 2202; x_wconf 93' lang='lat' dir='ltr'>ut</span> <span class='ocrx_word' id='word_1_757' title='bbox 1981 2169 2146 2203; x_wconf 85' lang='lat' dir='ltr'>actualiter</span> <span class='ocrx_word' id='word_1_758' title='bbox 2162 2180 2225 2209; x_wconf 88' lang='lat' dir='ltr'>est;</span> <span class='ocrx_word' id='word_1_759' title='bbox 2243 2181 2288 2211; x_wconf 92' lang='lat' dir='ltr'>ut,</span> <span class='ocrx_word' id='word_1_760' title='bbox 2309 2171 2462 2215; x_wconf 90' lang='lat' dir='ltr'>possibile</span> 
     </span>
     <span class='ocr_line' id='line_1_103' title="bbox 1404 2218 2465 2263; baseline 0 -10"><span class='ocrx_word' id='word_1_761' title='bbox 1404 2229 1453 2253; x_wconf 91' lang='lat' dir='ltr'>est</span> <span class='ocrx_word' id='word_1_762' title='bbox 1468 2219 1644 2256; x_wconf 76' lang='lat' dir='ltr'>ambulare,</span> <span class='ocrx_word' id='word_1_763' title='bbox 1661 2218 1793 2263; x_wconf 85' lang='lat' dir='ltr'>quando</span> <span class='ocrx_word' id='word_1_764' title='bbox 1809 2218 1951 2251; x_wconf 90' lang='lat' dir='ltr'>ambulat</span> <span class='ocrx_word' id='word_1_765' title='bbox 1968 2219 2048 2251; x_wconf 87' lang='lat' dir='ltr'>iam:</span> <span class='ocrx_word' id='word_1_766' title='bbox 2073 2228 2104 2252; x_wconf 93' lang='lat' dir='ltr'>et</span> <span class='ocrx_word' id='word_1_767' title='bbox 2128 2220 2276 2260; x_wconf 88' lang='lat' dir='ltr'>omnino,</span> <span class='ocrx_word' id='word_1_768' title='bbox 2292 2219 2375 2253; x_wconf 90' lang='lat' dir='ltr'>idest</span> <span class='ocrx_word' id='word_1_769' title='bbox 2394 2221 2465 2253; x_wconf 92' lang='lat' dir='ltr'>uni-</span> 
     </span>
     <span class='ocr_line' id='line_1_104' title="bbox 1403 2267 2463 2312; baseline 0 -10"><span class='ocrx_word' id='word_1_770' title='bbox 1403 2268 1570 2302; x_wconf 88' lang='lat' dir='ltr'>versaliter</span> <span class='ocrx_word' id='word_1_771' title='bbox 1593 2267 1746 2311; x_wconf 87' lang='lat' dir='ltr'>possibile</span> <span class='ocrx_word' id='word_1_772' title='bbox 1771 2276 1819 2300; x_wconf 89' lang='lat' dir='ltr'>est</span> <span class='ocrx_word' id='word_1_773' title='bbox 1842 2279 1923 2307; x_wconf 88' lang='lat' dir='ltr'>esse,</span> <span class='ocrx_word' id='word_1_774' title='bbox 1941 2268 2097 2310; x_wconf 90' lang='lat' dir='ltr'>quoniam</span> <span class='ocrx_word' id='word_1_775' title='bbox 2121 2276 2169 2300; x_wconf 91' lang='lat' dir='ltr'>est</span> <span class='ocrx_word' id='word_1_776' title='bbox 2188 2277 2260 2300; x_wconf 88' lang='lat' dir='ltr'>actu</span> <span class='ocrx_word' id='word_1_777' title='bbox 2286 2269 2349 2300; x_wconf 92' lang='lat' dir='ltr'>iam</span> <span class='ocrx_word' id='word_1_778' title='bbox 2374 2268 2463 2312; x_wconf 93' lang='lat' dir='ltr'>quod</span> 
     </span>
     <span class='ocr_line' id='line_1_105' title="bbox 1405 2314 2463 2361; baseline 0 -11"><span class='ocrx_word' id='word_1_779' title='bbox 1405 2317 1559 2361; x_wconf 89' lang='lat' dir='ltr'>possibile</span> <span class='ocrx_word' id='word_1_780' title='bbox 1584 2316 1708 2350; x_wconf 90' lang='lat' dir='ltr'>dicitur.</span> <span class='ocrx_word' id='word_1_781' title='bbox 1735 2315 1887 2349; x_wconf 91' lang='lat' dir='ltr'>Secundo</span> <span class='ocrx_word' id='word_1_782' title='bbox 1911 2314 2012 2348; x_wconf 94' lang='lat' dir='ltr'>modo</span> <span class='ocrx_word' id='word_1_783' title='bbox 2036 2324 2145 2348; x_wconf 88' lang='lat' dir='ltr'>autem</span> <span class='ocrx_word' id='word_1_784' title='bbox 2169 2315 2322 2359; x_wconf 90' lang='lat' dir='ltr'>possibile</span> <span class='ocrx_word' id='word_1_785' title='bbox 2347 2316 2463 2350; x_wconf 91' lang='lat' dir='ltr'>dicitur</span> 
     </span>
     <span class='ocr_line' id='line_1_106' title="bbox 1404 2362 2462 2409; baseline -0.001 -11"><span class='ocrx_word' id='word_1_786' title='bbox 1404 2364 1525 2409; x_wconf 89' lang='lat' dir='ltr'>aliquid</span> <span class='ocrx_word' id='word_1_787' title='bbox 1538 2376 1606 2397; x_wconf 94' lang='lat' dir='ltr'>non</span> <span class='ocrx_word' id='word_1_788' title='bbox 1623 2376 1659 2397; x_wconf 86' lang='lat' dir='ltr'>ea</span> <span class='ocrx_word' id='word_1_789' title='bbox 1675 2364 1799 2396; x_wconf 90' lang='lat' dir='ltr'>ratione</span> <span class='ocrx_word' id='word_1_790' title='bbox 1817 2364 1892 2407; x_wconf 91' lang='lat' dir='ltr'>quia</span> <span class='ocrx_word' id='word_1_791' title='bbox 1908 2372 1956 2396; x_wconf 92' lang='lat' dir='ltr'>est</span> <span class='ocrx_word' id='word_1_792' title='bbox 1972 2363 2148 2403; x_wconf 88' lang='lat' dir='ltr'>actualiter,</span> <span class='ocrx_word' id='word_1_793' title='bbox 2165 2362 2220 2396; x_wconf 92' lang='lat' dir='ltr'>sed</span> <span class='ocrx_word' id='word_1_794' title='bbox 2237 2364 2312 2407; x_wconf 92' lang='lat' dir='ltr'>quia</span> <span class='ocrx_word' id='word_1_795' title='bbox 2328 2363 2462 2397; x_wconf 87' lang='lat' dir='ltr'>forsitan</span> 
     </span>
     <span class='ocr_line' id='line_1_107' title="bbox 1405 2411 2462 2456; baseline 0 -10"><span class='ocrx_word' id='word_1_796' title='bbox 1405 2422 1488 2456; x_wconf 88' lang='lat' dir='ltr'>aget,</span> <span class='ocrx_word' id='word_1_797' title='bbox 1509 2412 1591 2445; x_wconf 93' lang='lat' dir='ltr'>idest</span> <span class='ocrx_word' id='word_1_798' title='bbox 1615 2413 1691 2456; x_wconf 87' lang='lat' dir='ltr'>quia</span> <span class='ocrx_word' id='word_1_799' title='bbox 1715 2420 1822 2455; x_wconf 88' lang='lat' dir='ltr'>potest</span> <span class='ocrx_word' id='word_1_800' title='bbox 1846 2421 1958 2454; x_wconf 87' lang='lat' dir='ltr'>agere;</span> <span class='ocrx_word' id='word_1_801' title='bbox 1982 2420 2019 2443; x_wconf 93' lang='lat' dir='ltr'>ut</span> <span class='ocrx_word' id='word_1_802' title='bbox 2037 2411 2192 2454; x_wconf 89' lang='lat' dir='ltr'>possibile</span> <span class='ocrx_word' id='word_1_803' title='bbox 2215 2420 2264 2444; x_wconf 91' lang='lat' dir='ltr'>est</span> <span class='ocrx_word' id='word_1_804' title='bbox 2288 2411 2462 2453; x_wconf 90' lang='lat' dir='ltr'>ambulare,</span> 
     </span>
     <span class='ocr_line' id='line_1_108' title="bbox 1405 2459 2464 2505; baseline 0 -11"><span class='ocrx_word' id='word_1_805' title='bbox 1405 2462 1561 2505; x_wconf 89' lang='lat' dir='ltr'>quoniam</span> <span class='ocrx_word' id='word_1_806' title='bbox 1586 2459 1771 2493; x_wconf 88' lang='lat' dir='ltr'>ambulabit.</span> <span class='ocrx_word' id='word_1_807' title='bbox 1797 2459 1862 2492; x_wconf 92' lang='lat' dir='ltr'>Ubi</span> <span class='ocrx_word' id='word_1_808' title='bbox 1885 2459 2119 2492; x_wconf 87' lang='lat' dir='ltr'>advertendum</span> <span class='ocrx_word' id='word_1_809' title='bbox 2143 2467 2190 2492; x_wconf 88' lang='lat' dir='ltr'>est</span> <span class='ocrx_word' id='word_1_810' title='bbox 2215 2459 2304 2503; x_wconf 91' lang='lat' dir='ltr'>quod</span> <span class='ocrx_word' id='word_1_811' title='bbox 2328 2472 2367 2493; x_wconf 85' lang='lat' dir='ltr'>ex</span> <span class='ocrx_word' id='word_1_812' title='bbox 2386 2460 2464 2494; x_wconf 88' lang='lat' dir='ltr'>divi-</span> 
     </span>
     <span class='ocr_line' id='line_1_109' title="bbox 1405 2507 2462 2552; baseline -0.001 -10"><span class='ocrx_word' id='word_1_813' title='bbox 1405 2510 1497 2542; x_wconf 93' lang='lat' dir='ltr'>sione</span> <span class='ocrx_word' id='word_1_814' title='bbox 1521 2507 1692 2541; x_wconf 92' lang='lat' dir='ltr'>bimembri</span> <span class='ocrx_word' id='word_1_815' title='bbox 1716 2507 1878 2552; x_wconf 86' lang='lat' dir='ltr'>possibilis</span> <span class='ocrx_word' id='word_1_816' title='bbox 1903 2507 2097 2541; x_wconf 88' lang='lat' dir='ltr'>divisionem</span> <span class='ocrx_word' id='word_1_817' title='bbox 2121 2518 2219 2551; x_wconf 89' lang='lat' dir='ltr'>supra</span> <span class='ocrx_word' id='word_1_818' title='bbox 2242 2509 2383 2551; x_wconf 90' lang='lat' dir='ltr'>positam</span> <span class='ocrx_word' id='word_1_819' title='bbox 2405 2520 2462 2552; x_wconf 94' lang='lat' dir='ltr'>po-</span> 
     </span>
     <span class='ocr_line' id='line_1_110' title="bbox 1405 2551 2463 2600; baseline -0.001 -10"><span class='ocrx_word' id='word_1_820' title='bbox 1405 2551 1522 2590; x_wconf 86' lang='lat' dir='ltr'>tentiae</span> <span class='ocrx_word' id='word_1_821' title='bbox 1541 2556 1713 2590; x_wconf 87' lang='lat' dir='ltr'>declaravit</span> <span class='ocrx_word' id='word_1_822' title='bbox 1737 2568 1754 2589; x_wconf 91' lang='lat' dir='ltr'>a</span> <span class='ocrx_word' id='word_1_823' title='bbox 1776 2556 1957 2599; x_wconf 90' lang='lat' dir='ltr'>posteriori.</span> <span class='ocrx_word' id='word_1_824' title='bbox 1983 2555 2141 2588; x_wconf 92' lang='lat' dir='ltr'>Possibile</span> <span class='ocrx_word' id='word_1_825' title='bbox 2165 2557 2253 2589; x_wconf 90' lang='lat' dir='ltr'>enim</span> <span class='ocrx_word' id='word_1_826' title='bbox 2277 2568 2294 2589; x_wconf 89' lang='lat' dir='ltr'>a</span> <span class='ocrx_word' id='word_1_827' title='bbox 2318 2558 2463 2600; x_wconf 89' lang='lat' dir='ltr'>potentia</span> 
     </span>
     <span class='ocr_line' id='line_1_111' title="bbox 1405 2603 2462 2649; baseline -0.001 -10"><span class='ocrx_word' id='word_1_828' title='bbox 1405 2605 1538 2639; x_wconf 85' lang='lat' dir='ltr'>dicitur:</span> <span class='ocrx_word' id='word_1_829' title='bbox 1559 2604 1618 2637; x_wconf 92' lang='lat' dir='ltr'>sub</span> <span class='ocrx_word' id='word_1_830' title='bbox 1635 2606 1743 2648; x_wconf 92' lang='lat' dir='ltr'>primo</span> <span class='ocrx_word' id='word_1_831' title='bbox 1763 2604 1925 2649; x_wconf 89' lang='lat' dir='ltr'>siquidem</span> <span class='ocrx_word' id='word_1_832' title='bbox 1941 2603 2089 2636; x_wconf 85' lang='lat' dir='ltr'>membro</span> <span class='ocrx_word' id='word_1_833' title='bbox 2103 2604 2266 2647; x_wconf 91' lang='lat' dir='ltr'>possibilis</span> <span class='ocrx_word' id='word_1_834' title='bbox 2283 2605 2389 2637; x_wconf 92' lang='lat' dir='ltr'>innuit</span> <span class='ocrx_word' id='word_1_835' title='bbox 2404 2617 2462 2648; x_wconf 92' lang='lat' dir='ltr'>po-</span> 
     </span>
     <span class='ocr_line' id='line_1_112' title="bbox 1404 2652 2462 2697; baseline 0.001 -11"><span class='ocrx_word' id='word_1_836' title='bbox 1404 2655 1520 2687; x_wconf 90' lang='lat' dir='ltr'>tentias</span> <span class='ocrx_word' id='word_1_837' title='bbox 1545 2655 1737 2697; x_wconf 89' lang='lat' dir='ltr'>aequivoce;</span> <span class='ocrx_word' id='word_1_838' title='bbox 1755 2653 1814 2686; x_wconf 92' lang='lat' dir='ltr'>sub</span> <span class='ocrx_word' id='word_1_839' title='bbox 1839 2652 1984 2686; x_wconf 91' lang='lat' dir='ltr'>secundo</span> <span class='ocrx_word' id='word_1_840' title='bbox 2001 2661 2110 2685; x_wconf 90' lang='lat' dir='ltr'>autem</span> <span class='ocrx_word' id='word_1_841' title='bbox 2133 2654 2294 2697; x_wconf 90' lang='lat' dir='ltr'>potentias</span> <span class='ocrx_word' id='word_1_842' title='bbox 2312 2654 2462 2694; x_wconf 90' lang='lat' dir='ltr'>univoce,</span> 
     </span>
     <span class='ocr_line' id='line_1_113' title="bbox 1405 2701 2463 2746; baseline -0.002 -10"><span class='ocrx_word' id='word_1_843' title='bbox 1405 2704 1524 2736; x_wconf 90' lang='lat' dir='ltr'>activas</span> <span class='ocrx_word' id='word_1_844' title='bbox 1555 2702 1677 2735; x_wconf 91' lang='lat' dir='ltr'>scilicet</span> <span class='ocrx_word' id='word_1_845' title='bbox 1704 2710 1736 2734; x_wconf 91' lang='lat' dir='ltr'>et</span> <span class='ocrx_word' id='word_1_846' title='bbox 1759 2703 1912 2746; x_wconf 88' lang='lat' dir='ltr'>passivas.</span> <span class='ocrx_word' id='word_1_847' title='bbox 1945 2701 2136 2735; x_wconf 91' lang='lat' dir='ltr'>Intendebat</span> <span class='ocrx_word' id='word_1_848' title='bbox 2164 2713 2241 2744; x_wconf 89' lang='lat' dir='ltr'>ergo</span> <span class='ocrx_word' id='word_1_849' title='bbox 2270 2702 2359 2745; x_wconf 92' lang='lat' dir='ltr'>quod</span> <span class='ocrx_word' id='word_1_850' title='bbox 2388 2703 2463 2746; x_wconf 84' lang='lat' dir='ltr'>quia</span> 
     </span>
     <span class='ocr_line' id='line_1_114' title="bbox 1405 2750 2463 2796; baseline 0 -12"><span class='ocrx_word' id='word_1_851' title='bbox 1405 2751 1559 2796; x_wconf 90' lang='lat' dir='ltr'>possibile</span> <span class='ocrx_word' id='word_1_852' title='bbox 1584 2751 1755 2795; x_wconf 90' lang='lat' dir='ltr'>dupliciter</span> <span class='ocrx_word' id='word_1_853' title='bbox 1779 2751 1909 2791; x_wconf 88' lang='lat' dir='ltr'>dicitur,</span> <span class='ocrx_word' id='word_1_854' title='bbox 1934 2750 2023 2794; x_wconf 94' lang='lat' dir='ltr'>quod</span> <span class='ocrx_word' id='word_1_855' title='bbox 2047 2751 2144 2783; x_wconf 90' lang='lat' dir='ltr'>etiam</span> <span class='ocrx_word' id='word_1_856' title='bbox 2171 2759 2315 2794; x_wconf 88' lang='lat' dir='ltr'>potestas</span> <span class='ocrx_word' id='word_1_857' title='bbox 2344 2750 2463 2794; x_wconf 82' lang='lat' dir='ltr'>duplex</span> 
     </span>
     <span class='ocr_line' id='line_1_115' title="bbox 1406 2799 2462 2843; baseline -0.003 -10"><span class='ocrx_word' id='word_1_858' title='bbox 1406 2810 1463 2834; x_wconf 89' lang='lat' dir='ltr'>est.</span> <span class='ocrx_word' id='word_1_859' title='bbox 1482 2799 1668 2833; x_wconf 88' lang='lat' dir='ltr'>Declaravit</span> <span class='ocrx_word' id='word_1_860' title='bbox 1684 2809 1793 2832; x_wconf 87' lang='lat' dir='ltr'>autem</span> <span class='ocrx_word' id='word_1_861' title='bbox 1810 2808 1985 2843; x_wconf 90' lang='lat' dir='ltr'>potestates</span> <span class='ocrx_word' id='word_1_862' title='bbox 2002 2800 2195 2842; x_wconf 91' lang='lat' dir='ltr'>aequivocas</span> <span class='ocrx_word' id='word_1_863' title='bbox 2212 2811 2251 2831; x_wconf 86' lang='lat' dir='ltr'>ex</span> <span class='ocrx_word' id='word_1_864' title='bbox 2266 2810 2333 2831; x_wconf 93' lang='lat' dir='ltr'>uno</span> <span class='ocrx_word' id='word_1_865' title='bbox 2350 2810 2462 2831; x_wconf 89' lang='lat' dir='ltr'>earum</span> 
     </span>
     <span class='ocr_line' id='line_1_116' title="bbox 1405 2845 2462 2891; baseline -0.004 -9"><span class='ocrx_word' id='word_1_866' title='bbox 1405 2848 1554 2882; x_wconf 90' lang='lat' dir='ltr'>membro</span> <span class='ocrx_word' id='word_1_867' title='bbox 1578 2857 1715 2887; x_wconf 90' lang='lat' dir='ltr'>tantum,</span> <span class='ocrx_word' id='word_1_868' title='bbox 1732 2847 1854 2880; x_wconf 90' lang='lat' dir='ltr'>scilicet</span> <span class='ocrx_word' id='word_1_869' title='bbox 1877 2859 1916 2880; x_wconf 88' lang='lat' dir='ltr'>ex</span> <span class='ocrx_word' id='word_1_870' title='bbox 1939 2847 1988 2879; x_wconf 92' lang='lat' dir='ltr'>his</span> <span class='ocrx_word' id='word_1_871' title='bbox 2013 2858 2095 2891; x_wconf 90' lang='lat' dir='ltr'>quae</span> <span class='ocrx_word' id='word_1_872' title='bbox 2123 2846 2274 2879; x_wconf 91' lang='lat' dir='ltr'>dicuntur</span> <span class='ocrx_word' id='word_1_873' title='bbox 2297 2845 2462 2889; x_wconf 90' lang='lat' dir='ltr'>possibilia</span> 
     </span>
     <span class='ocr_line' id='line_1_117' title="bbox 1406 2895 2228 2941; baseline -0.004 -11"><span class='ocrx_word' id='word_1_874' title='bbox 1406 2898 1482 2941; x_wconf 92' lang='lat' dir='ltr'>quia</span> <span class='ocrx_word' id='word_1_875' title='bbox 1505 2905 1592 2937; x_wconf 88' lang='lat' dir='ltr'>sunt,</span> <span class='ocrx_word' id='word_1_876' title='bbox 1616 2897 1691 2940; x_wconf 87' lang='lat' dir='ltr'>quia</span> <span class='ocrx_word' id='word_1_877' title='bbox 1714 2896 1778 2928; x_wconf 90' lang='lat' dir='ltr'>hoc</span> <span class='ocrx_word' id='word_1_878' title='bbox 1801 2905 1850 2928; x_wconf 91' lang='lat' dir='ltr'>sat</span> <span class='ocrx_word' id='word_1_879' title='bbox 1873 2904 1940 2928; x_wconf 89' lang='lat' dir='ltr'>erat</span> <span class='ocrx_word' id='word_1_880' title='bbox 1963 2907 2024 2927; x_wconf 94' lang='lat' dir='ltr'>suo</span> <span class='ocrx_word' id='word_1_881' title='bbox 2048 2895 2228 2938; x_wconf 89' lang='lat' dir='ltr'>proposito.</span> 
     </span>
    </p>

    <p class='ocr_par' dir='ltr' id='par_1_32' title="bbox 1404 2941 2462 3663">
     <span class='ocr_line' id='line_1_118' title="bbox 1474 2941 2460 2989; baseline -0.006 -10"><span class='ocrx_word' id='word_1_882' title='bbox 1474 2958 1502 2989; x_wconf 85' lang='lat'>3.</span> <span class='ocrx_word' id='word_1_883' title='bbox 1523 2945 1650 2979; x_wconf 91' lang='lat' dir='ltr'>Deinde</span> <span class='ocrx_word' id='word_1_884' title='bbox 1665 2956 1740 2977; x_wconf 92' lang='lat' dir='ltr'>cum</span> <span class='ocrx_word' id='word_1_885' title='bbox 1754 2944 1848 2977; x_wconf 88' lang='lat' dir='ltr'>dicit:</span> <span class='ocrx_word' id='word_1_886' title='bbox 1865 2945 1905 2977; x_wconf 87' lang='lat' dir='ltr'>Et</span> <span class='ocrx_word' id='word_1_887' title='bbox 1917 2944 1985 2976; x_wconf 81' lang='lat' dir='ltr'>haec</span> <span class='ocrx_word' id='word_1_888' title='bbox 1996 2943 2113 2987; x_wconf 85' lang='lat' dir='ltr'>quidem</span> <span class='ocrx_word' id='word_1_889' title='bbox 2130 2951 2201 2981; x_wconf 91' lang='lat' dir='ltr'>etc.‚</span> <span class='ocrx_word' id='word_1_890' title='bbox 2215 2943 2356 2985; x_wconf 87' lang='lat' dir='ltr'>assignat</span> <span class='ocrx_word' id='word_1_891' title='bbox 2368 2941 2460 2974; x_wconf 92' lang='lat' dir='ltr'>diffe-</span> 
     </span>
     <span class='ocr_line' id='line_1_119' title="bbox 1405 2990 2462 3037; baseline -0.007 -9"><span class='ocrx_word' id='word_1_892' title='bbox 1405 2997 1543 3028; x_wconf 89' lang='lat' dir='ltr'>rentiam</span> <span class='ocrx_word' id='word_1_893' title='bbox 1567 2996 1650 3027; x_wconf 91' lang='lat' dir='ltr'>inter</span> <span class='ocrx_word' id='word_1_894' title='bbox 1678 3003 1837 3037; x_wconf 89' lang='lat' dir='ltr'>utranque</span> <span class='ocrx_word' id='word_1_895' title='bbox 1861 2992 2057 3036; x_wconf 85' lang='lat' dir='ltr'>potentiam,</span> <span class='ocrx_word' id='word_1_896' title='bbox 2081 2999 2113 3023; x_wconf 92' lang='lat' dir='ltr'>et</span> <span class='ocrx_word' id='word_1_897' title='bbox 2136 2991 2180 3022; x_wconf 89' lang='lat' dir='ltr'>ait</span> <span class='ocrx_word' id='word_1_898' title='bbox 2203 2990 2292 3034; x_wconf 93' lang='lat' dir='ltr'>quod</span> <span class='ocrx_word' id='word_1_899' title='bbox 2316 2990 2462 3033; x_wconf 89' lang='lat' dir='ltr'>potentia</span> 
     </span>
     <span class='ocr_line' id='line_1_120' title="bbox 1405 3037 2461 3085; baseline -0.007 -9"><span class='ocrx_word' id='word_1_900' title='bbox 1405 3044 1484 3076; x_wconf 90' lang='lat' dir='ltr'>haec</span> <span class='ocrx_word' id='word_1_901' title='bbox 1509 3043 1626 3076; x_wconf 89' lang='lat' dir='ltr'>ultimo</span> <span class='ocrx_word' id='word_1_902' title='bbox 1651 3042 1735 3075; x_wconf 89' lang='lat' dir='ltr'>dicta</span> <span class='ocrx_word' id='word_1_903' title='bbox 1763 3041 1913 3085; x_wconf 91' lang='lat' dir='ltr'>physica,</span> <span class='ocrx_word' id='word_1_904' title='bbox 1937 3049 1985 3072; x_wconf 87' lang='lat' dir='ltr'>est</span> <span class='ocrx_word' id='word_1_905' title='bbox 2008 3040 2041 3072; x_wconf 94' lang='lat' dir='ltr'>in</span> <span class='ocrx_word' id='word_1_906' title='bbox 2064 3038 2142 3071; x_wconf 91' lang='lat' dir='ltr'>solis</span> <span class='ocrx_word' id='word_1_907' title='bbox 2166 3038 2228 3070; x_wconf 93' lang='lat' dir='ltr'>illis</span> <span class='ocrx_word' id='word_1_908' title='bbox 2245 3037 2354 3077; x_wconf 92' lang='lat' dir='ltr'>rebus,</span> <span class='ocrx_word' id='word_1_909' title='bbox 2379 3048 2461 3081; x_wconf 89' lang='lat' dir='ltr'>quae</span> 
     </span>
     <span class='ocr_line' id='line_1_121' title="bbox 1406 3085 2462 3130; baseline -0.007 -6"><span class='ocrx_word' id='word_1_910' title='bbox 1406 3100 1482 3124; x_wconf 91' lang='lat' dir='ltr'>sunt</span> <span class='ocrx_word' id='word_1_911' title='bbox 1509 3091 1675 3130; x_wconf 89' lang='lat' dir='ltr'>mobiles;</span> <span class='ocrx_word' id='word_1_912' title='bbox 1707 3090 1761 3122; x_wconf 90' lang='lat' dir='ltr'>illa</span> <span class='ocrx_word' id='word_1_913' title='bbox 1785 3099 1894 3122; x_wconf 89' lang='lat' dir='ltr'>autem</span> <span class='ocrx_word' id='word_1_914' title='bbox 1918 3097 1966 3121; x_wconf 90' lang='lat' dir='ltr'>est</span> <span class='ocrx_word' id='word_1_915' title='bbox 1989 3096 2022 3120; x_wconf 92' lang='lat' dir='ltr'>et</span> <span class='ocrx_word' id='word_1_916' title='bbox 2049 3088 2082 3119; x_wconf 91' lang='lat' dir='ltr'>in</span> <span class='ocrx_word' id='word_1_917' title='bbox 2112 3086 2207 3119; x_wconf 88' lang='lat' dir='ltr'>rebus</span> <span class='ocrx_word' id='word_1_918' title='bbox 2231 3085 2406 3118; x_wconf 80' lang='lat' dir='ltr'>mobilibus</span> <span class='ocrx_word' id='word_1_919' title='bbox 2430 3093 2462 3118; x_wconf 93' lang='lat' dir='ltr'>et</span> 
     </span>
     <span class='ocr_line' id='line_1_122' title="bbox 1405 3133 2461 3180; baseline -0.007 -8"><span class='ocrx_word' id='word_1_920' title='bbox 1405 3139 1638 3172; x_wconf 88' lang='lat' dir='ltr'>immobilibus.</span> <span class='ocrx_word' id='word_1_921' title='bbox 1668 3138 1826 3171; x_wconf 91' lang='lat' dir='ltr'>Possibile</span> <span class='ocrx_word' id='word_1_922' title='bbox 1854 3136 2016 3180; x_wconf 90' lang='lat' dir='ltr'>siquidem</span> <span class='ocrx_word' id='word_1_923' title='bbox 2047 3147 2064 3167; x_wconf 91' lang='lat' dir='ltr'>a</span> <span class='ocrx_word' id='word_1_924' title='bbox 2096 3135 2241 3178; x_wconf 87' lang='lat' dir='ltr'>potentia</span> <span class='ocrx_word' id='word_1_925' title='bbox 2269 3133 2393 3167; x_wconf 89' lang='lat' dir='ltr'>dictum</span> <span class='ocrx_word' id='word_1_926' title='bbox 2421 3145 2461 3166; x_wconf 92' lang='lat' dir='ltr'>eo</span> 
     </span>
     <span class='ocr_line' id='line_1_123' title="bbox 1406 3182 2462 3232; baseline -0.008 -12"><span class='ocrx_word' id='word_1_927' title='bbox 1406 3187 1495 3232; x_wconf 93' lang='lat' dir='ltr'>quod</span> <span class='ocrx_word' id='word_1_928' title='bbox 1521 3188 1624 3231; x_wconf 88' lang='lat' dir='ltr'>possit</span> <span class='ocrx_word' id='word_1_929' title='bbox 1650 3198 1755 3230; x_wconf 89' lang='lat' dir='ltr'>agere,</span> <span class='ocrx_word' id='word_1_930' title='bbox 1779 3197 1846 3219; x_wconf 91' lang='lat' dir='ltr'>non</span> <span class='ocrx_word' id='word_1_931' title='bbox 1870 3194 1978 3217; x_wconf 88' lang='lat' dir='ltr'>tamen</span> <span class='ocrx_word' id='word_1_932' title='bbox 2002 3184 2081 3227; x_wconf 90' lang='lat' dir='ltr'>agit,</span> <span class='ocrx_word' id='word_1_933' title='bbox 2105 3182 2243 3215; x_wconf 89' lang='lat' dir='ltr'>inveniri</span> <span class='ocrx_word' id='word_1_934' title='bbox 2263 3193 2330 3214; x_wconf 93' lang='lat' dir='ltr'>non</span> <span class='ocrx_word' id='word_1_935' title='bbox 2354 3190 2462 3224; x_wconf 91' lang='lat' dir='ltr'>potest</span> 
     </span>
     <span class='ocr_line' id='line_1_124' title="bbox 1406 3230 2461 3279; baseline -0.007 -12"><span class='ocrx_word' id='word_1_936' title='bbox 1406 3236 1527 3279; x_wconf 89' lang='lat' dir='ltr'>absque</span> <span class='ocrx_word' id='word_1_937' title='bbox 1551 3234 1764 3266; x_wconf 90' lang='lat' dir='ltr'>mutabilitate</span> <span class='ocrx_word' id='word_1_938' title='bbox 1782 3235 1862 3273; x_wconf 89' lang='lat' dir='ltr'>eius,</span> <span class='ocrx_word' id='word_1_939' title='bbox 1879 3233 1968 3277; x_wconf 94' lang='lat' dir='ltr'>quod</span> <span class='ocrx_word' id='word_1_940' title='bbox 1992 3233 2037 3265; x_wconf 91' lang='lat' dir='ltr'>sic</span> <span class='ocrx_word' id='word_1_941' title='bbox 2061 3242 2157 3275; x_wconf 90' lang='lat' dir='ltr'>posse</span> <span class='ocrx_word' id='word_1_942' title='bbox 2178 3230 2302 3263; x_wconf 90' lang='lat' dir='ltr'>dicitur.</span> <span class='ocrx_word' id='word_1_943' title='bbox 2323 3230 2357 3262; x_wconf 92' lang='lat' dir='ltr'>Si</span> <span class='ocrx_word' id='word_1_944' title='bbox 2374 3230 2461 3262; x_wconf 89' lang='lat' dir='ltr'>enim</span> 
     </span>
     <span class='ocr_line' id='line_1_125' title="bbox 1405 3278 2461 3326; baseline -0.006 -10"><span class='ocrx_word' id='word_1_945' title='bbox 1405 3295 1492 3317; x_wconf 92' lang='lat' dir='ltr'>nunc</span> <span class='ocrx_word' id='word_1_946' title='bbox 1509 3292 1617 3326; x_wconf 91' lang='lat' dir='ltr'>potest</span> <span class='ocrx_word' id='word_1_947' title='bbox 1634 3295 1727 3326; x_wconf 88' lang='lat' dir='ltr'>agere</span> <span class='ocrx_word' id='word_1_948' title='bbox 1740 3292 1772 3316; x_wconf 92' lang='lat' dir='ltr'>et</span> <span class='ocrx_word' id='word_1_949' title='bbox 1788 3294 1855 3315; x_wconf 93' lang='lat' dir='ltr'>non</span> <span class='ocrx_word' id='word_1_950' title='bbox 1868 3283 1944 3326; x_wconf 86' lang='lat' dir='ltr'>agit,</span> <span class='ocrx_word' id='word_1_951' title='bbox 1953 3282 1980 3314; x_wconf 93' lang='lat' dir='ltr'>si</span> <span class='ocrx_word' id='word_1_952' title='bbox 1997 3292 2090 3325; x_wconf 84' lang='lat' dir='ltr'>agere</span> <span class='ocrx_word' id='word_1_953' title='bbox 2111 3279 2215 3319; x_wconf 90' lang='lat' dir='ltr'>debet,</span> <span class='ocrx_word' id='word_1_954' title='bbox 2227 3287 2356 3322; x_wconf 93' lang='lat' dir='ltr'>oportet</span> <span class='ocrx_word' id='word_1_955' title='bbox 2372 3278 2461 3322; x_wconf 93' lang='lat' dir='ltr'>quod</span> 
     </span>
     <span class='ocr_line' id='line_1_126' title="bbox 1405 3326 2461 3373; baseline -0.006 -10"><span class='ocrx_word' id='word_1_956' title='bbox 1405 3339 1549 3363; x_wconf 91' lang='lat' dir='ltr'>mutetur</span> <span class='ocrx_word' id='word_1_957' title='bbox 1573 3330 1612 3363; x_wconf 92' lang='lat' dir='ltr'>de</span> <span class='ocrx_word' id='word_1_958' title='bbox 1637 3331 1705 3363; x_wconf 92' lang='lat' dir='ltr'>otio</span> <span class='ocrx_word' id='word_1_959' title='bbox 1730 3330 1769 3363; x_wconf 92' lang='lat' dir='ltr'>ad</span> <span class='ocrx_word' id='word_1_960' title='bbox 1794 3331 2027 3373; x_wconf 91' lang='lat' dir='ltr'>operationem.</span> <span class='ocrx_word' id='word_1_961' title='bbox 2053 3328 2090 3362; x_wconf 94' lang='lat' dir='ltr'>Id</span> <span class='ocrx_word' id='word_1_962' title='bbox 2114 3337 2223 3360; x_wconf 90' lang='lat' dir='ltr'>autem</span> <span class='ocrx_word' id='word_1_963' title='bbox 2247 3326 2336 3370; x_wconf 94' lang='lat' dir='ltr'>quod</span> <span class='ocrx_word' id='word_1_964' title='bbox 2356 3326 2461 3369; x_wconf 90' lang='lat' dir='ltr'>possi-</span> 
     </span>
     <span class='ocr_line' id='line_1_127' title="bbox 1404 3374 2462 3421; baseline -0.005 -11"><span class='ocrx_word' id='word_1_965' title='bbox 1404 3378 1468 3411; x_wconf 90' lang='lat' dir='ltr'>bile</span> <span class='ocrx_word' id='word_1_966' title='bbox 1492 3377 1609 3410; x_wconf 90' lang='lat' dir='ltr'>dicitur</span> <span class='ocrx_word' id='word_1_967' title='bbox 1632 3389 1672 3410; x_wconf 89' lang='lat' dir='ltr'>eo</span> <span class='ocrx_word' id='word_1_968' title='bbox 1696 3377 1785 3421; x_wconf 92' lang='lat' dir='ltr'>quod</span> <span class='ocrx_word' id='word_1_969' title='bbox 1810 3386 1872 3416; x_wconf 87' lang='lat' dir='ltr'>est,</span> <span class='ocrx_word' id='word_1_970' title='bbox 1896 3377 2019 3409; x_wconf 92' lang='lat' dir='ltr'>nullam</span> <span class='ocrx_word' id='word_1_971' title='bbox 2038 3375 2286 3408; x_wconf 89' lang='lat' dir='ltr'>mutabilitatem</span> <span class='ocrx_word' id='word_1_972' title='bbox 2306 3374 2404 3417; x_wconf 88' lang='lat' dir='ltr'>exigit</span> <span class='ocrx_word' id='word_1_973' title='bbox 2427 3375 2462 3406; x_wconf 92' lang='lat' dir='ltr'>in</span> 
     </span>
     <span class='ocr_line' id='line_1_128' title="bbox 1405 3421 2461 3469; baseline -0.004 -11"><span class='ocrx_word' id='word_1_974' title='bbox 1405 3438 1444 3459; x_wconf 95' lang='lat' dir='ltr'>eo</span> <span class='ocrx_word' id='word_1_975' title='bbox 1465 3425 1554 3469; x_wconf 92' lang='lat' dir='ltr'>quod</span> <span class='ocrx_word' id='word_1_976' title='bbox 1576 3426 1621 3458; x_wconf 91' lang='lat' dir='ltr'>sic</span> <span class='ocrx_word' id='word_1_977' title='bbox 1638 3425 1793 3468; x_wconf 91' lang='lat' dir='ltr'>possibile</span> <span class='ocrx_word' id='word_1_978' title='bbox 1811 3424 1936 3457; x_wconf 87' lang='lat' dir='ltr'>dicitur.</span> <span class='ocrx_word' id='word_1_979' title='bbox 1962 3425 2040 3457; x_wconf 90' lang='lat' dir='ltr'>Esse</span> <span class='ocrx_word' id='word_1_980' title='bbox 2057 3435 2197 3467; x_wconf 90' lang='lat' dir='ltr'>namque</span> <span class='ocrx_word' id='word_1_981' title='bbox 2218 3423 2251 3455; x_wconf 92' lang='lat' dir='ltr'>in</span> <span class='ocrx_word' id='word_1_982' title='bbox 2269 3430 2353 3462; x_wconf 90' lang='lat' dir='ltr'>actu,</span> <span class='ocrx_word' id='word_1_983' title='bbox 2370 3421 2461 3466; x_wconf 91' lang='lat' dir='ltr'>quod</span> 
     </span>
     <span class='ocr_line' id='line_1_129' title="bbox 1404 3470 2461 3516; baseline -0.004 -10"><span class='ocrx_word' id='word_1_984' title='bbox 1404 3474 1503 3507; x_wconf 89' lang='lat' dir='ltr'>talem</span> <span class='ocrx_word' id='word_1_985' title='bbox 1526 3473 1773 3516; x_wconf 88' lang='lat' dir='ltr'>possibilitatem</span> <span class='ocrx_word' id='word_1_986' title='bbox 1798 3472 1921 3512; x_wconf 89' lang='lat' dir='ltr'>fundat,</span> <span class='ocrx_word' id='word_1_987' title='bbox 1945 3472 2108 3505; x_wconf 92' lang='lat' dir='ltr'>invenitur</span> <span class='ocrx_word' id='word_1_988' title='bbox 2131 3480 2163 3504; x_wconf 91' lang='lat' dir='ltr'>et</span> <span class='ocrx_word' id='word_1_989' title='bbox 2186 3472 2219 3503; x_wconf 93' lang='lat' dir='ltr'>in</span> <span class='ocrx_word' id='word_1_990' title='bbox 2238 3470 2334 3503; x_wconf 90' lang='lat' dir='ltr'>rebus</span> <span class='ocrx_word' id='word_1_991' title='bbox 2350 3481 2461 3502; x_wconf 89' lang='lat' dir='ltr'>neces—</span> 
     </span>
     <span class='ocr_line' id='line_1_130' title="bbox 1404 3518 2461 3561; baseline -0.004 -7"><span class='ocrx_word' id='word_1_992' title='bbox 1404 3523 1505 3561; x_wconf 89' lang='lat' dir='ltr'>sariis,</span> <span class='ocrx_word' id='word_1_993' title='bbox 1529 3531 1560 3554; x_wconf 91' lang='lat' dir='ltr'>et</span> <span class='ocrx_word' id='word_1_994' title='bbox 1579 3523 1612 3554; x_wconf 94' lang='lat' dir='ltr'>in</span> <span class='ocrx_word' id='word_1_995' title='bbox 1636 3520 1903 3560; x_wconf 83' lang='lat' dir='ltr'>immutabilibus,</span> <span class='ocrx_word' id='word_1_996' title='bbox 1927 3529 1959 3553; x_wconf 90' lang='lat' dir='ltr'>et</span> <span class='ocrx_word' id='word_1_997' title='bbox 1978 3521 2011 3553; x_wconf 93' lang='lat' dir='ltr'>in</span> <span class='ocrx_word' id='word_1_998' title='bbox 2030 3520 2125 3553; x_wconf 88' lang='lat' dir='ltr'>rebus</span> <span class='ocrx_word' id='word_1_999' title='bbox 2145 3518 2329 3552; x_wconf 84' lang='lat' dir='ltr'>mobilibus.</span> <span class='ocrx_word' id='word_1_1000' title='bbox 2350 3519 2461 3551; x_wconf 89' lang='lat' dir='ltr'>Possi-</span> 
     </span>
     <span class='ocr_line' id='line_1_131' title="bbox 1404 3565 2462 3614; baseline -0.005 -11"><span class='ocrx_word' id='word_1_1001' title='bbox 1404 3570 1466 3603; x_wconf 85' lang='lat' dir='ltr'>bile</span> <span class='ocrx_word' id='word_1_1002' title='bbox 1490 3582 1568 3614; x_wconf 91' lang='lat' dir='ltr'>ergo</span> <span class='ocrx_word' id='word_1_1003' title='bbox 1585 3569 1659 3609; x_wconf 90' lang='lat' dir='ltr'>hoc,</span> <span class='ocrx_word' id='word_1_1004' title='bbox 1677 3568 1766 3612; x_wconf 92' lang='lat' dir='ltr'>quod</span> <span class='ocrx_word' id='word_1_1005' title='bbox 1783 3568 1928 3612; x_wconf 90' lang='lat' dir='ltr'>logicum</span> <span class='ocrx_word' id='word_1_1006' title='bbox 1946 3577 2091 3608; x_wconf 88' lang='lat' dir='ltr'>vocatur,</span> <span class='ocrx_word' id='word_1_1007' title='bbox 2111 3568 2319 3601; x_wconf 92' lang='lat' dir='ltr'>communius</span> <span class='ocrx_word' id='word_1_1008' title='bbox 2339 3575 2388 3599; x_wconf 90' lang='lat' dir='ltr'>est</span> <span class='ocrx_word' id='word_1_1009' title='bbox 2404 3565 2462 3599; x_wconf 86' lang='lat' dir='ltr'>illo</span> 
     </span>
     <span class='ocr_line' id='line_1_132' title="bbox 1405 3616 1982 3663; baseline -0.003 -12"><span class='ocrx_word' id='word_1_1010' title='bbox 1405 3618 1494 3663; x_wconf 90' lang='lat' dir='ltr'>quod</span> <span class='ocrx_word' id='word_1_1011' title='bbox 1518 3618 1695 3662; x_wconf 89' lang='lat' dir='ltr'>physicum</span> <span class='ocrx_word' id='word_1_1012' title='bbox 1719 3617 1872 3661; x_wconf 87' lang='lat' dir='ltr'>appellari</span> <span class='ocrx_word' id='word_1_1013' title='bbox 1890 3616 1982 3650; x_wconf 91' lang='lat' dir='ltr'>solet.</span> 
     </span>
    </p>
   </div>
   <div class='ocr_carea' id='block_1_22' title="bbox 2492 842 2667 869">
    <p class='ocr_par' dir='ltr' id='par_1_33' title="bbox 2492 842 2667 869">
     <span class='ocr_line' id='line_1_133' title="bbox 2492 842 2667 869; baseline 0.006 -6"><span class='ocrx_word' id='word_1_1014' title='bbox 2492 843 2500 851; x_wconf 87' lang='grc'>·</span> <span class='ocrx_word' id='word_1_1015' title='bbox 2516 842 2571 869; x_wconf 80' lang='lat' dir='ltr'>Seq.</span> <span class='ocrx_word' id='word_1_1016' title='bbox 2587 849 2667 864; x_wconf 60' lang='lat' dir='ltr'>mnu.</span> 
     </span>
    </p>
   </div>
  </div>
 </body>
</html>
