2548 4192
2330 251 2378 274 XV

157 317 373 386 sophiae
415 317 574 384 stetit,
608 315 872 394 neglectas
904 335 1030 366 vero
1073 326 1122 366 et
1151 335 1319 383 prope
1362 315 1660 366 obliteratas
1691 315 1925 383 iacuisse,
1950 316 2187 368 inclinata
2217 329 2371 385 atque

157 389 421 441 erroribus
452 388 533 440 vel
576 387 780 455 ineptiis
816 386 1061 455 implicita
1100 386 1446 455 philosophia.
1465 386 1900 456 —Quapropter
1932 387 2084 439 etiam
2124 388 2371 468 physicae

157 460 475 529 disciplinae,
504 479 639 527 quae
680 479 817 510 nunc
858 469 999 509 tanto
1040 469 1159 509 sunt
1198 479 1246 509 in
1287 458 1472 526 pretiO,
1501 470 1551 510 et
1590 469 1664 510 tot
1702 458 1967 527 piaeclare
2010 459 2245 528 inventis,
2274 481 2374 512 5111-

156 532 391 601 gularem
432 531 627 598 ubique
670 530 805 582 cient
835 529 1232 581 admirationem
1274 550 1366 597 sui,
1398 550 1461 581 6Χ
1502 530 1732 582 1651111113
1766 541 2001 582 veterum
2041 531 2376 600 philosophia

158 624 263 655 non
304 602 466 655 modo
499 602 619 654 nihil
653 601 962 669 detrimenti,
995 601 1090 652 sed
1121 601 1400 680 plurimum
1431 601 1675 670 praesidii
1712 613 1830 654 sunt
1860 602 2141 654 habiturae
2169 603 2374 655 Illarum

157 675 294 727 enim
333 674 627 726 fructuosae
660 673 1010 725 6Χ616113110111
1040 684 1089 724 61
1119 673 1441 724 incremento
1472 694 1576 724 non
1617 674 1728 725 sola
1758 673 1878 725 satis
1911 685 1989 725 est
2024 674 2373 726 consideratio

155 745 433 814 factorum,
464 745 944 814 contemplatioque
986 756 1220 810 naturae,
1252 744 1372 812 sed,
1405 765 1523 796 cum
1562 745 1695 796 facta
1735 745 2075 814 constiterint,
2107 746 2255 798 altius
2294 767 2373 799 as-

155 817 480 887 surgendum
523 828 613 885 est,
645 828 695 869 et
724 817 899 869 danda
930 816 1148 868 solerter
1177 837 1340 885 opera
1370 816 1562 868 naturis
1594 837 1765 868 rerum
1803 837 2175 896 corporearum
2210 839 2372 887 agno-

154 889 380 958 scendis,
411 888 895 969 investigandisque
936 888 1158 957 legibus,
1191 888 1382 955 quibus
1422 899 1621 966 parent,
1655 899 1704 939 et
1743 908 2023 956 principiis,
2056 889 2196 941 unde
2238 890 2372 942 ordo

155 961 370 1030 illarum,
395 972 445 1013 et
473 961 640 1013 unitas
671 981 719 1012 111
752 960 1015 1039 varietate,
1039 971 1089 1011 et
1118 970 1296 1011 mutua
1317 958 1568 1010 affinitas
1558 979 1607 1010 in
1637 958 1932 1011 diversitate
1960 960 2372 1040 proficiscuntur.

156 1033 372 1104 Quibus
413 1031 900 1100 investigationibus
941 1031 1127 1110 mirum
1168 1041 1415 1098 (11131113111
1455 1030 1790 1098 philosophia
1830 1031 2137 1091 scholastica
2177 1053 2281 1084 vim
2323 1044 2374 1085 et

154 1105 324 1157 lucem
365 1115 416 1155 et
455 1124 613 1172 opem
646 1114 723 1154 est
761 1103 988 1169 allatura,
1020 1102 1060 1153 si
1101 1101 1340 1170 sapienti'
1362 1101 1560 1180 latione
1601 1101 1841 1153 tradatur.

263 1174 440 1245 Qua
430 1195 479 1227 in
511 1195 565 1226 re
597 1186 647 1226 et
681 1174 806 1226 illud
846 1194 1061 1225 monere
1095 1173 1248 1240 iuvat,
1281 1172 1485 1224 nonnisi
1513 1193 1608 1241 per
1647 1193 1903 1225 summam
1934 1174 2168 1226 iniuriam
2201 1175 2372 1227 eidem

151 1246 517 1316 philosophiae
559 1246 682 1298 vitio
724 1245 873 1313 verti,
907 1244 1053 1324 quod
1095 1244 1401 1296 naturalium
1447 1244 1776 1296 scientiarum
1826 1245 2079 1313 profectui
2122 1258 2172 1298 et
2210 1247 2372 1299 incre-

153 1329 348 1372 mento
357 1318 690 1370 adversetur.
721 1317 862 1370 Cum
913 1337 1053 1396 enini
1099 1316 1433 1384 Scholastici,
1464 1327 1763 1367 sanctorum
1810 1316 2020 1368 Patrum
2065 1319 2372 1371 sententiam

149 1390 329 1470 secuti,
359 1389 410 1442 in
450 1389 886 1458 Anthropologia
916 1388 1111 1458 passim
1153 1387 1472 1455 tradiderint,
1496 1388 1776 1439 humanam
1814 1388 2202 1457 intelligentiam
2244 1411 2371 1442 non-

153 1462 248 1515 nisi
288 1482 352 1514 6Χ
392 1461 550 1513 rebus
591 1461 924 1513 sensibilibus
965 1460 1031 1512 ad
1062 1459 1358 1512 noscendas
1399 1480 1480 1511 res
1522 1480 1745 1528 corpore
1778 1460 2096 1528 materiaque
2138 1474 2372 1514 carentes

153 1533 322 1602 evehi,
353 1544 541 1602 sponte
573 1554 667 1585 5113
697 1532 1071 1600 11116116Χ61·,11111
1103 1532 1224 1583 nihil
1258 1552 1372 1583 esse
1404 1531 1725 1600 philosopho
1755 1531 1942 1600 utilius,
1975 1553 2131 1600 quam
2159 1545 2370 1586 naturae

151 1625 341 1659 arcana
371 1605 647 1674 diligenter
677 1604 1007 1674 investigare,
1031 1615 1081 1656 et
1106 1604 1155 1655 in
1179 1624 1351 1655 rerum
1373 1603 1707 1672 physicarum
1729 1603 1902 1655 studio
1927 1603 2013 1655 diu
2046 1605 2369 1673 multumque

152 1677 360 1730 versari.
393 1676 563 1746 Quod
618 1687 668 1728 et
714 1676 850 1728 facto
897 1696 993 1728 suo
1040 1675 1435 1727 confirmarunt:
1474 1695 1593 1727 nam
1634 1674 1684 1726 S.
1724 1675 1986 1743 Thomas,
2025 1676 2081 1727 B.
2114 1676 2372 1729 Albertus

152 1769 390 1818 magnUS,
412 1748 602 1816 aliique
625 1747 1071 1800 Scholasticorum
1093 1747 1374 1816 principes,
1398 1767 1502 1798 non
1526 1746 1593 1798 ita
1613 1767 1669 1798 se
1693 1747 2118 1815 contemplationi
2142 1748 2372 1816 philoso-

152 1820 307 1890 phiae
325 1819 656 1887 dediderunt,
670 1831 724 1871 ut
741 1840 846 1871 non
865 1819 1017 1871 etiam
1036 1819 1253 1871 multum
1272 1839 1466 1887 operae
1490 1818 1539 1870 in
1558 1818 1863 1870 naturalium
1883 1839 2053 1870 rerum
2073 1820 2372 1888 cognitione

153 1891 476 1944 collocarint:
514 1891 618 1943 imo
660 1911 765 1943 non
806 1912 974 1960 pauca
1007 1902 1126 1942 sunt
1154 1890 1202 1942 in
1235 1890 1335 1942 hoc
1366 1911 1561 1958 genere
1595 1890 1731 1942 dicta
1773 1911 1954 1942 eorum
1987 1902 2037 1942 et
2064 1891 2210 1959 scita,
2238 1912 2372 1959 quae

152 1974 389 2016 recentes
417 1962 647 2032 magistri
684 1963 935 2042 probent,
968 1974 1018 2042 et
1048 1983 1166 2042 cum
1193 1962 1407 2014 veritate
1448 1982 1739 2031 congruere
1778 1962 2040 2014 fateantur.
2071 1963 2371 2031 Praeterea,

151 2035 283 2088 hac
271 2055 386 2105 ipsa
405 2046 589 2103 aetate,
611 2034 820 2114 plures
810 2055 947 2102 iique
971 2034 1201 2103 insignes
1222 2034 1552 2086 scientiarum
1574 2034 1907 2102 physicarum
1931 2034 2178 2086 doctores
2199 2035 2369 2104 palam

153 2118 440 2176 aperteque
471 2117 736 2174 testantur,
769 2106 900 2158 inter
921 2118 1086 2186 certas
1114 2117 1354 2174 13135(1116
1387 2105 1688 2185 recentioris
1714 2105 1968 2174 Physicae
1992 2106 2371 2174 conclusiones,

155 2189 206 2231 et
231 2178 598 2258 philosophica
637 2178 863 2230 Scholae
897 2178 1151 2247 principia
1192 2178 1382 2229 nullam
1423 2177 1531 2229 veri
1574 2198 1796 2229 nominis
1833 2198 2066 2246 pugnam
2103 2178 2334 2231 existere.

261 2250 377 2302 Nos
418 2249 593 2319 igitur,
626 2250 751 2302 dum
793 2249 1046 2302 edicimus
1087 2249 1265 2302 libenti
1315 2261 1572 2318 gratoque
1613 2249 1786 2300 animo
1838 2249 2205 2328 excipiendum
2257 2270 2370 2301 esse

154 2321 413 2390 quidquid
459 2321 721 2391 sapienter
765 2321 986 2390 dictum,
1019 2321 1277 2389 quidquid
1318 2321 1505 2372 utiliter
1543 2320 1692 2372 fucrit
1737 2341 1766 2371 a
1806 2341 2056 2400 quopiam
2104 2321 2371 2373 inventum

152 2404 309 2461 atque
337 2393 713 2462 excogitatum;
737 2393 854 2445 Vos
885 2413 1086 2460 omnes,
1111 2392 1458 2444 Venerabiles
1480 2392 1705 2460 Fratres,
1730 2412 1886 2459 quarn
1917 2412 2066 2444 enixe
2089 2392 2370 2461 hortamur,

154 2475 210 2516 ut
247 2464 315 2516 ad
363 2464 647 2544 catholicae
689 2464 811 2516 fidei
852 2464 1062 2516 tutelam
1112 2464 1395 2532 etldecus,
1427 2463 1494 2515 ad
1535 2463 1794 2515 societatis
1844 2463 2067 2532 bonurn,
2099 2464 2166 2516 ad
2207 2464 2371 2516 scien-

154 2536 339 2588 tiarum
371 2535 603 2588 omnium
633 2536 1010 2588 incrementum
1041 2556 1251 2587 auream
1281 2535 1441 2587 sancti
1468 2535 1713 2587 Thomae
1743 2535 2049 2604 sapientiam
2082 2536 2370 2605 restituatis,

155 2618 207 2660 et
227 2628 403 2687 ’quam
442 2607 685 2659 latissime
726 2607 1043 2676 propagetis.
1073 2607 1395 2687 Sapientiam
1426 2606 1586 2659 sancti
1627 2607 1871 2659 Thomae
1904 2607 2145 2659 dicimus:
2175 2608 2214 2659 si
2245 2579 2371 2676 quid

155 2679 293 2732 6111111
316 2690 394 2731 651
414 2700 444 2731 3
465 2679 773 2731 doctoribus
795 2679 1130 2731 Scholasticis
1153 2679 1234 2731 vel
1263 2699 1419 2730 nimia
1444 2678 1721 2730 subtilitate
1745 2679 2053 2748 quaesitum,
2075 2680 2157 2731 vel
2187 2700 2371 2748 parum

155 2751 484 2803 considerate
507 2751 766 2819 traditum,
789 2751 829 2803 51
853 2751 980 2819 quid
1003 2772 1121 2803 cum
1152 2751 1431 2820 exploratis
1458 2750 1763 2819 posterioris
1785 2750 1898 2802 aevi
1923 2751 2170 2803 doctrinis
2202 2772 2370 2803 minus

155 2822 460 2902 cohaerens,
490 2823 572 2874 vel
614 2823 842 2890 denique
885 2844 1103 2891 quoquo
1152 2822 1315 2874 modo
1356 2843 1462 2874 non
1511 2822 1812 2892 probabile,
1845 2822 1896 2874 id
1938 2823 2077 2874 nullo
2125 2834 2279 2891 pacto
2321 2823 2370 2874 in

154 2894 329 2947 animo
354 2905 431 2946 est
451 2894 601 2946 aetati
625 2906 831 2946 nostrae
860 2894 927 2946 ad
949 2894 1254 2947 imitandum
1277 2894 1518 2963 proponi.
1532 2866 1880 2962 —Ceteriim,
1905 2894 2194 2946 doctrinam
2223 2895 2370 2946 Tho-

156 2985 271 3044 mae
293 2965 577 3046 Aquinatis
599 2966 842 3018 studeant
862 2966 1108 3035 magistri,
1131 2987 1161 3018 a
1191 2966 1366 3018 Vobis
1389 2966 1732 3034 intelligenter
1757 2966 1889 3034 16611,
1913 2966 1962 3017 111
1994 2966 2370 3045 discipulorum

155 3036 358 3089 animos
397 3055 679 3105 insinuare,
710 3038 927 3105 eiusque
973 3059 1100 3107 prae
1149 3037 1332 3089 ceteris
1373 3037 1686 3089 soliditatem
1726 3049 1881 3116 atque
1924 3037 2279 3089 excellentiam
2321 3058 2369 3089 in

155 3108 437 3177 perspicuo
478 3120 688 3177 ponant.
718 3109 981 3161 Eamdem
1022 3109 1353 3161 Academiae
1393 3130 1423 3160 a
1463 3109 1637 3160 Vobis
1684 3109 1940 3160 institutae
1981 3120 2067 3160 aut
2106 3109 2369 3161 instituen-

157 3179 256 3232 dae
298 3179 548 3232 illustrent
586 3201 645 3232 ac
686 3192 938 3250 tueantur,
970 3192 1019 3232 et
1057 3181 1124 3233 ad
1164 3180 1509 3250 grassantium
1551 3201 1784 3231 errorum
1826 3180 2185 3232 refutationem
2225 3181 2368 3232 adhi-

156 3251 326 3303 beant.
345 3251 514 3303 —Ne
554 3263 727 3303 autem
755 3253 1028 3321 supposita
1067 3273 1164 3321 pro
1205 3273 1344 3320 vera,
1374 3273 1475 3303 neu
1506 3263 1750 3320 corrupta
1788 3273 1885 3320 pro
1915 3252 2116 3304 sincera
2146 3252 2368 3319 bibatur,

155 3322 433 3392 providete
464 3333 518 3374 ut
555 3323 806 3391 sapientia
835 3324 1079 3375 Thomae
1113 3345 1175 3375 ex
1204 3324 1328 3392 ipsis
1359 3324 1468 3375 eius
1496 3323 1726 3375 fontibus
1755 3323 2036 3392 hauriatur,
2067 3336 2154 3375 aut
2188 3324 2368 3375 saltem

156 3415 220 3446 ex
259 3394 318 3446 115
358 3393 503 3462 riviS,
536 3415 670 3461 quos
709 3395 776 3446 ab
817 3395 933 3463 ipso
982 3395 1123 3446 fonte
1165 3395 1448 3462 deductos,
1477 3395 1649 3446 adhuc
1690 3394 1921 3462 integros
1963 3406 2012 3446 et
2056 3395 2236 3446 illimes
2278 3394 2367 3446 de-

157 3486 363 3517 currere
401 3476 540 3518 certa
569 3476 619 3516 et
646 3486 868 3517 concors
909 3466 1186 3518 doctorum
1215 3466 1485 3518 hominum
1516 3466 1768 3517 sententia
1809 3477 1906 3517 est:
1936 3465 2031 3517 sed
2071 3466 2137 3517 ab
2175 3466 2248 3533 iis,
2281 3466 2368 3533 qui

157 3537 345 3589 exinde
386 3537 595 3589 fluxisse
637 3537 892 3605 dicuntur,
925 3558 978 3588 re
1019 3548 1191 3589 autem
1231 3537 1409 3589 alienis
1439 3548 1489 3588 et
1528 3557 1632 3588 non
1673 3537 1968 3588 salubribus
2002 3538 2150 3604 aquis
2192 3558 2368 3589 creve-

158 3619 290 3677 runt,
319 3608 731 3661 adolescentium
771 3609 972 3660 animos
1012 3609 1270 3660 arcendos
1312 3619 1498 3660 curate.
