2788 4204
332 254 409 299 284

918 248 1303 286 POSTERIORUM
1331 247 1761 285 ANALYTICORUM
1789 250 1884 286 LIB.
1915 251 1930 286 I

338 469 355 494 '
874 482 1176 538 LEcT10
1216 482 1970 540 TRIGESIMASEXTA

766 611 1243 653 COROLLARIA
1291 594 1655 663 Q'UAEDAM
1703 611 1793 652 EX
1838 612 2081 654 DICTIS

329 740 551 790 Δεδειγμὲνων
583 737 621 774 δὲ
650 740 782 773 τούτων
816 739 955 784 φανερὸν
987 737 1061 778 ὅτι,
1092 737 1151 770 ἐάν
1181 749 1215 770 τι
1240 737 1281 770 τὸ
1307 735 1394 769 αὖτὸ

395 784 486 819 δυσὶν
513 786 671 831 ὑπάρχῃ,
706 786 774 817 οἷον
806 784 847 817 τὸ
873 786 899 815 Α
924 784 971 824 τῷ
998 795 1036 816 τε
1061 785 1083 814 Γ
1107 785 1164 814 καὶ
1196 783 1244 824 τῷ
1274 783 1317 823 Δ,
1347 781 1394 827 μη

393 834 687 878 κατηγορουμένου
712 828 857 872 θατέρου
882 828 979 860 κατοί
1003 827 1160 871 θατέρου,
1185 825 1206 863 ἦ
1232 823 1394 870 μηδαμῶς

394 876 414 914 ἦ
445 877 491 921 μή
520 877 617 909 κατά
648 874 800 915 παντός,
835 872 889 906 ὅτι
917 874 977 905 οὑκ
1009 873 1060 906 ἀεὶ
1090 871 1188 904 κατοὶ
1217 870 1328 903 κοινόν
1360 882 1395 902 τι

396 921 548 967 ὑπάρξει.
1074 957 1090 970 x
1196 958 1203 968 ν

326 969 402 999 Οῖον
428 968 475 1008 τῷ
501 966 669 998 ἱσοσκελεῖ
689 965 747 995 καὶΙ
773 964 820 1004 τῷ
840 962 996 1003 σκαληνῷ
1013 961 1054 994 τὸ
1072 963 1163 993 ὸυσὶν
1191 959 1301 1003 ορθαῖς
1318 962 1393 997 ἴσας

394 1012 481 1057 ἔχειν
512 1010 610 1042 κατοὶ
640 1008 752 1041 κοινόν
784 1019 819 1040 τι
851 1006 1009 1052 ὑπάρχει·
1045 1005 1064 1048 ᾗ
1094 1006 1159 1063 γάρ
1188 1004 1310 1050 σχῆμά
1338 1016 1392 1044 τι,

394 1055 557 1101 ὑπάρχει,
582 1056 640 1086 καὶ
666 1055 730 1100 οὐχ
749 1052 768 1095 ᾖ
788 1051 914 1095 ἕτερον.
941 1052 1053 1083 Τοῦτο
1078 1046 1096 1082 δ
1137 1051 1196 1083 οὐκ
1217 1052 1268 1082 ἀεὶ
1286 1048 1393 1086 οὕτως

395 1101 409 1133 ἔ
438 1112 477 1132 ει.

319 1114 435 1178 ”Eo-tt}
464 1144 528 1190 γοὶρ
554 1142 595 1176 τὸ
619 1144 644 1174 Β
667 1142 743 1175 καθ’
774 1142 790 1173 ὃ
816 1141 857 1174 τὸ
882 1143 907 1172 Α
931 1142 980 1183 τῷ
1005 1142 1026 1172 Γ
1050 1142 1073 1171 Δ
1099 1139 1256 1185 ὑπάρχει·
1289 1133 1393 1174 δῆλον

393 1193 504 1222 τοίνυν
532 1188 585 1221 ὅτι
608 1190 666 1220 καὶ
692 1189 733 1220 τὸ
751 1188 775 1217 Β
800 1186 847 1227 τῷ
870 1188 890 1217 Γ
911 1188 970 1218 καὶΙ
995 1186 1044 1227 τῷ
1062 1188 1085 1215 Δ
1108 1186 1190 1217 κατ’
1221 1184 1303 1216 ἄλλο
1327 1193 1395 1214 κοι-

392 1234 470 1276 νόν,
495 1234 631 1266 κάκεῖνο
663 1231 737 1264 καθ’
775 1230 906 1275 ἕτερον,
941 1230 1028 1263 ὥστε
1057 1225 1118 1262 δὺο
1151 1229 1231 1274 ὅρων
1262 1227 1394 1272 μεταξύ

396 1278 527 1323 ἄπειροι
554 1277 591 1310 ἄν
619 1279 821 1321 ἐμπίπτοιεν
850 1275 931 1318 ὅροι.
953 1275 1044 1307 Ἀλλ’
1076 1270 1260 1307 ἀδύνατον.
1291 1271 1396 1304 Koa-0¹2

394 1323 452 1368 μὲν
479 1325 590 1356 τοίνυν
614 1322 723 1354 κοινόν
756 1334 790 1354 τι
823 1320 986 1366 ὑπάρχειν
1016 1320 1075 1351 οὐκ
1110 1317 1242 1364 ἀνάγκη
1275 1318 1326 1349 ἀεὶ
1351 1317 1394 1349 τό

395 1368 483 1401 αὐτὸ
508 1369 671 1409 πλείοσιν,
698 1365 834 1411 ἐπείπερ
860 1366 959 1398 ἔσται
986 1364 1097 1407 α”μεσα
1122 1358 1363 1406 διαστήματα.

321 1457 377 1490 Ἐν
403 1456 520 1500 μέντοι
545 1457 593 1496 τῷ
624 1455 718 1496 αὐτῷ
750 1453 839 1501 γένει
870 1455 928 1485 καὶ
953 1454 990 1485 ὲκ
1015 1452 1081 1484 τῶν
1114 1449 1227 1484 αὐτῶν
1255 1447 1392 1493 ἀτόμων

396 1501 526 1547 ἀνάγκη
552 1499 631 1536 τούς
655 1498 746 1544 ὅρους
764 1496 864 1540 εἶναι,
885 1499 975 1543 εἴπερ
994 1498 1060 1530 τῶν
1078 1495 1153 1527 καθ’
1176 1495 1271 1528 αὑτοὶ
1288 1495 1396 1547 ὑπαρ-

392 1546 524 1591 χόντων
550 1545 648 1577 ἔσται
673 1543 715 1576 τὸ
739 1543 863 1575 κοινόν·
890 1540 928 1574 οὐ
953 1542 1017 1589 γάρ
1036 1539 1075 1580 ’ἦν
1094 1541 1129 1588 ἐξ
1156 1541 1260 1574 ἄλλου
1278 1550 1393 1586 γενους

394 1592 437 1628 εἰς
466 1591 548 1623 ἄλλο
573 1584 737 1628 διαβῆναι
763 1588 810 1620 τά
833 1584 1046 1631 δεικνύμενα.
1124 1590 1128 1594 ”
1367 1626 1374 1637 Ι

325 1635 471 1680 Φανερόν
496 1630 533 1667 δὲ
557 1635 614 1665 καὶ
641 1632 716 1673 ὅτι,
745 1632 829 1666 ὅταν
856 1634 897 1666 τὸ
923 1635 948 1662 Α
971 1633 1020 1674 τῷ
1044 1633 1068 1663 Β
1094 1630 1254 1676 ὑπάρχῃ,
1280 1631 1308 1662 εἰ
1333 1640 1392 1673 μεν

392 1681 466 1712 ἐστί
483 1691 517 1711 τι
541 1677 662 1722 μέσον,
689 1678 762 1710 ἔστι
788 1674 898 1719 δεῖξαι
923 1677 977 1710 ὅτι
1003 1677 1044 1709 τὸ
1069 1680 1094 1708 Α
1118 1677 1166 1718 τῷ
1183 1677 1207 1706 Β
1233 1675 1390 1730 ὑπάρχει-

392 1726 456 1756 Kal
481 1726 639 1767 στοιχεῖα
664 1722 791 1754 τούτου
818 1723 891 1754 ἐστὶ
916 1723 1034 1756 ταῦτα
1065 1723 1123 1753 καὶ
1152 1719 1292 1754 τοσαῦθ’
1329 1721 1393 1753 ὅσα

392 1768 480 1812 μέσα
511 1769 616 1800 ἐστίν·
651 1769 685 1798 αἱ
736 1767 774 1812 άρ
803 1768 920 1812 ἄμεσοι
953 1766 1136 1810 προτάσεις
1168 1769 1345 1811 στοιχεῖα,
1372 1761 1392 1800 ἦ

393 1814 502 1845 πᾶσαι
528 1811 548 1848 ἦ
575 1814 610 1843 αἱ
634 1810 796 1844 καθολου.
823 1813 860 1844 Ei
885 1813 922 1844 δέ
947 1812 993 1856 μή
1020 1813 1132 1853 ἐστιν,
1159 1811 1275 1843 οὐκέτι
1301 1810 1393 1843 ἔστιν

394 1853 587 1898 ἀπόδειξις,
616 1857 683 1889 ἀλλ’
714 1858 734 1894 ἡ
762 1855 816 1889 ἐπὶ
842 1856 905 1895 τοὶς
935 1857 1039 1903 ἀρχάς
1067 1853 1142 1894 ὁδὸς
1169 1856 1257 1893 αὕτη
1285 1857 1391 1889 ἐστίν.

321 1904 459 1947 Ὁμοίως
485 1897 523 1933 δέ
546 1903 604 1932 καὶ
630 1902 658 1932 εἰ
683 1902 724 1934 τὸ
749 1903 774 1932 Α
799 1902 846 1944 τῷ
871 1903 895 1933 Β
921 1902 967 1945 μη
992 1901 1149 1947 ὑπάρχει,
1168 1903 1195 1933 εὶ
1221 1902 1280 1945 μὲν
1301 1900 1392 1933 ἔστιν

392 1946 411 1983 ἦ
438 1946 539 1990 μέσον
557 1945 578 1982 ἦ
597 1946 758 1991 πρότερον
776 1946 799 1988 ᾧ
818 1947 882 1992 οὑχ
908 1946 1066 1993 ὑπάρχει,
1088 1948 1178 1979 ἔστιν
1205 1941 1391 1986 ἀπόδειξις·

392 1993 419 2023 εἰ
444 1988 481 2024 δέ
507 1989 572 2035 μή,
599 1992 659 2023 οὐκ
690 1991 795 2024 ἔστιν.
826 1990 919 2024 Ἀλλ’
951 1992 1039 2037 ἀρχή
1070 1993 1129 2024 καὶ
1154 1995 1311 2036 στοιχεῖα
1337 2001 1394 2022 το-

392 2036 493 2070 σαῦτ’
524 2035 616 2067 ἐστὶν
643 2034 713 2068 ὅσοι
740 2035 820 2081 ὅροι·
849 2039 884 2068 αἰ
902 2036 966 2083 γάρ
985 2035 1118 2069 τούτων
1138 2037 1320 2082 προτάσεις
1339 2035 1394 2080 ἁρ-

391 2084 452 2126 χαὶ
478 2081 539 2118 τῆς
575 2075 776 2122 ἀποδείξεώς
812 2082 905 2114 εἰσιν.
943 2083 1008 2113 Καὶ
1034 2080 1143 2126 ὥσπερ
1178 2082 1263 2114 ἔνιαι
1290 2081 1392 2126 ἀρχαί

392 2129 471 2159 εἰσιν
500 2122 762 2167 ἀναπόδεικτοι,
791 2124 845 2158 ὅτι
872 2127 944 2159 ἔστι
963 2122 1043 2158 τόδε
1062 2122 1138 2159 τοδὶ
1163 2129 1220 2159 καὶ
1247 2125 1392 2169 ὑπάρχει

392 2166 471 2204 τόδε
498 2166 597 2212 τῳδί,
626 2169 714 2203 οὕτω
739 2173 796 2202 καὶ
825 2169 878 2203 ὅτι
905 2171 963 2203 οὐκ
990 2171 1063 2204 ἔστι
1096 2167 1176 2204 τόδε
1211 2166 1286 2204 τοδὶ
1317 2168 1389 2203 οὐδ’

393 2215 538 2260 ὑπάρχει
562 2211 643 2248 τόδε
667 2211 763 2257 τῳδί·
789 2214 864 2247 ὥσθ’
894 2218 928 2247 αἱ
954 2215 1013 2261 μὲν
1039 2213 1125 2248 εἷναί
1151 2228 1197 2256 τι,
1223 2218 1258 2249 αἱ
1283 2211 1321 2247 δὲ
1345 2215 1392 2261 μή

392 2258 476 2292 εἶναί
501 2273 535 2292 τι
561 2261 698 2292 ἔσονται
726 2261 840 2304 ἀρχαί.

316 2307 423 2341 ’Ὀταν
450 2301 487 2337 δὲ
511 2301 572 2348 δέῃ
597 2301 719 2347 δεῖξαι,
745 2303 897 2342 ληπτέον
924 2305 940 2337 ὃ
966 2306 1028 2338 τοῦ
1045 2306 1069 2336 Β
1087 2307 1219 2351 πρῶτον
1240 2317 1395 2351 κατηγο-

391 2354 513 2394 ρεῖται·
549 2350 636 2382 ἔστω
667 2348 774 2390 τόὗΓ,
800 2351 859 2381 καὶ
890 2349 1017 2382 τούτου
1051 2351 1171 2394 ὁμοίως
1197 2351 1238 2383 τὸ
1264 2352 1301 2383 Α.
1328 2352 1392 2382 Καὶ

392 2394 498 2432 οὕτως
519 2395 569 2426 ἀεὶ
585 2390 760 2436 βαδίζοντι
779 2390 942 2427 οὐδέποτ’
964 2395 1115 2439 ἐξωτέρω
1135 2395 1298 2440 πρότασις
1318 2390 1388 2427 οὐδ’

391 2439 542 2484 ὑπάρχον
575 2439 793 2483 λαμβάνεται
819 2440 881 2472 τοῦ
908 2440 933 2470 Α
958 2441 990 2472 ἐν
1017 2441 1065 2481 τῷ
1090 2435 1279 2481 δεικνύναι,
1313 2440 1388 2473 ἀλλ’

395 2485 444 2517 ἀεὶ
471 2484 512 2516 το“
537 2482 638 2527 μέσον
665 2484 867 2525 πυκνοῦται,
887 2483 946 2521 ἕως
968 2479 1148 2528 ἀδιαίρετα
1173 2485 1317 2531 γένηται
1334 2487 1392 2517 καὶ

393 2528 438 2561 ἐ’ν.
458 2529 556 2560 Ἔστι
581 2523 611 2558 δ’
641 2526 687 2568 ἕν,
715 2526 799 2560 ὅταν
827 2528 951 2572 ἄμεσον
977 2530 1121 2575 γένηται
1145 2532 1203 2562 καὶ
1228 2533 1290 2573 μία
1315 2529 1393 2574 πρό-

393 2584 490 2610 τασις
517 2573 630 2609 ἁπλῶς
657 2573 678 2608 ’ἡ
706 2573 840 2615 ἄμεσος.

323 2620 388 2650 Καὶ
414 2617 522 2659 ὥσπερ
549 2617 581 2649 ὲν
608 2620 677 2654 τοῖς
706 2616 818 2655 ἄλλοις
844 2618 864 2653 ἠ
893 2617 981 2671 ἀρχή
1009 2618 1152 2658 ἁπλοῦν,
1179 2619 1285 2652 τοῦτο
1304 2613 1332 2650 δ’
1355 2618 1393 2650 οὗ

392 2662 504 2694 ταύτὸ
531 2662 727 2706 πανταχοῦ,
757 2659 829 2695 ἀλλ’
854 2662 886 2694 ἐν
907 2664 999 2706 βαρει
1018 2662 1077 2705 μὲν
1096 2664 1175 2706 μνᾶ,
1196 2663 1229 2695 ἐν
1246 2659 1283 2695 δὲ
1301 2662 1394 2707 με’λει

391 2702 506 2747 δίεσις,
528 2707 610 2738 ἄλλο
629 2702 656 2737 δ’
690 2706 722 2738 ὲν
744 2707 847 2748 ἄλλῳ,
875 2706 981 2744 οὕτως
1009 2707 1042 2738 ὲν
1059 2708 1271 2754 συλλογισμῷ
1297 2708 1338 2740 τὸ
1361 2708 1393 2740 ἓν

393 2750 556 2804 πρέτασις
594 2750 736 2795 ἄμεσος,
770 2752 803 2784 ἑν
829 2746 857 2782 δ’
889 2747 1060 2792 ἀποδείξει
1092 2754 1149 2783 καὶ
1176 2751 1350 2797 ἐπιστήμῃ
1372 2754 1393 2789 ὁ

392 2808 478 2833 νους.

318 2841 375 2872 Ἐν
401 2840 459 2885 μὲν
478 2838 535 2872 οὖν
557 2843 627 2877 τοῖς
645 2833 824 2877 δεικτικοῖς
844 2842 1080 2886 συλλογισμοῖς
1098 2841 1160 2873 τοῦ
1179 2839 1393 2886 ὑπάρχοντος

394 2880 490 2917 οὐδὲν
517 2883 578 2925 ἔξω
605 2886 738 2924 πίπτει,

326 2930 358 2963 ἐν
383 2925 420 2962 δὲ
445 2933 515 2966 τοῖς
541 2933 765 2972 στερητικοῖς,
793 2927 872 2961 ἔνθα
897 2929 956 2972 μὲν
984 2929 999 2961 ὃ
1023 2923 1076 2960 δεῖ
1100 2928 1277 2974 ὑπάρχειν,
1297 2924 1394 2962 οὐδὲν

392 2973 519 3007 τούτου
545 2973 607 3015 ἔξω
633 2977 766 3015 πίπτει,
794 2974 861 3005 οἷον
880 2975 909 3006 εἰ
927 2973 968 3007 τό
987 2977 1011 3005 Α
1029 2974 1077 3006 τῶ
1094 2975 1118 3004 Β
1135 2969 1194 3006 διά
1213 2975 1275 3006 τοῦ
1294 2976 1314 3005 Γ
1331 2973 1390 3018 μή.

393 3018 430 3050 Εἰ
454 3019 518 3064 γάρ
544 3019 591 3060 τῷ
617 3019 675 3062 μὲν
693 3019 717 3048 Β
743 3020 848 3051 παντὶΙ
872 3018 912 3051 τὸ
939 3021 972 3060 Γ,
993 3019 1040 3059 τῷ
1058 3005 1095 3050 δὲ
1113 3020 1133 3049 Γ
1152 3013 1268 3062 μηδενὶ
1295 3019 1336 3053 τὸ
1354 3020 1392 3060 Α,

393 3063 497 3095 πάλιν
525 3062 564 3095 ἄν
589 3058 649 3107 δέῃ
676 3061 729 3095 ὅτι
751 3064 799 3104 τῷ
818 3065 838 3094 Γ
865 3063 905 3095 τὸ
924 3067 947 3094 Α
973 3059 1082 3095 οὐδενὶ
1109 3063 1266 3108 ὑπάρχει,
1293 3064 1392 3108 μέσον

390 3107 540 3145 ληπτέον
567 3109 629 3139 τοῦ
655 3109 680 3140 Α
704 3110 761 3140 καὶ
787 3109 821 3149 Γ,
848 3109 906 3140 καὶ
932 3108 1038 3147 οὕτως
1068 3108 1118 3141 ἀεὶ
1145 3107 1361 3153 πορεύσεται.

319 3152 401 3184 Ἐάν
428 3147 465 3184 δὲ
489 3148 550 3196 δέῃ
569 3148 677 3193 δεῖξαι
697 3151 750 3185 ὅτι
771 3152 813 3184 τὸ
831 3153 854 3183 Δ
880 3154 927 3194 τῷ
952 3155 976 3184 Ε
1002 3155 1066 3197 οὐχ
1083 3152 1227 3199 ὑπάρχει
1246 3155 1293 3195 τῷ
1312 3153 1353 3186 τό
1372 3155 1393 3184 Γ

393 3198 440 3238 τῷ
466 3197 524 3241 μὲν
549 3197 572 3227 Δ
597 3199 703 3229 παντὶ
738 3197 826 3240 ὑπάρ
855 3209 918 3239 ειν,
952 3199 999 3239 τῷ
1034 3195 1072 3230 δὲ
1098 3200 1120 3229 Ε
1150 3193 1265 3241 μηδενὶ
1299 3197 1321 3234 ἦ
1346 3198 1394 3241 μη

393 3244 512 3283 παντί,
531 3242 594 3273 τοῦ
613 3243 636 3272 Ε
655 3237 815 3274 οὐδέποτ’
846 3242 908 3283 εξω
927 3247 1098 3276 πεσεῖται·
1120 3244 1227 3276 τοῦτο
1251 3237 1280 3274 δ’
1303 3243 1394 3276 ἐστὶν

394 3285 417 3327 qi
444 3286 482 3318 οὑ
508 3281 561 3317 δεῖ
584 3285 760 3332 ὑπάρχειν.

319 3329 400 3361 Ἐπὶ
424 3325 461 3362 δὲ
487 3331 548 3363 τοῦ
574 3333 690 3375 τρίτου
714 3329 853 3374 τρόπου,
880 3331 960 3363 οὔτε
988 3332 1041 3374 ἀφ’
1072 3331 1110 3364 οὑ
1127 3326 1181 3364 δεῖ
1203 3331 1282 3365 οὔτε
1310 3332 1326 3364 ὃ
1343 3326 1396 3364 δεῖ

393 3376 557 3419 στερῆσαι
583 3370 745 3408 οὐδέποτ’
776 3374 837 3416 ἔξω
863 3370 1052 3416 βαδιεῖται.

387 3472 535 3500 SYNox’srs.
552 3488 585 3493 —
610 3482 632 3500 1.
655 3474 866 3510 Argumentum
889 3480 916 3501 et
946 3473 1102 3501 divisiones
1123 3480 1225 3502 textus.
1244 3491 1263 3495 -
1281 3481 1308 3502 2.
1326 3475 1393 3502 Non

327 3518 440 3546 oportet
461 3518 492 3539 ut
513 3511 582 3540 illud
611 3513 691 3549 quod
713 3513 892 3549 praedicatur
917 3514 953 3541 de
987 3514 1116 3549 duobus,
1145 3523 1271 3550 quorum
1301 3523 1392 3541 unum

327 3556 376 3577 aut
397 3551 477 3581 nullo
499 3553 588 3579 modo
610 3559 658 3579 aut
681 3562 740 3580 non
759 3553 956 3581 universaliter
976 3553 1013 3580 de
1034 3553 1091 3581 alio
1114 3553 1304 3589 praedicatur,
1326 3553 1393 3581 insit

327 3589 441 3626 utrique
462 3592 621 3618 secundum
635 3591 752 3628 aliquod
768 3601 940 3628 commune,
956 3599 984 3620 et
1002 3593 1058 3621 hoc
1072 3602 1195 3629 semper,
1211 3593 1284 3621 idest
1304 3592 1334 3621 in
1349 3593 1391 3621 in-

1449 736 1467 755 *
1476 736 1658 767 Monstratis
1670 743 1778 767 autem
1792 737 1852 776 his,
1865 738 2070 770 manifestum
2085 749 2132 773 est
2145 744 2235 783 quod
2247 744 2273 774 si
2289 744 2419 786 aliquod
2434 746 2520 777 idem

1518 781 1645 811 duobus
1668 781 1756 820 insit,
1780 789 1816 812 ut
1838 785 1867 813 A
1891 790 1921 814 et
1943 784 1975 814 in
2000 785 2027 816 C
2052 792 2083 816 et
2104 787 2138 817 in
2161 787 2208 826 D,
2233 799 2300 819 non
2322 791 2521 830 praedicante

1517 825 1615 855 altero
1640 825 1678 856 de
1702 826 1821 864 altero,
1846 835 1901 858 aut
1927 828 2018 859 nullo
2050 832 2150 861 modo
2179 839 2235 862 aut
2256 843 2323 864 non
2347 835 2386 865 de
2410 836 2520 875 omni,

1516 870 1606 910 quod
1625 867 1691 900 non
1710 880 1835 910 semper
1853 873 2031 903 secundum
2050 884 2223 906 commune
2242 878 2362 919 aliquid
2379 879 2480 911 inerit.

1451 957 1494 988 Ut
1516 958 1642 988 scaleno
1669 965 1700 989 et
1722 958 1846 990 isosceli
1863 960 1989 991 duobus
2008 962 2098 993 rectis
2115 964 2261 1005 aequales
2280 966 2394 998 habere
2411 978 2521 1000 secun—

1517 1004 1595 1032 dum
1612 1012 1785 1033 commune
1808 1005 1928 1046 aliquid
1950 1005 2049 1037 inest:
2074 1011 2251 1040 secundum
2268 1011 2353 1041 enim
2374 1015 2464 1055 quod
2485 1014 2521 1045 fi-

1517 1057 1595 1087 gura
1618 1048 1776 1088 quaedam
1804 1056 1864 1088 est,
1890 1057 1921 1080 et
1947 1060 2014 1080 non
2043 1054 2221 1084 secundum
2249 1056 2399 1098 alterum,
2428 1058 2519 1091 inest.

1516 1093 1589 1122 Hoc
1608 1099 1715 1122 autem
1733 1103 1800 1123 non
1820 1103 1945 1135 semper
1963 1096 2006 1127 sic
2025 1106 2058 1127 se
2076 1097 2180 1129 habet.
2442 1096 2447 1101 ¹

1449 1135 1496 1167 Sit
1519 1137 1605 1167 enim
1626 1137 1664 1175 B,
1688 1139 1866 1169 secundum
1893 1140 1983 1180 quod
2006 1147 2053 1171 est
2074 1145 2115 1180 A,
2140 1143 2173 1173 in
2197 1142 2224 1174 C
2248 1143 2292 1176 D:
2317 1147 2522 1179 manifestum

1515 1182 1611 1222 igitur
1631 1188 1677 1212 est
1700 1184 1789 1222 quod
1805 1183 1830 1214 B
1849 1183 1882 1213 in
1903 1185 1929 1215 C
1953 1185 1982 1215 D
2006 1188 2184 1219 secundum
2207 1198 2381 1222 commune
2404 1199 2467 1232 est;
2491 1200 2523 1224 et

1515 1227 1595 1257 illud
1612 1228 1789 1258 secundum
1812 1228 1961 1268 alterum;
1986 1240 2083 1270 quare
2103 1233 2243 1265 duorum
2259 1235 2470 1267 terminorum
2488 1237 2522 1268 in

1516 1272 1628 1301 mediis
1645 1271 1759 1304 infiniti
1777 1273 1886 1314 utique
1909 1274 2048 1306 incident
2070 1278 2204 1310 termini.
2230 1279 2292 1310 Sed
2314 1280 2377 1311 hoc
2400 1288 2447 1312 est
2462 1282 2521 1312 im-

1516 1316 1676 1356 possibile.
1701 1317 1886 1368 Secqndum
1901 1319 1997 1359 igitur
2017 1331 2190 1354 commune
2211 1324 2332 1364 aliquid
2363 1335 2429 1356 esse
2454 1337 2522 1358 non

1515 1370 1642 1391 necesse
1673 1368 1719 1392 est
1746 1372 1871 1403 semper
1897 1363 1984 1394 idem
2012 1366 2046 1396 in
2069 1367 2232 1407 pluribus,
2261 1369 2417 1409 quoniam
2449 1381 2522 1403 vere

1516 1413 1608 1435 erunt
1630 1405 1812 1438 immediata
1835 1408 1944 1447 spatia.

1452 1449 1487 1479 ln
1504 1449 1618 1480 eodem
1642 1450 1773 1491 quidem
1795 1461 1908 1492 genere
1933 1460 1963 1484 et
1986 1464 2023 1485 ex
2047 1455 2166 1486 eisdem
2194 1457 2309 1488 atomis
2330 1468 2457 1490 necesse
2476 1467 2523 1492 est

1515 1495 1668 1525 terminos
1684 1505 1769 1531 esse,
1786 1496 1812 1526 si
1827 1497 1959 1538 quidem
1974 1499 2033 1538 his,
2051 1510 2132 1541 quae
2148 1510 2204 1540 per
2216 1512 2248 1532 se
2261 1509 2345 1541 sunt,
2362 1503 2419 1535 erit
2435 1515 2521 1536 com-

1515 1547 1631 1570 mune:
1656 1549 1723 1570 non
1746 1541 1832 1571 enim
1856 1541 1913 1572 erit
1936 1552 1973 1573 ex
1997 1543 2059 1574 alio
2082 1554 2196 1584 genere
2222 1546 2257 1576 in
2283 1547 2370 1578 aliud
2393 1549 2521 1581 descen-

1516 1583 1644 1615 dentem
1668 1584 1894 1616 demonstrare.

1447 1627 1465 1646 *
1476 1628 1681 1659 Manifestum
1698 1636 1806 1660 autem
1827 1636 1873 1664 est
1897 1631 2052 1671 quoniam
2065 1639 2096 1663 et
2110 1642 2185 1663 cum
2196 1635 2226 1663 Α
2242 1633 2276 1663 in
2293 1634 2319 1665 B
2331 1635 2388 1674 sit,
2408 1636 2434 1667 si
2450 1638 2520 1679 qui-

1515 1674 1589 1703 dem
1609 1680 1655 1704 est
1673 1675 1805 1715 aliquod
1821 1675 1975 1714 medium,
1993 1683 2039 1707 est
2057 1677 2274 1709 demonstrare
2289 1680 2379 1720 quod
2396 1683 2426 1711 A
2443 1682 2477 1713 in
2495 1683 2522 1714 B

1515 1718 1563 1748 sit.
1581 1718 1622 1749 Et
1639 1720 1794 1750 elementa
1809 1719 1995 1750 huiusmodi
2010 1728 2084 1752 sunt
2097 1722 2185 1761 haec,
2206 1729 2237 1752 et
2256 1729 2304 1753 tot
2319 1732 2400 1765 quot
2418 1727 2523 1759 media

1515 1769 1606 1793 sunt:
1623 1763 1824 1794 immediatae
1839 1765 1925 1795 enim
1939 1766 2174 1806 propositiones
2196 1775 2270 1798 sunt
2286 1767 2451 1811 elementa,
2468 1779 2523 1804 aut

1515 1817 1627 1838 omnes
1651 1816 1705 1839 aut
1728 1809 1927 1841 universales.
1952 1809 1985 1840 Si
2007 1821 2082 1841 vero
2109 1821 2176 1842 non
2200 1819 2246 1843 est
2269 1813 2430 1855 medium,
2455 1826 2522 1848 non

1514 1853 1652 1892 amplius
1671 1853 1728 1884 erit
1746 1853 1989 1893 demonstratio;
2010 1856 2064 1886 sed
2082 1856 2115 1886 in
2127 1856 2282 1897 principia
2300 1858 2350 1887 via
2368 1860 2445 1891 haec
2464 1868 2521 1893 est.

1447 1895 1597 1927 Similiter
1620 1905 1728 1928 autem
1747 1899 1804 1929 erit
1827 1905 1857 1929 et
1875 1898 1901 1928 si
1924 1901 1954 1929 A
1976 1899 2009 1929 in
2024 1900 2050 1931 B
2070 1910 2136 1931 non
2155 1901 2204 1931 sit.
2229 1901 2262 1932 Si
2281 1902 2411 1942 quidem
2435 1906 2522 1937 enim

1514 1948 1570 1972 aut
1593 1943 1651 1974 erit
1673 1943 1828 1982 medium,
1852 1949 1907 1973 aut
1926 1943 2029 1984 prius,
2050 1945 2100 1975 cui
2120 1955 2186 1976 non
2202 1945 2298 1985 inest,
2315 1948 2372 1979 erit
2388 1949 2533 1983 demon-⁴

1515 1986 1642 2026 strati03
1666 1988 1692 2018 si
1715 1998 1790 2019 vero
1814 1998 1899 2026 non,
1923 1998 1990 2019 non
2014 1996 2070 2020 est.
2102 1990 2163 2021 Sed
2187 1991 2380 2031 principium
2404 2001 2435 2026 et
2458 1996 2520 2027 ele-

1515 2038 1624 2062 menta
1639 2039 1688 2063 tot
1704 2039 1778 2063 sunt
1794 2039 1874 2073 quot
1891 2033 2032 2064 termini:
2048 2034 2166 2065 horum
2183 2035 2268 2066 enim
2284 2038 2520 2078 propositiones

1514 2076 1669 2117 principia
1693 2077 1971 2108 demonstrationis
1995 2085 2078 2109 sunt.
2103 2079 2145 2110 Et
2163 2079 2244 2110 sicut
2260 2082 2418 2122 quaedam
2433 2084 2520 2125 prin-

1516 2121 1597 2162 cipia
1620 2129 1694 2153 sunt
1711 2123 2005 2153 indemonstrabilia
2027 2124 2116 2164 quod
2135 2123 2174 2155 sit
2189 2125 2251 2155 hoc
2273 2126 2368 2166 illud,
2385 2135 2416 2159 et
2431 2129 2521 2170 quod

1516 2165 1555 2196 sit
1578 2166 1639 2197 hoc
1658 2167 1691 2197 in
1710 2168 1777 2206 illo,
1797 2168 1840 2198 sic
1860 2173 1890 2198 et
1909 2168 1998 2208 quod
2013 2178 2079 2199 non
2097 2168 2155 2199 erit
2171 2169 2234 2200 hoc
2249 2169 2339 2209 illud,
2360 2181 2417 2203 nec
2431 2174 2521 2215 quod

1515 2210 1555 2241 sit
1577 2211 1639 2242 hoc
1662 2212 1695 2242 in
1718 2213 1790 2251 illo;
1820 2221 1917 2254 quare
1941 2213 2017 2244 haec
2039 2213 2171 2254 quidem
2199 2224 2266 2245 esse
2294 2216 2430 2257 aliquid,
2459 2218 2521 2250 alia

1515 2263 1623 2286 autem
1646 2266 1712 2287 non
1737 2267 1803 2288 esse
1827 2257 1963 2298 aliquid,
1988 2265 2080 2289 erunt
2103 2258 2267 2300 principia.

1449 2298 1535 2330 Cum
1558 2308 1666 2332 autem
1689 2308 1840 2343 oporteat·
1852 2302 2067 2333 demonstrare
2087 2303 2223 2344 aliquid,
2240 2304 2461 2345 accipiendum
2476 2313 2523 2339 est

1515 2347 1605 2386 quod
1628 2347 1667 2377 de
1684 2347 1710 2378 B
1730 2347 1871 2387 pn'mum
1892 2347 2099 2387 praedicetur,
2124 2356 2154 2379 et
2170 2349 2210 2379 sit
2224 2349 2267 2388 C,
2288 2356 2318 2380 et
2341 2350 2379 2381 de
2403 2351 2465 2382 hoc
2480 2351 2520 2387 si-

1514 2391 1630 2422 militer
1645 2394 1684 2422 A.
1710 2392 1751 2423 Et
1774 2391 1817 2422 sic
1847 2401 1972 2432 semper
1997 2393 2084 2424 eunti
2117 2403 2320 2435 nequaquam
2344 2402 2427 2426 extra
2446 2406 2521 2437 pro-

1515 2436 1632 2475 positio
1657 2437 1756 2475 cadet,
1785 2446 1888 2477 neque
1912 2444 1996 2468 extra
2019 2447 2086 2468 esse
2113 2437 2213 2478 ipsius
2235 2442 2265 2470 A
2288 2439 2459 2480 accipietur
2485 2447 2522 2473 ut

1515 2481 1758 2519 demonstretur;
1772 2483 1826 2511 sed
1839 2491 1964 2522 semper
1976 2483 2119 2513 medium
2130 2484 2341 2516 condensatur
2350 2494 2521 2528 quousque

1514 2524 1715 2557 indivisibilia
1739 2526 1816 2557 fiant
1838 2532 1869 2556 et
1892 2536 2004 2558 unum.
2027 2527 2084 2559 Est
2103 2534 2210 2559 autem
2229 2538 2349 2568 unum,
2370 2539 2445 2561 cum
2460 2531 2519 2561 im-

1515 2571 1691 2601 mediatum
1705 2571 1774 2610 fiat,
1794 2578 1825 2602 et
1840 2581 1904 2602 una
1918 2572 2108 2611 propositio,
2126 2572 2262 2613 simplex
2279 2581 2311 2604 et
2326 2574 2519 2606 immediata.

1447 2615 1489 2645 Et
1511 2616 1787 2655 quemadmodum
1805 2616 1838 2646 in
1855 2615 1921 2646 aliis
1938 2624 1984 2647 est
2000 2616 2192 2657 principium
2215 2617 2363 2658 simplex,
2384 2618 2446 2649 hoc
2465 2628 2520 2650 au-

1515 2666 1580 2690 tem
1604 2670 1670 2690 non
1694 2661 1779 2691 idem
1803 2661 1936 2701 ubique,
1961 2661 2016 2691 sed
2039 2661 2071 2691 in
2095 2661 2181 2700 gravi
2209 2662 2340 2702 quidem
2360 2663 2463 2702 uncia,
2487 2663 2521 2694 in

1515 2705 1654 2735 melodia
1677 2712 1784 2735 autem
1808 2712 1919 2743 tonus,
1944 2705 2030 2735 aliud
2053 2712 2161 2736 autem
2184 2705 2216 2736 in
2240 2706 2321 2745 alio;
2347 2707 2390 2738 sic
2417 2715 2463 2739 est
2486 2708 2520 2739 in

1516 2749 1703 2789 syllogismo
1723 2759 1825 2780 unum
1845 2749 2022 2790 propositio
2046 2749 2249 2789 immediata,
2273 2750 2306 2781 in
2323 2752 2519 2784 demonstra-

1515 2793 1601 2823 tione
1625 2801 1732 2824 autem
1752 2801 1782 2825 et
1805 2793 1944 2832 scientia,
1968 2794 2154 2825 intellectus.

1449 2838 1485 2868 In
1508 2838 1762 2870 demonstrativis
1785 2839 1916 2879 quidem
1939 2838 2034 2879 igitur
2057 2838 2248 2881 syllogismis
2272 2839 2340 2871 eius
2356 2841 2446 2883 quod
2462 2848 2519 2882 est,

1516 2882 1594 2913 nihil
1618 2883 1700 2914 cadit
1723 2890 1826 2922 extra;

1448 2927 1481 2957 in
1505 2928 1664 2968 privativis
1688 2935 1810 2966 autem,
1835 2928 1890 2958 ubi
1913 2927 2044 2969 quidem
2068 2935 2195 2969 oportet
2222 2938 2305 2968 esse,
2329 2929 2408 2960 nihil
2436 2937 2521 2963 extra

1516 2972 1578 3003 hoc
1602 2973 1706 3011 cadat,
1733 2980 1767 3004 ut
1790 2973 1815 3003 si
1838 2975 1867 3003 A
1891 2983 1956 3003 non
1981 2980 2027 3004 est
2050 2973 2081 3003 in
2105 2973 2131 3004 B
2155 2983 2211 3014 per
2234 2973 2272 3004 C.
2293 2974 2325 3005 Si
2345 2974 2478 3006 enimin
2493 2975 2519 3006 B

1516 3018 1605 3048 omni
1629 3018 1760 3058 quidem
1784 3026 1830 3049 est
1853 3017 1896 3056 C,
1921 3018 1954 3048 in
1978 3017 2068 3048 nullo
2085 3018 2112 3049 C
2130 3026 2237 3049 autem
2261 3025 2308 3050 est
2330 3021 2377 3057 A;
2402 3019 2478 3050 item
2494 3019 2521 3050 si

1515 3061 1653 3103 indigeat
1676 3063 1764 3104 quod
1788 3063 1820 3093 in
1840 3063 1866 3094 C
1892 3065 1919 3093 A
1944 3062 2033 3093 nullo
2058 3063 2112 3102 sit;
2134 3063 2277 3094 medium
2300 3063 2520 3105 accipiendum

1516 3114 1562 3138 est
1585 3107 1684 3148 ipsius
1708 3111 1736 3139 A
1760 3114 1790 3138 et
1814 3108 1860 3146 C,
1885 3113 1922 3138 et·
1938 3107 1982 3138 sic
2006 3117 2131 3148 semper
2154 3108 2312 3148 procedet.

1449 3153 1481 3184 Si
1504 3162 1580 3183 vero
1611 3160 1757 3193 oporteat
1779 3153 1994 3183 demonstrare
2024 3153 2113 3194 quod
2137 3153 2165 3184 D
2190 3153 2223 3184 in
2250 3153 2276 3184 E
2300 3163 2366 3184 non
2393 3153 2450 3191 sit,
2479 3162 2519 3184 eo

1517 3197 1606 3239 quod
1635 3204 1681 3229 est
1704 3197 1731 3228 C
1755 3198 1788 3228 in
1811 3198 1840 3228 D
1871 3197 2001 3238 quidem
2026 3197 2136 3235 omni,
2171 3197 2204 3228 in
2233 3197 2259 3228 E
2291 3205 2399 3229 autem
2429 3197 2519 3228 nullo

1515 3250 1570 3274 aut
1593 3252 1659 3273 non
1683 3242 1715 3273 in
1732 3243 1839 3282 omni;
1866 3251 2033 3282 nunquam
2056 3249 2139 3273 extra
2154 3242 2180 3273 E
2197 3242 2300 3273 cadet:
2326 3242 2388 3274 hoc
2411 3248 2519 3273 autem

1515 3295 1576 3324 est,
1601 3287 1651 3318 cui
1674 3294 1801 3328 oportet
1825 3297 1891 3317 non
1910 3286 2021 3318 inesse.

1448 3333 1483 3363 ln
1507 3332 1598 3364 tertio
1622 3339 1729 3363 autem
1752 3333 1863 3370 modo,
1888 3340 1991 3372 neque
2010 3341 2029 3362 a
2051 3341 2118 3372 quo
2137 3337 2279 3372 oportet,
2303 3340 2406 3372 neque
2429 3329 2519 3370 quod

1516 3384 1642 3418 oportet
1665 3376 1791 3418 privari,
1815 3385 2019 3418 nequaquam
2042 3383 2126 3407 extra
2148 3375 2215 3407 ibit.

1448 3473 1562 3502 finitum
1577 3474 1773 3510 procedendo.
1786 3491 1804 3495 -
1818 3473 1842 3501 3.
1864 3472 2061 3501 Manifestatur
2076 3472 2132 3501 hoe
2146 3478 2287 3501 assertum
2301 3470 2434 3507 exemplo
2453 3478 2518 3506 spe-

1447 3513 1556 3542 cierum
1572 3513 1744 3551 trianguli-
1758 3523 1786 3548 4.
1803 3514 1945 3541 Probatur
1973 3519 2113 3541 assertum
2135 3521 2169 3540 ex
2191 3521 2227 3540 eo
2256 3511 2335 3548 quod
2357 3509 2430 3538 inter
2457 3510 2517 3554 duo

1447 3561 1575 3581 extrema
1596 3563 1657 3581 non
1679 3553 1790 3590 possint
1811 3553 1873 3581 dari
1895 3552 1998 3581 infiniti
2019 3551 2135 3580 termini
2158 3550 2254 3579 medii.
2273 3567 2291 3572 -
2307 3551 2332 3578 5.
2349 3550 2431 3577 Mens
2451 3550 2516 3594 ,ΑΠ-

1447 3593 1556 3621 stotelis
1570 3593 1739 3621 declaratur.
1759 3593 1815 3621 -6,
1831 3592 1964 3620 Obiectio
1981 3591 2115 3620 solvitur:
2131 3590 2208 3626 Quia
2222 3590 2252 3618 in
2270 3590 2517 3618 demonstratione

2548 752 2569 799 ''l'
2571 750 2706 805 e(2¹:¹1.>.3x7xtn.

2543 1643 2560 1671 γ’
2573 1642 2643 1666 Text.
2657 1642 2695 1672 38.
