2548 4192
202 276 268 300 CCC

201 353 276 373 num
302 343 417 373 scilicet
440 343 582 384 officium
599 343 617 372 ⁸?
641 343 731 372 Hanc
756 342 883 382 utique,
909 351 975 371 non
999 341 1093 370 aliam
1117 339 1272 370 definiunt

198 395 317 418 veteres
341 387 460 428 quique
485 388 599 424 Patres,
624 386 851 422 Tertullianus,
877 386 1033 421 Irenaeus,
1060 384 1270 424 Epiphanius,

198 432 344 469 Basilius,
369 432 578 471 Augustinus,
602 430 802 467 Benedictus,
827 429 1004 460 Bernardus
1029 428 1155 468 aliique.
1182 429 1271 458 Num

200 477 346 517 antiquae
363 476 544 516 disciplinae
562 475 650 505 istius
667 475 866 504 accumulare
884 481 976 504 testes
994 473 1143 503 debuerat
1158 483 1271 503 omnes

199 522 353 563 AquinaS‚
379 521 432 561 qui
458 521 535 550 illud
559 520 687 550 tandem
707 529 810 549 unum
826 525 989 554 testantur,
1007 518 1097 558 quod
1114 524 1271 547 unustra-

201 566 245 596 dit
268 562 529 605 Theodulphus?
559 564 625 594 Nos
657 570 824 593 auctorum
849 569 878 592 et
909 562 1135 592 sententiarum
1165 562 1271 592 multi-

200 610 273 650 plici
298 609 478 640 testimonio
503 618 538 638 ac
562 615 646 638 textu
672 607 801 647 paginas
825 607 1015 646 implemus:
1052 606 1102 636 vel
1126 616 1192 636 uno
1217 606 1271 636 ad—

200 655 299 684 hibito
333 654 390 691 rei,
420 663 483 694 qua
507 653 545 682 de
575 652 696 691 agitur,
730 651 815 691 gravi
841 653 1040 691 probatoque
1074 651 1270 688 testimonio,

198 698 364 739 grandiora
388 708 422 728 ac
447 697 592 735 utiliora,
626 705 707 736 quae
731 696 839 725 animo
873 696 1084 734 moliebatur,
1118 695 1272 726 scribebat

199 743 352 784 Aquinas.

266 787 317 817 111.
341 786 444 826 Pergit
467 785 519 816 ille
543 784 734 814 admonere:
761 786 975 825 vespertinum
1001 784 1081 815 illud
1105 784 1269 826 officium,

199 842 264 872 quo
289 831 443 862 celebrato
467 829 623 860 ieiunium
647 829 811 859 solvebant
841 837 960 860 veteres
985 829 1173 866 Christiani,
1197 836 1272 870 post

197 878 309 907 horam
335 886 451 906 nonam
486 884 563 904 aevo
589 884 648 904 suo
677 874 834 904 celebrari
865 870 1076 904 consuevisse.
1103 874 1270 914 Vigentem

198 931 272 951 suae
296 920 403 950 aetatis
428 929 551 949 morem
575 929 634 949 nos
659 919 761 948 docet:
787 919 958 959 simulque,
984 929 1058 949 cum
1081 919 1194 949 horam
1216 930 1270 950 ηο-

199 976 271 995 nam
297 971 464 1002 memorat,
489 963 662 1004 peculiares
686 970 824 1003 quatuor
847 963 941 993 horas
965 963 1032 993 illas
1056 963 1183 1000 indicat,
1201 965 1270 1004 qui-

197 1011 255 1040 bus
280 1016 349 1040 tum
373 1009 450 1046 dies,
475 1015 545 1038 tum
570 1007 664 1038 etiam
688 1018 751 1037 nox
775 1008 860 1048 apud
879 1015 998 1038 veteres
1018 1009 1269 1046 mensurabatur,

198 1065 232 1084 ac
256 1054 326 1094 ipso
351 1053 482 1084 fortasse
511 1052 679 1093 Aquinatis
703 1062 792 1082 aevo.
821 1053 963 1082 Verbum
994 1063 1096 1083 unum
1120 1063 1137 1082 a
1162 1061 1270 1084 sancto

197 1099 335 1129 Doctore
360 1098 517 1138 positum,
542 1097 631 1137 quod
655 1096 765 1137 utique
789 1097 970 1136 plenissime
994 1097 1201 1137 intelligebat,
1226 1098 1269 1128 la-

195 1144 310 1174 tiorem
334 1142 474 1183 exposcit
499 1141 775 1172 commentarium.
800 1142 888 1171 Tum
920 1142 1023 1179 diem,
1049 1149 1119 1172 tum
1143 1150 1271 1172 noctem

198 1195 335 1229 quatuor
358 1187 391 1217 in
415 1194 517 1227 partes
551 1186 730 1216 tribuebant
753 1193 888 1216 veteres:
915 1197 949 1216 ac
974 1187 1105 1226 singulis
1130 1187 1270 1227 partibus

196 1239 257 1263 tres
281 1233 374 1262 horas
399 1231 614 1271 adsignabant.
639 1231 712 1260 Pars
732 1232 842 1271 prima
866 1231 985 1271 priores
1010 1238 1070 1261 tres
1095 1233 1271 1272 occupabat

196 1277 301 1314 horas,
321 1277 359 1306 ab
384 1283 455 1306 ortu
481 1275 556 1305 solis
580 1276 802 1305 numerandas:
827 1276 966 1316 datoque
990 1276 1080 1315 signo
1098 1276 1194 1306 horae
1211 1283 1269 1307 ter-

196 1322 256 1352 tiae
281 1321 476 1361 completae,
508 1320 587 1350 illud
615 1319 784 1359 incipiebat
808 1320 993 1357 trihorium,
1023 1321 1113 1361 quod
1137 1331 1154 1350 a
1178 1321 1269 1361 signo

197 1366 270 1396 dato
296 1366 457 1396 dicebatur
486 1366 601 1401 tertia,
632 1374 733 1404 usque
758 1364 797 1393 ad
828 1364 994 1394 meridiem
1018 1365 1215 1396 duraturum.
1242 1368 1270 1396 A

196 1410 336 1447 meridie,
362 1420 417 1440 seu
442 1420 460 1439 a
483 1409 574 1448 signo
599 1409 694 1438 horae
719 1414 821 1438 'sextae
846 1409 1022 1448 completae
1038 1409 1167 1440 tertium
1182 1420 1269 1440 com-

195 1456 365 1495 putabatur
386 1454 565 1491 trihorium,
585 1453 674 1494 quod
700 1458 825 1483 sextam
852 1453 1063 1493 appellabant,
1085 1461 1115 1484 et
1141 1464 1158 1483 a
1178 1454 1269 1494 signo

195 1500 291 1530 horae
320 1509 423 1529 nonae
451 1498 620 1538 incipiebat
652 1497 820 1528 trihorium
849 1504 999 1538 quartum
1032 1498 1268 1538 vespertinum,

195 1544 284 1586 quod
313 1554 398 1574 nona
427 1543 487 1573 dici
517 1549 733 1579 consueverat,
762 1542 988 1582 desinebatque
1012 1552 1086 1572 curn
1115 1543 1190 1573 solis
1217 1553 1269 1574 oc-

195 1599 279 1619 casu.
300 1589 383 1619 Hinc
407 1597 482 1617 vero
503 1586 718 1626 colligendum
738 1593 798 1624 est,
819 1590 959 1627 quatuor
977 1587 1030 1617 illa
1050 1588 1186 1618 trihoria
1214 1596 1269 1619 aut

194 1634 287 1664 horas
316 1632 487 1663 duodecim
515 1631 696 1671 inaequales
716 1631 812 1661 fuisse
831 1641 887 1671 per
906 1631 980 1661 anni
1001 1631 1166 1662 circulum:
1187 1642 1268 1673 quae

194 1678 337 1718 apprime
370 1676 500 1707 callebat
519 1675 627 1706 omnia
647 1683 773 1706 sanctus
792 1676 937 1706 Thomas
957 1686 1088 1717 unoque
1107 1677 1204 1707 verbo
1220 1677 1268 1708 in-

195 1722 318 1753 dicavit.

261 1767 383 1797 Horam
404 1775 520 1795 nonam
542 1764 732 1804 distinguere
752 1771 879 1804 oportet
897 1765 1061 1795 ineuntem
1078 1772 1108 1795 et
1125 1766 1268 1797 desinen-

192 1819 267 1842 tem.
288 1811 419 1840 Ineunte
443 1810 520 1840 hora
541 1819 637 1846 nona,
658 1809 852 1849 principium
871 1817 935 1840 erat
954 1810 1122 1850 vespertini
1142 1818 1268 1851 tempo-

192 1856 242 1886 ris:
255 1855 416 1885 desinente
434 1864 521 1892 vero,
537 1861 664 1893 tempus
683 1854 900 1894 vespertinum
916 1854 1146 1894 complebatur.
1164 1856 1268 1896 Prope

190 1900 289 1931 finem
315 1899 411 1929 horae
440 1908 544 1929 nonae
564 1908 619 1928 seu
648 1898 802 1939 temporis
830 1899 1011 1939 vespertini,
1031 1899 1094 1930 hoc
1123 1907 1170 1931 est
1188 1901 1267 1931 hora

191 1944 380 1975 duodecima
399 1944 534 1980 labente,
555 1944 770 1983 vespertinum
791 1943 991 1974 celebrabant
1010 1943 1154 1985 officium
1176 1944 1267 1976 Chri-

191 1989 283 2020 stiani
311 1996 448 2026 veteres,
478 1995 669 2028 sumptaque
698 1987 867 2018 refectione
898 1989 1062 2019 solvebant
1090 1989 1265 2021 ieiunium:

189 2034 279 2075 quod
302 2033 510 2072 Theodulphi
537 2032 720 2063 testimonio
741 2033 890 2073 patefacit
909 2033 1053 2074 Aquinas
1082 2043 1118 2064 ac
1137 2034 1266 2066 tradunt

189 2086 308 2109 veteres
327 2078 503 2117 scriptores.
522 2079 611 2107 Aevo
627 2076 722 2107 etiam
741 2087 801 2107 suo
822 2088 846 2108 s.
861 2077 1038 2108 Bernardus
1058 2088 1204 2109 sermone
1229 2089 1267 2111 111

191 2123 223 2153 in
239 2122 533 2161 Quadragesimam,
546 2121 653 2152 fratres
667 2131 742 2151 suos
758 2122 946 2163 adloquens:
958 2122 1140 2160 Hactenus,
1155 2123 1266 2161 aiebat,

192 2177 292 2208 usque
304 2167 347 2197 ad
362 2176 479 2196 nonam
491 2167 705 2196 ieiunavimus
723 2167 784 2196 soli
798 2165 872 2209 (nos
888 2167 1033 2198 videlicet
1051 2168 1211 2206 monachi,
1229 2169 1267 2199 ab

191 2212 295 2242 idibus
320 2211 505 2251 septembris
533 2211 572 2240 ad
597 2210 872 2251 quadragesimam
897 2211 983 2242 iuxta
1002 2212 1144 2252 regulam
1165 2223 1188 2243 s.
1210 2213 1267 2244 Be-

192 2256 307 2287 nedicti
327 2255 427 2296 capite
443 2266 504 2292 xm,
525 2255 564 2285 ad
583 2255 697 2285 horam
716 2265 836 2286 nonam
856 2255 1045 2298 ineuntem):
1067 2267 1154 2288 nunc
1173 2255 1267 2300 (tem-

191 2311 269 2342 pore
289 2298 565 2342 quadragesimali)
591 2309 691 2340 usque
714 2300 757 2330 ad
781 2310 945 2341 vesperam
966 2299 1061 2343 (circa
1081 2300 1178 2332 finem
1211 2303 1267 2333 ho-

192 2356 243 2376 rae
263 2355 377 2382 nonae,
395 2355 450 2375 seu
471 2345 573 2385 quarti
593 2344 725 2382 trihorii,
741 2355 797 2375 seu
816 2345 895 2376 hora
910 2345 1100 2376 duodecima
1121 2346 1267 2390 labente)

194 2390 381 2421 ieiunabunt
397 2389 557 2420 nobiscum
570 2390 698 2429 pariter
713 2391 856 2420 universi
871 2400 966 2430 reges
981 2396 1011 2421 et
1020 2392 1194 2431 principes,
1206 2392 1267 2423 cle-

193 2444 251 2465 rus
271 2440 301 2464 et
314 2435 473 2474 populus,
497 2434 616 2464 nobiles
638 2439 668 2464 et
688 2434 853 2475 ignobiles.
875 2435 983 2466 Mitior
1001 2435 1149 2466 Thomae
1169 2443 1268 2468 aetate

192 2479 317 2519 vigebat
343 2478 525 2518 disciplina:
553 2488 616 2519 qua
644 2478 859 2518 permittente,
881 2481 1095 2520 vespertinum
1124 2480 1267 2522 officium

192 2524 321 2554 ineunte
338 2523 415 2553 hora
432 2532 527 2561 nona,
545 2533 600 2552 seu
616 2522 708 2552 tertio
724 2523 867 2560 trihorio,
883 2534 938 2554 seu
956 2524 1034 2555 hora
1051 2525 1174 2556 decima
1189 2526 1283 2560 cele-,

193 2568 274 2599 brari
291 2573 506 2604 consueverat,
525 2567 703 2607 eodemque
719 2568 883 2607 persoluto
904 2569 1085 2599 solvebatur
1100 2570 1267 2601 ieiunium.

194 2613 281 2644 Haec
297 2613 335 2642 ad
356 2612 467 2642 horam
488 2618 607 2642 sextam
626 2611 690 2641 sive
710 2611 790 2642 circa
809 2613 974 2643 meridiem
993 2614 1190 2654 temporibus
1209 2625 1268 2645 no-

194 2657 263 2688 stris
287 2663 416 2687 retracta
435 2656 590 2687 videmus.

262 2702 308 2732 Ita
330 2710 405 2731 vero
430 2701 469 2730 ad
492 2709 657 2740 vesperam
676 2699 832 2730 ieiunium
852 2701 1017 2732 solvebant
1040 2709 1159 2734 veteres
1176 2703 1268 2735 Chri—

195 2746 287 2777 stiani
307 2752 342 2776 ut
361 2745 393 2775 in
414 2745 567 2775 sumenda
587 2744 757 2775 refectione
777 2745 897 2776 lumine
922 2747 1075 2777 lucernae
1099 2757 1162 2778 non
1187 2748 1268 2778 indi-

194 2795 310 2832 gerent
334 2790 529 2831 reficientes,
555 2790 746 2820 admonente
771 2797 879 2820 sancto
908 2791 1080 2821 Benedicto
1104 2791 1137 2822 in
1162 2793 1268 2832 regula

196 2835 296 2875 capite
322 2845 383 2865 xm.
408 2834 499 2864 Hanc
527 2841 666 2864 veterem
697 2834 962 2865 consuetudinem
994 2843 1124 2866 noverat
1147 2836 1268 2867 Doctor

195 2880 356 2920 Aquinas,
388 2889 462 2909 cum
491 2889 527 2908 ex
550 2878 605 2909 illo
629 2888 719 2909 more
743 2878 910 2909 discrimen
940 2879 1048 2910 ieiunii
1073 2879 1267 2911 Christiano-

195 2934 267 2954 rum
292 2930 397 2954 sumat
412 2933 430 2953 a
446 2923 583 2961 iudaico,
607 2923 680 2953 loco
705 2923 810 2960 citato,
828 2933 925 2964 quern
949 2923 1154 2962 illustramus,
1174 2925 1213 2955 ad
1238 2926 1265 2956 1:

195 2969 234 2999 In
261 2969 360 2999 veteri
388 2969 604 3005 Testamenta,
636 2967 800 3008 inquiens,
826 2968 1012 2999 ieiunabant
1036 2978 1136 3010 usque
1151 2970 1195 3000 ad
1211 2980 1266 3000 no-

196 3018 295 3044 ctem:
319 3023 381 3043 non
406 3017 512 3043 autem
538 3013 570 3042 in
595 3022 676 3042 novo
706 3013 915 3043 Testamenta.
942 3013 1114 3053 Vesperam
1138 3015 1265 3051 scilicet,

195 3067 276 3098 quae
301 3057 332 3087 in
357 3057 497 3087 Levitico
523 3056 623 3097 capite
647 3066 731 3094 xxm,
755 3066 834 3087 vers.
864 3058 914 3095 32,
937 3058 1139 3089 constituitur
1157 3059 1265 3090 ieiunii

195 3101 368 3139 terminus,
401 3101 565 3132 scitissime
588 3101 732 3131 Thomas
756 3101 902 3141 intelligit
929 3102 1004 3132 solis
1029 3112 1179 3134 occasum
1210 3114 1265 3134 seu

197 3151 331 3176 noctem:
354 3155 417 3186 qua
441 3145 479 3176 de
503 3156 535 3176 re
558 3153 680 3186 praeter
704 3146 836 3176 Iudaeos
861 3146 1027 3187 scriptores
1051 3148 1181 3178 consule
1201 3150 1266 3179 Au-

195 3190 359 3230 gustinum
384 3189 565 3220 Calmetum
586 3190 618 3220 in
636 3189 831 3221 Dictionario
857 3201 960 3222 sacrae
980 3191 1157 3232 Scripturae
1173 3200 1203 3223 et
1219 3193 1266 3223 lo-

198 3244 314 3264 annem
336 3233 536 3264 Buxtorfium
557 3234 589 3264 in
607 3234 774 3275 Synagoga
799 3235 924 3266 Iudaica
940 3235 1040 3276 capite
1056 3246 1124 3267 xxx.
1142 3237 1209 3268 Cur
1225 3237 1267 3268 ita

196 3276 291 3309 vero?
315 3278 521 3319 Aptissimam
546 3279 701 3309 rationem
725 3279 830 3319 accipe
854 3280 892 3310 ab
908 3280 1076 3321 Aquinate:
1096 3281 1190 3319 Quod
1203 3287 1267 3313 sta-

197 3329 248 3354 tus
272 3324 387 3354 veteris
406 3324 608 3360 Testamenti,
625 3323 798 3364 inquiente,
823 3330 1031 3365 comparatur
1055 3327 1151 3357 nocti:
1164 3331 1268 3357 status

197 3377 272 3398 vero
298 3369 371 3398 novi
399 3368 591 3398 Testamenti
620 3368 694 3405 diei,
719 3369 894 3399 secundum
925 3369 1006 3400 illud
1028 3370 1072 3401 ad
1094 3371 1185 3401 Rom.
1212 3371 1268 3402 13.-

196 3412 273 3442 Nox
292 3413 477 3452 praecessit,
495 3412 564 3443 dies
581 3417 687 3443 autem
707 3414 985 3454 appropinquavit.
1003 3414 1166 3446 Similibus
1183 3414 1267 3446 hisce

197 3456 335 3496 mysticis
351 3457 524 3487 rationibus
542 3457 720 3487 nitebantur
736 3458 894 3488 Ecclesiae
911 3459 1016 3489 Patres
1033 3459 1065 3489 in
1081 3459 1267 3490 huiusmodi

197 3499 392 3531 institutione
417 3502 546 3538 rituum,
571 3512 653 3542 quos
677 3503 846 3532 servandos
871 3504 1103 3543 proponebant.
1234 3536 1237 3542 ,

270 3545 485 3584 Vespertinum
511 3546 589 3576 illud
612 3546 766 3587 ffficium,
793 3557 858 3587 quo
883 3548 1047 3587 persoluto
1063 3548 1267 3579 refectionem

198 3597 320 3618 sumere
351 3589 479 3627 licebat,
509 3591 627 3620 nedum
659 3591 825 3621 canonicas
856 3592 972 3630 horas,
1003 3602 1085 3632 quae
1116 3602 1268 3633 vesperae

199 3631 397 3671 dicebantur,
421 3634 612 3673 intelligebat
644 3635 878 3675 Theodulphus
909 3636 941 3665 in
964 3636 1066 3666 verbis
1097 3647 1115 3666 a
1138 3637 1267 3668 Thoma

935 261 1395 298 DISSERTATIONES
1426 261 1674 299 CRlTICAE

1328 340 1438 378 allatis,
1455 351 1565 371 verum
1589 342 1684 372 etiam
1700 342 1870 373 Missarurn
1886 343 2051 381 solemnia,
2067 354 2149 385 quae
2167 345 2313 375 celebrari
2331 352 2420 376 ante>

1327 394 1472 425 vesperas
1510 393 1747 417 consueverant.
1782 387 1863 417 Rem
1896 388 2043 427 patefacit
2076 399 2208 419 omnem
2244 389 2404 429 integrum

1327 429 1534 470 Theodulphi
1559 431 1789 468 testimonium,
1815 432 1904 472 quod
1923 432 2062 472 profero:
2084 433 2194 464 Solent
2205 434 2332 474 plures,
2348 435 2405 474 qui

1326 483 1360 503 se
1384 475 1530 504 ieiunare
1548 480 1686 515 putant,
1712 486 1788 506 mox
1819 481 1853 506 ut
1875 477 2005 517 signum
2035 478 2191 515 audiunt,
2217 479 2261 509 acl
2284 489 2402 509 nonam

1326 519 1526 549 manducare
1549 517 1603 562 (ad
1627 520 1740 550 horam
1763 520 1880 551 scilicet
1904 521 1965 551 diei
1989 532 2109 551 nonam
2138 523 2332 563 completam
2355 523 2402 553 in-

1328 562 1539 604 choatamque
1564 564 1721 594 decimam
1751 574 1807 595 seu
1831 565 1922 595 initio
1946 566 2049 606 quarti
2074 566 2226 609 trihorii):
2251 569 2306 608 qui
2330 568 2402 598 nul-

1327 607 1455 638 latenus
1479 609 1626 638 ieiunare
1659 609 1811 639 credendi
1833 615 1926 646 sunt,
1951 611 1980 640 si
2007 616 2083 640 ante
2113 612 2399 650 manducaverint,

1326 660 1422 691 quam
1448 654 1662 692 vespertinum
1687 654 1866 684 celebretur
1888 654 2031 695 officium
2057 652 2156 697 (circa
2175 655 2273 686 finem
2297 657 2399 698 quarti

1327 695 1448 725 trihorii
1472 706 1507 726 ac
1530 697 1609 727 hora
1633 697 1694 727 diei
1719 698 1909 728 duodecima
1927 698 2112 741 desinente).
2133 699 2400 732 concurrendum

1327 745 1374 770 est
1397 741 1480 770 enim
1505 741 1548 771 ad
1571 743 1692 772 Missas
1716 747 1746 772 et
1769 743 1889 773 auditis
1913 744 2090 774 Missurum
2115 745 2319 783 solemnibus,
2335 748 2403 777 sive

1328 786 1516 824 vespertinis
1539 785 1656 826 officiis
1680 784 1781 828 (quae
1805 794 1879 827 post
1902 787 2033 817 Missam
2056 789 2333 828 persolvebantur,
2358 791 2402 821 la—

1326 829 1418 859 bente
1444 829 1521 859 hora
1550 830 1741 860 duodecima
1771 829 1866 873 diei),
1891 832 2022 872 largitis
2046 833 2275 874 eleemosynis,
2300 835 2344 865 ad
2359 836 2401 866 ci-

1326 874 1398 903 bum
1416 874 1630 904 accedendum
1649 880 1705 905 est.
1723 875 1759 904 Si
1776 885 1850 905 vero
1870 876 1988 916 aliquis
2009 878 2196 908 necessitate
2212 881 2403 910 constrictus

1315 917 1427 958 fuerit
1451 924 1486 949 ut
1508 919 1552 949 ad
1575 920 1710 949 Missam
1736 921 1907 950 convenire
1929 930 1992 950 non
2018 921 2134 958 valeat,
2158 924 2326 953 aestimata
2352 933 2401 954 ve-

1324 964 1468 1002 spertina
1492 964 1585 1000 hora,
1611 964 1766 1004 completa
1790 965 1937 994 oratione
1959 975 2031 1001 sua,
2059 966 2213 996 ieiunium
2238 967 2404 998 absolvere

1325 1007 1424 1037 debet.
1451 1008 1662 1038 Edmundum
1686 1009 1826 1038 Martene
1851 1009 1992 1046 consule,
2017 1009 2072 1050 qui
2096 1020 2164 1040 rem
2181 1011 2261 1041 hanc
2278 1012 2401 1052 egregie

1325 1051 1469 1089 illustrat,
1494 1053 1542 1083 De
1562 1053 1700 1093 antiquis
1720 1053 1877 1083 Ecclesiae
1902 1053 2012 1084 ritibus
2028 1054 2108 1084 libro
2130 1055 2182 1091 IV,
2199 1056 2300 1095 capite
2315 1066 2401 1094 xvm,

1326 1107 1415 1126 num.
1443 1098 1478 1127 16
1499 1104 1529 1127 et
1551 1107 1602 1127 21.
1628 1098 1736 1135 Quam
1752 1097 1850 1128 reiicit
1866 1098 1938 1128 loco
1957 1098 2051 1129 citato
2068 1099 2315 1140 Theodulphus,
2332 1111 2402 1131 san-

1326 1141 1366 1171 cti
1390 1141 1537 1171 Thomae
1562 1149 1661 1172 aetate
1685 1142 1717 1171 in
1742 1152 1802 1172 usu
1828 1143 1993 1172 communi
2018 1150 2082 1174 erat
2105 1143 2194 1181 hora,
2214 1145 2253 1174 ad
2278 1145 2402 1175 solven-

1326 1186 1404 1216 dum
1428 1186 1584 1216 ieiunium
1608 1186 1793 1223 constituta,
1818 1197 1904 1217 nona
1928 1187 1988 1217 diei
2014 1188 2174 1228 completa
2196 1199 2251 1219 seu
2277 1189 2400 1220 decima

1325 1230 1482 1261 inchoata.
1509 1231 1596 1268 Quid
1620 1241 1695 1261 vero
1721 1232 1894 1271 vespertini
1920 1231 2005 1262 illius
2029 1232 2129 1273 officii
2157 1233 2288 1264 nomine
2312 1234 2403 1264 intel-

1325 1275 1432 1305 lexerit
1455 1275 1619 1312 Thomas,
1645 1286 1684 1305 an
1709 1276 1802 1305 horas
1834 1276 2019 1313 canonicas,
2048 1287 2088 1306 an
2113 1277 2208 1307 etiam
2232 1278 2403 1309 Missarum

1326 1317 1503 1349 solemnia?
1528 1320 1708 1361 Utrumque
1729 1330 1803 1350 sane
1827 1320 1979 1351 intellexit
2002 1328 2038 1351 ut
2061 1331 2121 1351 suo
2137 1321 2233 1352 etiam
2249 1333 2328 1353 aevo
2345 1323 2401 1353 ob-

1326 1371 1485 1394 servatum
1499 1364 1635 1395 videbat.
1653 1365 1701 1395 De
1718 1365 1921 1395 celebrandae
1939 1365 2052 1396 Missae
2068 1373 2212 1407 tempore
2229 1367 2294 1407 agit
2304 1367 2343 1398 111
2356 1378 2399 1408 p.,

1325 1418 1379 1448 qu.
1397 1419 1521 1445 Lxxxtn,
1538 1416 1592 1439 art.
1610 1420 1642 1446 11,
1663 1416 1693 1440 et
1712 1410 1792 1449 vhaec
1816 1410 1910 1440 habet
1933 1410 1971 1440 ad
2000 1411 2032 1441 3:
2057 1411 2083 1440 A
2109 1411 2217 1449 nobis,
2242 1411 2401 1453 inquiens,

1325 1453 1508 1483 celebratur
1524 1451 1648 1495 (Missa)
1665 1455 1746 1484 hora
1765 1455 1955 1485 Dominicae
1965 1456 2138 1494 passionis,
2155 1456 2277 1487 scilicet
2292 1456 2403 1488 diebus

1314 1496 1417 1537 festis
1440 1499 1472 1527 in
1493 1499 1600 1534 tertia,
1618 1499 1747 1538 quando
1764 1499 1940 1539 crucifixus
1956 1505 2003 1530 est
2019 1500 2142 1541 linguis
2156 1500 2400 1532 Iudaeorum....

1331 1541 1386 1571 Vel
1408 1541 1519 1572 diebus
1541 1541 1694 1582 profestis
1717 1544 1749 1572 in
1773 1548 1877 1580 sexta,
1902 1544 2032 1583 quando
2049 1545 2226 1585 crucifixus
2242 1555 2284 1576 ex
2297 1546 2402 1576 mani-

1325 1586 1383 1616 bus
1406 1587 1589 1616 militum....
1613 1586 1666 1617 Vel
1679 1586 1790 1617 diebus
1806 1588 1999 1618 ieiuniorum
2015 1589 2048 1618 in
2067 1598 2163 1628 nona,
2181 1590 2311 1630 quando
2327 1599 2403 1621 voce

1325 1641 1447 1672 magna
1472 1631 1618 1661 clamans
1642 1632 1747 1661 emisit
1768 1632 1928 1671 spiritum.

1393 1675 1574 1706 Articulum
1597 1675 1763 1712 Thomae,
1788 1686 1855 1716 quo
1880 1676 1918 1706 de
1942 1676 2084 1716 agimuS,
2109 1675 2206 1708 nemo
2230 1678 2331 1718 probe
2354 1678 2401 1709 in-

1325 1719 1454 1759 telligat,
1479 1720 1535 1761 qui
1560 1720 1636 1750 haec
1667 1719 1776 1750 omnia
1799 1720 1924 1759 ignoret
1947 1721 1986 1750 ad
2010 1728 2148 1752 veterem
2176 1721 2287 1752 ieiunii
2310 1722 2400 1753 disci-

1325 1764 1445 1804 plinam
1470 1765 1658 1804 spectantia:
1683 1765 1795 1795 eadem
1819 1775 1894 1805 ergo
1919 1765 2063 1806 apprime
2087 1773 2218 1798 noverat
2245 1766 2400 1808 Aquinas,

1325 1809 1380 1850 qui
1405 1809 1573 1839 articulum
1597 1809 1761 1846 scribebat;
1786 1809 1910 1840 tametsi
1934 1810 1999 1840 lato
2023 1810 2135 1840 eadem
2154 1820 2300 1842 sermone
2314 1811 2401 1842 haud

1325 1860 1457 1891 enarret,
1483 1853 1591 1894 paucis
1610 1861 1717 1884 tamen
1741 1853 1858 1884 indicat
1881 1854 1992 1884 verbis.
2018 1855 2149 1886 Disserit
2172 1862 2332 1896 praeterea
2354 1855 2402 1887 lu-

1325 1898 1540 1928 culentissime
1571 1898 1609 1928 de
1637 1898 1816 1929 constitutis
1845 1898 2040 1930 ieiuniorum
2071 1900 2271 1940 temporibus
2299 1901 2403 1942 deque

1323 1942 1415 1973 licitis
1439 1942 1619 1984 illicitisque
1643 1943 1734 1973 cibis:
1759 1943 1924 1984 variasque
1948 1944 2100 1984 proponit
2116 1950 2172 1975 aut
2186 1951 2325 1975 vetustas
2348 1942 2410 1976 aut‘

1324 1997 1431 2018 recens
1461 1987 1600 2018 invectas
1624 1987 1880 2018 consuetudines.
1907 1987 2112 2019 Interdictum
2143 1988 2287 2019 carnium
2311 1999 2403 2020 esum

1324 2032 1418 2062 docet
1440 2039 1496 2062 art.
1521 2042 1575 2062 vm
1599 2032 1638 2062 ad
1666 2033 1695 2070 3,
1719 2032 1809 2073 quod
1833 2039 1943 2063 contra
1967 2033 2151 2063 Launoium
2170 2039 2296 2064 strenue
2310 2040 2402 2065 tuen-

1323 2083 1375 2107 tur
1398 2076 1601 2107 eruditissimi
1625 2076 1693 2107 viri.
1717 2076 1788 2108 Ova
1817 2076 1931 2116 pariter
1953 2083 1985 2107 et
2008 2077 2163 2108 lacticinia
2190 2078 2402 2120 quadragesi-

1323 2121 1403 2151 mali
1425 2126 1567 2161 tempore
1590 2120 1777 2152 Christianis
1802 2122 2031 2152 universaliter
2053 2121 2217 2152 interdicta
2232 2122 2326 2154 tradit
2340 2122 2400 2154 ibi-

1324 2166 1416 2196 dem:
1441 2166 1602 2206 simulque
1631 2166 1784 2196 admonet
1808 2167 1840 2196 in
1865 2166 1940 2196 aliis
1959 2167 2088 2197 ieiuniis
2105 2166 2252 2197 diversas
2271 2176 2402 2198 consue-

1323 2210 1450 2246 tudines
1473 2210 1615 2240 obtinere
1647 2210 1736 2250 apud
1766 2210 1933 2241 diversos:
1963 2220 2060 2251 quos,
2086 2210 2205 2252 inquit,
2230 2211 2403 2243 observare

1322 2256 1456 2296 quisque
1479 2255 1569 2285 debet
1591 2255 1767 2285 secundum
1793 2265 1913 2285 morem
1938 2265 2061 2293 eorum,
2087 2256 2173 2286 inter
2194 2265 2274 2296 quos
2293 2265 2401 2288 versa·

1323 2305 1386 2330 tur.
1412 2300 1460 2330 De
1483 2299 1591 2330 ieiunii
1616 2306 1760 2340 ternpore
1791 2306 1847 2330 art.
1872 2309 1892 2329 v
1916 2299 2055 2330 disserit:
2080 2300 2237 2341 docetque
2267 2301 2401 2342 quadra-

1323 2344 1472 2384 gesimale
1500 2343 1658 2374 ieiunium
1681 2344 1721 2374 ab
1744 2344 1890 2375 Ecclesia
1915 2350 2070 2375 statutum
2093 2351 2125 2375 et
2152 2345 2400 2376 ecclesiasticam

1323 2389 1583 2419 consuetudinem
1608 2389 1726 2419 habere
1749 2396 1785 2419 ut
1807 2388 1924 2419 ieiunia
1938 2395 2077 2430 quatuor
2092 2395 2277 2430 temporum
2293 2390 2400 2421 obser-

1322 2434 1446 2470 ventur,
1471 2443 1553 2474 quae
1577 2439 1683 2463 tamen
1708 2443 1767 2464 nec
1789 2435 1918 2463 omnino
1943 2433 2060 2464 eisdem
2077 2434 2272 2474 temporibus
2286 2434 2401 2475 quibus

1323 2477 1448 2515 Iudaei,
1476 2487 1534 2508 nec
1551 2483 1688 2518 propter
1710 2487 1828 2509 causas
1851 2478 1978 2508 easdem
2003 2485 2141 2518 aguntur
2163 2488 2182 2508 a
2201 2478 2398 2511 Christianis.

1323 2522 1555 2553 Animadvertit
1577 2522 1715 2563 denique
1738 2522 1855 2553 ibidem
1888 2533 1951 2553 non
1983 2532 2052 2553 esse
2074 2524 2228 2554 ieiunium
2253 2528 2318 2554 toto
2339 2533 2401 2565 pa-

1322 2567 1425 2598 schali
1448 2572 1590 2606 tempore
1613 2567 1811 2604 institutum,
1844 2567 2064 2608 indictumque
2092 2567 2250 2598 Ecclesiae
2273 2577 2400 2608 praece-

1323 2618 1390 2651 pto:
1415 2611 1540 2642 ta'metsi
1564 2610 1672 2641 fideles
1695 2611 1728 2641 in
1751 2611 1857 2651 vigilia
1881 2612 2093 2649 Pentecostes,
2111 2612 2343 2642 consuetudine
2361 2622 2399 2644 ex

1323 2655 1375 2696 pia
1399 2655 1507 2695 potius
1532 2655 1701 2686 devotione
1716 2655 1856 2692 inducta,
1873 2655 2013 2686 ieiunare
2033 2662 2251 2693 consuescant,
2269 2663 2305 2686 ut
2320 2656 2396 2687 scite

1324 2700 1455 2730 adnotat
1471 2699 1656 2730 Franciscus
1672 2699 1798 2740 Sylvius
1815 2699 1868 2741 (in
1886 2700 1945 2730 loc.
1958 2701 2009 2730 cit.
2027 2699 2061 2730 S.
2078 2700 2134 2730 Th.
2150 2701 2321 2740 quaeritur
2335 2700 2398 2743 7⁰).

1714 2807 2005 2858 CAPUTIL

1322 2918 1415 2943 Varios
1433 2922 1550 2942 vetustos
1578 2916 1642 2941 ritus
1660 2916 1742 2949 probe
1761 2921 1869 2941 noverat
1886 2916 2002 2949 Aquinas
2022 2916 2048 2941 in
2067 2916 2225 2942 Sam-amenti
2244 2915 2396 2950 Raptim&

1480 2951 1707 2983 administratione,
1727 2957 1753 2977 et
1771 2951 1988 2984 confirmationis,
2008 2957 2035 2978 et
2052 2952 2237 2977 Eucharistiae.

1324 3060 1347 3091 Ι.
1370 3052 1495 3136 Non
1519 3062 1626 3093 minus
1650 3062 1819 3093 abhorrent
1842 3073 1859 3093 a
1883 3073 1973 3101 vero,
2009 3073 2092 3104 quae
2120 3063 2216 3094 altera
2248 3072 2398 3095 censurae

1453 3114 1540 3148 parte
1563 3107 1776 3148 proferuntur.
1798 3108 1996 3138 Mutationes
2012 3109 2182 3149 ignorasse
2201 3108 2338 3139 nomas
2353 3109 2397 3139 vi-

1322 3149 1418 3180 detur
1441 3149 1560 3194 (inquit
1588 3151 1722 3192 scriptor
1751 3151 1883 3194 gallus),
1913 3162 1996 3193 quae
2019 3158 2196 3193 temporum
2227 3161 2325 3183 cursu
2349 3151 2397 3184 la-

1323 3194 1414 3225 bente
1444 3197 1651 3237 contigerunt
1674 3197 1706 3226 in
1738 3195 2024 3227 Sacramentorum
2055 3197 2336 3228 administratione
2365 3201 2396 3228 et

1323 3239 1412 3269 illam
1436 3250 1563 3281 semper
1585 3240 1777 3271 existimasse
1801 3241 2002 3282 disciplinam
2027 3242 2210 3278 obtinuisse,
2229 3250 2312 3283 quae
2329 3248 2396 3272 ser-

1324 3283 1461 3315 vabatur
1483 3285 1552 3315 eius
1574 3289 1690 3315 aetate.
1716 3285 1814 3323 Quod
1847 3285 1913 3326 ipse
1937 3292 2011 3326 post
2041 3285 2243 3316 Antoninum
2266 3285 2394 3316 Touro-

1323 3327 1414 3358 nium
1438 3336 1547 3359 contra
1571 3339 1735 3360 censuram
1759 3329 1953 3360 Huetianam
1977 3330 2136 3370 reposuit,
2161 3330 2200 3360 ad
2223 3339 2290 3360 rem
2314 3329 2395 3360 hanc

1324 3372 1460 3404 maxime
1484 3373 1573 3404 facit:
1598 3374 1687 3404 Mais
1710 3379 1789 3404 cette
1811 3375 1940 3415 opinion
1965 3379 2011 3405 est
2031 3384 2074 3405 un
2082 3374 2176 3415 faux
2185 3373 2392 3414 paradoxe...

1323 3417 1354 3447 Il
1377 3427 1417 3448 ne
1431 3417 1514 3459 faut
1536 3427 1598 3459 que
1619 3418 1676 3448 des
1688 3428 1790 3459 yeux
1809 3429 1898 3459 pour
1924 3428 1959 3449 se
1982 3420 2175 3450 convaincre
2192 3417 2236 3449 du
2252 3417 2392 3448 contrai-

1323 3471 1368 3492 re.
1394 3462 1474 3493 Satis
1498 3462 1576 3492 mihi
1602 3462 1705 3500 fuerit,
1730 3462 1762 3492 in
1786 3463 1971 3503 praecipuas
1995 3463 2176 3499 nonnullas,
2194 3471 2275 3503 quae
2294 3461 2394 3492 conti-

1322 3514 1444 3546 gerunt,
1456 3508 1649 3538 mutationes
1662 3506 1830 3548 inquirere;
1847 3507 2050 3548 peritiaeque,
2062 3517 2126 3548 qua
2141 3506 2281 3547 pollebat
2294 3505 2393 3546 Aqui-

1322 3561 1388 3587 nas,
1413 3550 1524 3582 offerre
1547 3551 1730 3591 specimina.
1756 3551 1822 3582 Viri
1847 3551 2031 3588 doctissimi,
2056 3551 2112 3592 qui
2135 3550 2174 3580 de
2207 3549 2318 3580 ritibus
2334 3550 2392 3580 Ba-

1322 3595 1477 3635 ptismatis
1501 3602 1609 3635 agunt,
1635 3596 1785 3626 adnotare
1809 3596 1922 3632 solent,
1946 3595 2110 3636 antiquam
2135 3593 2224 3625 certis
2243 3594 2394 3624 duntaxat

1323 3639 1444 3678 diebus,
1469 3639 1605 3670 maxime
1629 3641 1661 3670 in
1685 3640 1809 3670 Pascha
1833 3646 1863 3670 et
1886 3639 2086 3677 Pentecoste,
2111 3637 2291 3678 baptizandi
2316 3647 2393 3669 con·
