2788 4204
0 1163 13 1461 -aew‘-v··‘›vw=v-r.:-
14 1119 15 1122 „

1075 280 1187 316 CAP.
1217 280 1379 327 XXXII,
1410 280 1559 317 LECT.
1590 281 1711 317 XLIII

2409 283 2483 319 313

733 511 1034 567 LECTIO
1074 513 2054 589 QUADRAGESIMATERTIA

518 649 647 690 NON
684 625 902 689 EADEM
935 649 1096 691 SUNT
1129 649 1427 691 PRINCIPIA
1461 650 1706 692 OMNIUM
1739 651 2263 696 SYLLOGISMORUM

297 786 365 823 Τάς
390 779 420 816 δ’
449 785 558 823 αὐτάς
592 785 698 829 ἀρχάς
729 784 891 817 ἀπάντων
923 782 1009 817 εἶναι
1034 786 1100 817 τῶν
1131 786 1379 831 συλλογισμῶν,

366 824 556 870 ἀδύνατον,
592 831 724 874 πρῶτον
754 830 813 873 μὲν
837 830 978 875 λογικῶς
1011 828 1199 873 θεωροῦσιν.
1235 833 1272 861 Οἱ
1303 830 1361 874 μὲν

363 874 428 921 γάρ
455 873 588 912 ἀληθεῖς
614 875 676 906 εἰσὶ
701 875 767 906 τῶν
792 875 1038 920 συλλογισμῶν,
1059 876 1087 906 οἰ
1112 871 1150 906 δὲ
1175 870 1315 918 ψευδεῖς.

296 920 363 951 Καὶ
387 919 452 964 γοίρ
478 919 570 950 ἔστιν
602 917 723 956 ἀληθὲς
753 919 789 951 ἑκ
821 918 946 963 ψευδῶν
972 920 1257 964 συλλογίσασθαι,
1285 919 1359 951 ἀλλ’

367 962 462 1003 ἅπαξ
481 964 587 995 τοῦτο
604 965 751 1009 γίνεται,
768 964 836 995 οἷον
855 964 882 994 εἰ
899 963 941 996 τὸ
954 964 979 994 Δ
995 966 1092 995 κατα
1108 964 1170 996 τοῦ
1184 965 1206 994 Γ
1226 962 1360 1004 ἀληθές,

365 1007 407 1039 τὸ
425 1003 463 1038 δέ
480 1006 581 1051 μέσον
599 1008 641 1039 *ro*
654 1009 679 1038 Β
692 1003 823 1051 ψεῦδος·
842 1007 921 1039 οὔτε
938 1008 1002 1053 γάρ
1020 1008 1062 1039 τὸ
1078 1010 1101 1039 Α
1115 1009 1162 1049 τῷ
1176 1009 1200 1038 Β
1217 1008 1363 1052 ὑπάρχει

365 1051 445 1084 οὔτε
463 1052 504 1083 τὸ
521 1053 545 1081 Β
570 1053 617 1092 τῷ
636 1053 670 1084 Γ.
684 1053 778 1083 Ἀλλ’
801 1052 859 1084 ἐάν
881 1052 1013 1084 τούτων
1032 1051 1121 1094 μὲν-α
1138 1051 1363 1095 λαμβάνηται

365 1096 431 1127 τῶν
457 1095 669 1139 προτάσεων,
695 1092 822 1140 ψευδεῖς
848 1096 986 1129 ἔσονται
1003 1094 1063 1128 διά
1086 1097 1127 1128 τὸ
1153 1097 1220 1128 πᾶν
1238 1095 1366 1140 συμπέ-

364 1150 479 1182 ρασμα
504 1136 621 1183 ψεῦδος
648 1141 684 1172 ἐκ
709 1136 834 1184 ψευδῶν
856 1137 954 1181 εἶναι,
974 1141 1022 1172 τά
1038 1136 1067 1171 δ’
1098 1140 1209 1178 άληθῆ
1229 1140 1263 1181 ἐξ
1283 1141 1365 1176 ἀλη-

364 1183 442 1223 θῶν,
470 1182 571 1227 ἕτερα
595 1180 633 1216 δὲ
659 1185 706 1217 τά
729 1180 833 1228 ψευδῆ
857 1186 916 1216 καὶ
941 1183 1092 1220 τάληθῆ.

297 1223 384 1259 Εἶτα
411 1222 489 1259 οὐδὲ
515 1227 563 1260 τά
586 1223 690 1272 ψευδῆ
724 1230 759 1260 ἐκ
784 1230 850 1262 τῶν
884 1229 998 1261 αὐτῶν
1025 1228 1172 1265 ἑαυτοῖς·
1200 1227 1274 1260 ἔστι
1298 1227 1363 1273 γάρ

363 1267 468 1312 ψευδῆ
496 1272 656 1310 ἀλλήλοις
673 1275 731 1304 καὶ
757 1273 897 1306 ἐναντία
913 1275 972 1304 καὶ
996 1266 1154 1304 ἀδύνατα
1174 1271 1246 1316 ἅμα
1263 1269 1362 1313 εἶναι,

364 1315 432 1346 οἷον
458 1316 499 1348 τὰ
517 1316 582 1353 τήν
607 1312 824 1354 δικαιοσύνην
842 1314 928 1348 εἶναι
947 1311 1080 1348 ἀδικίαν
1100 1315 1121 1353 ἣ
1143 1312 1286 1357 δειλίαν,
1305 1318 1364 1348 καὶ

364 1359 424 1392 τὸν
460 1360 631 1405 ἄνθρωπον
660 1361 768 1394 ’ίππον
798 1360 820 1398 ἦ
846 1361 947 1402 βοῦν,
979 1359 1000 1397 ἦ
1026 1361 1067 1392 τὸ
1098 1363 1169 1393 ἴσον
1204 1362 1316 1404 μεῖζον
1342 1360 1363 1398 ἦ

355 1404 526 1437 ’ἕλ’ᾶττον.
547 1406 608 1436 Ἐκ
632 1400 670 1436 δὲ
695 1407 760 1439 τῶν
785 1404 944 1450 κειμένων
969 1400 1048 1436 ὦδε·

297 1442 376 1480 οὐδὲ
399 1448 465 1494 γοὶρ
491 1450 557 1482 τῶν
584 1449 714 1486 ἀληθῶν
742 1452 776 1482 αἱ
798 1452 906 1482 αὐταὶ
926 1450 1028 1495 ἀρχαὶ
1053 1449 1205 1482 πάντων.
1226 1448 1365 1493 Ἔτεραι

362 1493 427 1539 γοὶρ
454 1494 587 1525 πολλῶν
613 1495 661 1535 τῷ
687 1495 776 1540 γένει
802 1498 837 1527 αἱ
865 1496 987 1540 ἀρχαί,
1013 1497 1070 1526 καὶ
1097 1490 1167 1526 οὐδ’
1196 1493 1366 1538 ἐφαρμότ-

364 1548 499 1578 τουσαι,
525 1539 593 1570 οἷον
613 1540 648 1570 αἱ
666 1535 810 1582 μονάδες
836 1543 913 1576 ταῖς
938 1543 1097 1584 στιγμαῖς
1116 1540 1175 1571 οὐκ
1199 1539 1365 1583 ἐφαρμότ-

363 1592 491 1614 τουσιν·
518 1585 552 1614 αἱ
578 1582 637 1627 μὲν
663 1583 727 1628 γάρ
754 1585 813 1616 οὐκ
839 1585 953 1628 ἔχουσι
975 1583 1078 1624 θέσιν,
1107 1586 1141 1615 αἱ
1159 1579 1196 1615 δὲ
1215 1582 1361 1628 ἔχουσιν.

356 1625 507 1672 Ἀνάγκη
532 1622 571 1659 δέ
594 1639 633 1673 γε
651 1627 672 1664 ἦ
693 1629 738 1666 εἰς
756 1628 844 1672 μέσα
864 1627 1047 1673 ἁρμόττειν
1067 1627 1088 1664 ἢ
1115 1628 1238 1660 ἄνωθεν
1264 1627 1286 1665 ἦ
1303 1628 1366 1661 κοί-

363 1669 482 1711 τωθεν,
502 1669 522 1708 ἦ
541 1673 620 1708 τούς
639 1672 698 1716 μὲν
723 1675 800 1704 εἴσω
825 1674 912 1718 ἔχειν
938 1674 1018 1712 τούς
1043 1668 1072 1704 δ’
1102 1672 1164 1713 ἔξω
1182 1673 1249 1705 τῶν
1267 1673 1362 1715 ὅρων.

289 1714 382 1746 Ἀλλ’
412 1710 490 1746 οὐδὲ
515 1717 580 1748 τῶν
605 1718 724 1748 κοινῶν
752 1719 861 1762 ἀρχῶν
889 1715 992 1750 οἷόντ*
1020 1714 1105 1749 εἷναί
1132 1728 1241 1759 τινας,
1269 1718 1304 1759 ἐξ
1321 1718 1364 1749 ὥν

365 1757 509 1792 ἅπαντα
538 1755 773 1805 δειχθήσεται·
805 1762 894 1808 λέγω
919 1755 956 1792 δὲ
980 1762 1094 1800 κοινάς
1127 1762 1196 1793 οἷον
1229 1763 1270 1795 τὸ
1295 1763 1363 1795 πᾶν

361 1802 467 1847 φάναι
493 1802 514 1840 ἦ
541 1805 729 1848 ἀποφάναι.
757 1807 808 1839 Tol
831 1807 895 1853 γάρ
944 1806 998 1844 ένη
1021 1807 1087 1839 τῶν
1114 1806 1220 1838 ὄντων
1247 1806 1361 1850 ἕτερα,

361 1849 422 1879 καὶ
447 1849 495 1880 τά
517 1848 577 1893 μὲν
603 1853 674 1887 τοῖς
707 1855 822 1889 ποσοῖς
847 1851 895 1884 τά
917 1817 955 1883 δὲ
982 1855 1053 1888 τοῖς
1085 1855 1192 1888 ποιοῖς
1220 1851 1365 1897 ὗπάρχει

362 1891 488 1936 μόνοις,
515 1893 584 1937 μεθ’
613 1893 656 1925 ῶν
681 1889 856 1927 δείκνυται
880 1891 939 1928 διαὶ
963 1896 1031 1927 τῶν
1054 1896 1186 1927 κοινῶν.

288 1979 366 2012 Ἔτι
392 1982 427 2012 αἱ
447 1981 550 2026 ἀρχαὶ
568 1981 606 2013 οὐ
628 1984 743 2025 πολλῷ
768 1983 935 2022 ἐλάττους
961 1985 1027 2016 τῶν
1052 1982 1362 2027 συμπερασμάτων·

365 2024 466 2070 ἀρχαὶ
484 2026 543 2070 μὲν
561 2026 626 2072 γάρ
649 2030 683 2058 αἱ
703 2028 899 2072 προτάσεις,
914 2030 948 2060 αἰ
971 2023 1008 2060 δέ
1026 2027 1207 2072 προτάσεις
1226 2026 1246 2064 ἦ
1266 2039 1368 2070 προσ-

360 2069 624 2114 λαμβανομένου
651 2070 725 2116 ὅρου
751 2072 773 2108 ἦ
799 2072 1054 2117 ἐμβαλλομένου
1085 2073 1177 2103 εἰσίν.
1209 2071 1286 2104 Ἔτι
1319 2071 1366 2103 τά

362 2114 640 2158 συμπεράσματα
667 2116 803 2160 ἄπειρα,
832 2120 860 2148 οἱ
886 2112 915 2148 δ’
946 2116 1014 2162 ὅροι
1040 2116 1304 2160 πεπερασμένοι.

287 2156 365 2189 Ἔτι
391 2160 426 2189 αἰ
451 2159 555 2204 ἀρχαὶ
589 2161 623 2191 αἱ
649 2160 709 2205 μὲν
736 2160 770 2202 ἐξ
802 2161 972 2207 ἀνάγκης,
1009 2163 1043 2193 αἱ
1068 2156 1099 2192 δ’
1128 2156 1362 2205 ἑνδεχόμεναι.

361 2202 459 2235 Οὕτω
489 2204 548 2246 μὲν
584 2202 641 2236 οὖν
673 2205 914 2249 σκοπουμένοις
949 2201 1120 2238 ἀδύνατον
1155 2205 1217 2242 τοὶς
1252 2203 1363 2241 αὐτάς

361 2243 447 2279 εἶναι
472 2248 749 2294 πεπερασμένας,
778 2249 923 2293 ἀπείρων
959 2251 1064 2282 ὄντων
1095 2250 1161 2282 τῶν
1193 2261 1365 2293 συμπερα-

362 2292 516 2335 σμάτων.

294 2336 333 2367 Εἰ
356 2331 386 2367 δ’
417 2337 525 2374 ἄλλως
558 2349 626 2375 πως
659 2337 754 2385 λέγοι
780 2350 851 2379 τις,
879 2339 946 2370 οἷον
974 2337 1028 2370 ὅτι
1055 2332 1124 2369 αἱδὶ
1150 2338 1209 2381 μὲν
1239 2349 1362 2383 γεωμε-

363 2384 458 2426 τρίας
485 2377 555 2413 aaz&
579 2381 616 2414 δέ
641 2384 810 2429 λογισμῶν
837 2378 907 2414 αἰδὶ
931 2377 969 2414 δὲ
993 2382 1162 2427 ἰατρικῆς,
1190 2384 1222 2414 τί
1248 2381 1287 2413 ἂν
1311 2384 1360 2419 εἴη

361 2426 404 2459 τὸ
427 2425 610 2471 λεγόμενον
645 2427 729 2459 ἄλλο
763 2427 852 2463 πλὴν
882 2426 936 2459 ὅτι
962 2427 1042 2458 εἰσὶν
1070 2425 1171 2471 ἀρχαὶ
1197 2427 1264 2457 τῶν
1291 2424 1364 2458 ἐπι-

362 2473 517 2514 στημῶν;
544 2471 586 2503 τὸ
610 2466 649 2502 δὲ
673 2472 735 2509 τοίς
763 2472 873 2509 αὐτας
896 2471 998 2515 φάναι
1015 2473 1160 2517 γελοῖον,
1182 2469 1236 2503 ὅτι
1255 2469 1362 2502 αὐταὶ

363 2516 486 2552 αὐταῖς
512 2517 547 2546 αἱ
573 2516 694 2548 αὐταί·
721 2515 839 2549 πάντα
863 2516 928 2562 γάρ
954 2515 1044 2547 οὕτω
1069 2518 1202 2561 γίνεται
1228 2515 1359 2548 ταύτά.

288 2602 398 2635 Ἀλλά
414 2603 480 2645 μὴν
500 2598 579 2635 οὐδὲ
597 2605 639 2635 τὸ
657 2602 692 2645 ἐξ
713 2603 876 2637 ἁπάντων
901 2599 1092 2636 δείκνυσθαι
1112 2604 1240 2644 ὁτιοῦν,
1260 2603 1359 2635 τοῦτ’

361 2645 434 2680 ἐστὶ
471 2647 512 2679 τό
545 2648 658 2691 ζητεῖν
687 2647 850 2681 ἀπάντων
881 2645 967 2680 εἶναι
998 2648 1062 2685 τάς
1097 2646 1207 2685 αὐτάς
1239 2646 1359 2693 ἀρχάς·

359 2692 437 2723 λίαν
461 2690 527 2738 γάρ
552 2691 679 2730 εὔηθες.
713 2693 800 2726 Οὔτε
824 2693 889 2739 γάρ
916 2691 949 2725 ἐν
975 2696 1046 2729 τοῖς
1079 2696 1230 2737 φανεροῖς
1253 2691 1365 2736 μαθή-

360 2747 444 2780 μασι
469 2737 577 2769 τοῦτο
601 2740 749 2783 γίνεται,
776 2736 850 2770 οὔτ’
878 2735 911 2769 ἐν
938 2738 983 2779 τῇ
1012 2735 1173 2769 ἀναλόσει
1199 2732 1361 2769 δυνατόν-

362 2783 397 2812 αἰ
421 2781 487 2827 γάρ
515 2782 634 2824 οἱμεσοι
666 2781 848 2824 προτάσεις
883 2780 1006 2826 ἀρχαί,
1034 2780 1147 2825 ἕτερον
1171 2776 1210 2813 δέ
1235 2781 1362 2825 συμπέ-

380 2837 476 2868 ασμα
501 2825 766 2871 προσληφθείσης
787 2830 922 2873 γίνεται
944 2825 1139 2870 προτάσεως
1160 2824 1300 2870 ἀμέσου.

293 2870 330 2902 Εἰ
355 2837 394 2904 δὲ
416 2869 511 2916 λέγοι
536 2882 587 2908 τις
614 2871 677 2909 τοίς
695 2870 833 2916 πρώτας
858 2870 1003 2915 ἀμέσους
1027 2870 1208 2915 προτάσεις
1227 2869 1362 2909 ταύτας

308 2911 316 2916 ’
360 2911 446 2948 εἶναι
473 2912 593 2959 ἀρχάς,
619 2917 681 2959 μία
707 2914 739 2947 ἑν
767 2915 902 2957 ἑκάστῳ
927 2914 1016 2960 γένει
1042 2915 1145 2948 ἐστίν.

293 2960 331 2991 Εἰ
354 2955 392 2991 δὲ
417 2958 499 3001 μήτ’
530 2959 564 3000 ἐξ
587 2960 727 2991 οἱπασῶν
752 2961 794 2997 ὠς
818 2955 894 2992 δέον
919 2955 1110 2991 δείκνυσθαι
1137 2959 1250 2991 ὁτιοῦν
1277 2957 1359 3001 μήθ’

362 3002 468 3040 οὕτως
487 3003 604 3046 ἑτέρας
627 3002 705 3035 ὥσθ’
735 3003 881 3042 ἑκάστης
908 3002 1099 3047 ἐπιστήμης
1117 3000 1202 3035 εἶναι
1228 3003 1361 3048 ἑτέρας,

359 3050 520 3080 λείπεται
549 3048 578 3079 εἰ
609 3052 778 3094 συγγενεῖς
812 3051 846 3080 αἱ
884 3046 986 3093 οἷρχαὶ
1018 3047 1178 3088 πάντων,
1214 3046 1288 3080 ἀλλ’
1326 3049 1363 3080 ἐκ

361 3086 464 3124 τωνδὶ
515 3091 547 3123 ἐν
573 3087 668 3132 ταδί,
696 3093 732 3123 ἐκ
757 3087 794 3123 δὲ
820 3087 923 3125 τωνδὶ
949 3086 1043 3124 ταδί.

294 3135 443 3180 Φανερόν
461 3130 500 3167 δε
515 3137 572 3168 καὶ
595 3134 694 3168 τοῦθ’
724 3134 777 3169 ὅτι
803 3135 863 3168 οὐκ
889 3131 1079 3182 ἐνδέχεται·
1106 3131 1281 3169 δέδεικται
1298 3137 1363 3182 γάρ

364 3180 417 3213 ὅτι
444 3180 548 3212 ἄλλαι
575 3178 678 3226 ἀρχαὶ
701 3181 748 3221 τῷ
767 3180 857 3226 γένει
881 3182 962 3212 εἰσὶν
981 3182 1016 3212 αἱ
1042 3181 1107 3213 τῶν
1131 3175 1297 3224 διαφόρων
1315 3181 1365 3221 τῷ

360 3224 461 3271 γένει.
488 3225 527 3255 Αἰ
551 3225 615 3270 γάρ
635 3223 737 3270 ἀρχαὶ
757 3220 892 3266 διτταί,
917 3223 951 3266 ἐξ
969 3223 1011 3256 ὦν
1037 3236 1075 3257 τε
1100 3225 1159 3256 καὶ
1185 3226 1259 3268 περὶ
1278 3223 1307 3255 ὅ·
1328 3226 1363 3255 αἱ

361 3269 420 3314 μὲν
439 3266 496 3300 οὖν
515 3267 549 3310 ἐξ
566 3268 609 3300 ῶν
626 3271 751 3310 κοιναί,
772 3272 806 3301 αἱ
823 3264 861 3301 δὲ
879 3271 952 3314 περὶ
971 3269 987 3300 ὃ
1003 3264 1101 3309 ἴδιαι,
1120 3269 1188 3300 οἷον
1209 3266 1360 3312 ἀριθμός,

362 3312 513 3360 μέγεθος.

389 3431 402 3438 ψ

355 3455 504 3483 ΒΥΝοΡεις.
527 3470 561 3475 -—
584 3463 607 3482 1.
627 3454 839 3491 Argumentum
866 3453 1006 3481 lectionis.
1021 3469 1040 3474 -
1060 3452 1178 3480 Thesis:
1205 3461 1267 3480 non
1295 3458 1361 3480 sunt

295 3495 397 3524 eadem
410 3493 552 3531 principia
565 3494 698 3522 omnium
712 3493 955 3530 syllogismorum.
971 3509 990 3514 -
1002 3494 1039 3520 Et
1052 3491 1140 3520 thesis
1154 3492 1293 3528 probatur
1307 3492 1361 3519 im-

294 3534 395 3572 primis
409 3534 510 3572 logice,
520 3543 625 3570 nempe
635 3543 687 3570 per
697 3533 823 3562 rationes
833 3541 1003 3561 communes
1014 3531 1150 3560 omnibus
1160 3530 1341 3568 syllogismis,
1349 3547 1361 3551 -

296 3582 324 3603 2.
339 3575 424 3603 Ratio
438 3574 533 3611 prima
547 3573 670 3602 sumitur
684 3583 718 3602 ex
731 3573 848 3602 veritate
858 3579 887 3600 et
900 3572 1020 3600 falsitate
1035 3571 1278 3608 syllogismorum.
1290 3571 1363 3598 Sunt

295 3614 455 3653 syllogismi
470 3614 529 3642 veri
539 3620 568 3642 et
577 3613 735 3650 syllogismi
756 3612 826 3641 falsi.
842 3614 919 3650 Ergo
930 3621 1032 3640 eorum
1049 3617 1116 3640 sunt
1132 3611 1243 3640 diversa
1257 3610 1362 3647 princi-

438 3672 508 3704 Opp.
527 3671 558 3696 D.
573 3671 686 3696 Tuonuss
705 3670 737 3695 T.
752 3670 770 3694 1.

1801 744 1818 758 f

1419 789 1436 808 *
1451 790 1573 821 Eadem
1588 798 1694 822 autem
1709 792 1861 831 principia
1885 802 1950 822 esse
1974 792 2122 822 omnium
2145 792 2404 833 syllogismorum
2426 793 2486 823 im-

1485 835 1634 877 possibile
1658 842 1719 866 est:
1739 836 1881 875 primum
1904 836 2035 876 quidem
2058 836 2159 876 logice
2183 837 2426 876 speculantibus.
2443 837 2487 868 Hi

1485 879 1615 919 quidem
1639 879 1724 909 enim
1746 880 1810 910 veri
1834 886 1907 910 sunt
1931 879 2115 920 syllogismi,
2133 881 2184 910 alii
2208 887 2315 911 autem
2339 881 2417 911 falsi.

1418 922 1459 952 Et
1482 923 1507 952 si
1531 933 1670 964 namque
1702 923 1741 954 sit
1771 933 1884 953 verum
1907 933 1943 953 ex
1966 924 2050 953 falsis
2083 924 2282 965 syllogizare,
2302 926 2357 955 sed
2389 926 2487 956 semel

1484 967 1546 997 hoc
1568 966 1619 1005 fit;
1635 974 1671 998 ut
1693 967 1718 997 si
1742 970 1771 997 A
1795 967 1833 997 de
1849 967 1876 998 C
1892 977 2003 998 verum
2026 968 2075 1006 sit,
2092 969 2234 998 medium
2253 976 2359 1000 autem
2381 970 2407 999 B
2431 969 2486 999 fal-

1485 1018 1574 1040 sum:
1601 1021 1704 1052 neque
1736 1011 1822 1041 enim
1844 1014 1873 1041 A
1896 1011 1928 1040 in
1951 1012 1976 1042 Β
2001 1019 2060 1050 est,
2088 1022 2191 1053 neque
2213 1013 2238 1043 B
2262 1013 2295 1043 in
2318 1013 2355 1044 C.
2374 1013 2434 1044 Sed
2459 1014 2484 1044 si

1485 1054 1599 1084 harum
1622 1055 1726 1085 media
1757 1055 1949 1095 accipiantur
1971 1056 2247 1095 propositionum,
2274 1057 2367 1088 falsae
2395 1065 2487 1088 erunt

1486 1108 1523 1127 ex
1546 1108 1584 1128 eo
1608 1100 1698 1138 quod
1728 1099 1833 1129 omnis
1866 1092 2028 1130 con'clusio
2052 1100 2129 1130 falsa
2152 1111 2189 1131 ex
2212 1101 2296 1131 falsis
2324 1109 2389 1140 est,
2414 1111 2487 1132 vera

1486 1148 1594 1172 autem
1617 1153 1654 1173 ex
1676 1143 1771 1174 veris:
1796 1144 1908 1174 alterae
1928 1150 2034 1174 autem
2057 1151 2131 1176 sunt
2153 1155 2242 1175 verae
2266 1152 2296 1176 et
2318 1146 2422 1176 falsae.

1420 1228 1534 1259 Postea
1552 1239 1656 1270 neque
1681 1230 1775 1261 falsae
1799 1241 1835 1261 ex
1852 1231 1969 1261 eisdem
1994 1239 2082 1262 sunt:
2100 1239 2146 1263 est
2171 1233 2256 1263 enim
2275 1232 2366 1263 falsas
2382 1233 2422 1263 ad
2440 1233 2485 1263 in-

1486 1273 1588 1304 vicem
1611 1281 1641 1305 et
1665 1276 1834 1306 contrarias
1851 1282 1880 1306 et
1895 1275 2106 1315 impossibiles
2126 1276 2221 1307 simul
2245 1284 2326 1315 esse3
2345 1284 2381 1308 ut
2398 1277 2485 1308 iusti-

1486 1317 1563 1348 tiam
1580 1328 1646 1348 esse
1665 1318 1850 1351 iniustitiam
1870 1326 1925 1350 aut
1940 1320 2099 1359 timorem,
2111 1328 2165 1351 aut
2185 1321 2350 1351 hominem
2364 1332 2484 1362 equum

1487 1369 1518 1392 et
1541 1363 1668 1401 bovem,
1685 1370 1740 1394 aut
1763 1365 1894 1405 aequale
1916 1365 2019 1395 maius
2043 1372 2073 1395 et
2095 1365 2211 1396 minus.
2228 1366 2275 1395 Ex
2297 1366 2408 1405 positis
2430 1376 2488 1396 au-

1486 1414 1551 1437 tem
1575 1418 1618 1438 s1c
1642 1415 1703 1438 est:

1419 1460 1523 1491 neque
1547 1451 1640 1482 etiam
1663 1462 1812 1483 verorum
1835 1453 1946 1483 eadem
1968 1452 2121 1492 principia
2144 1453 2292 1483 omnium
2315 1461 2396 1484 sunt.
2417 1454 2488 1484 Alia

1486 1496 1571 1526 enim
1587 1497 1764 1528 multorum
1779 1508 1891 1537 genere
1907 1497 2060 1537 principia
2075 1504 2149 1528 sunt
2165 1507 2268 1538 neque
2285 1498 2486 1537 conveniunt,

1487 1547 1522 1571 ut
1532 1541 1665 1572 unitates
1678 1542 1802 1582 punctis
1816 1552 1882 1572 non
1893 1541 2099 1572 conveniunt:
2112 1542 2171 1572 hae
2182 1542 2312 1582 quidem
2324 1542 2410 1572 enim
2421 1553 2487 1573 non

1486 1585 1602 1616 habent
1617 1586 1820 1625 positionem,
1837 1586 1889 1617 illa
1905 1593 2012 1617 autem
2026 1586 2151 1617 habent.
2169 1587 2302 1617 Necesse
2318 1593 2426 1616 autem
2442 1594 2488 1618 est

1486 1629 1519 1659 in
1536 1630 1639 1660 media
1655 1631 1832 1670 convenire,
1849 1637 1904 1662 aut
1919 1631 1959 1660 ad
1975 1641 2112 1668 sursum,
2129 1637 2184 1661 aut
2200 1631 2239 1660 ad
2255 1631 2416 1669 deorsum,
2432 1638 2487 1662 aut

1486 1674 1546 1704 hos
1561 1674 1690 1705 interius
1707 1675 1831 1713 habere,
1848 1676 1919 1706 illos
1943 1682 2050 1705 autem
2068 1675 2200 1706 exterius
2217 1675 2435 1706 terminorum.

1420 1718 1482 1749 Sed
1505 1729 1609 1759 neque
1633 1720 1855 1750 communium
1878 1719 2107 1760 principiorum
2133 1727 2269 1759 possunt
2292 1730 2358 1750 esse
2381 1719 2486 1760 aliqua

1487 1773 1524 1794 ex
1547 1764 1663 1804 quibus
1687 1764 1795 1794 omnia
1824 1764 2138 1802 demonstrabuntur;
2163 1764 2233 1794 dico
2264 1771 2371 1794 autem
2398 1774 2484 1794 com-

1487 1808 1607 1846 munia,
1628 1815 1663 1839 ut
1685 1819 1782 1839 omne
1805 1808 1958 1838 affirmare
1982 1815 2012 1838 et
2035 1818 2157 1848 negare.
2177 1808 2299 1838 Genera
2322 1808 2407 1838 enim
2430 1818 2482 1838 eo-

1487 1862 1560 1882 rum
1583 1859 1657 1883 sunt
1679 1853 1789 1891 altera;
1814 1860 1844 1883 et
1866 1852 1926 1882 alia
1948 1852 2078 1893 quidem
2100 1852 2133 1882 in
2161 1852 2402 1892 quantitatibus,
2426 1852 2484 1882 alia

1486 1906 1562 1927 vero
1586 1897 1619 1927 in
1642 1897 1844 1937 qualitatibus
1861 1904 1934 1928 sunt
1957 1897 2042 1935 solis,
2059 1907 2134 1927 cum
2152 1896 2268 1936 quibus
2291 1897 2485 1941 demonstra—

1487 1948 1539 1972 tur
1561 1951 1617 1981 per
1640 1941 1832 1972 communia.
2246 1979 2248 1981 ι

1420 1986 1568 2026 Amplius
1592 1985 1744 2026 principia
1760 1995 1828 2015 non
1851 1986 1954 2016 multo
1978 1985 2101 2015 minora
2120 1991 2193 2015 sunt
2217 1984 2484 2023 conclusionibus;

1486 2030 1639 2070 principia
1663 2030 1793 2071 quidem
1817 2029 1902 2060 enirn
1925 2029 2158 2069 propositiones
2182 2035 2266 2067 sunt,
2291 2029 2484 2068 propositio-

1487 2084 1542 2104 nes
1566 2081 1672 2104 autem
1696 2074 1850 2114 assumpti
1873 2074 2007 2111 termini,
2034 2080 2089 2104 aut
2111 2073 2243 2103 immissi
2267 2080 2349 2103 sunt.
2371 2073 2485 2103 Adhuc

1487 2118 1706 2148 conclusiones
1729 2117 1868 2148 infinitae
1891 2125 1974 2156 sunt,
1992 2117 2116 2148 termini
2140 2124 2246 2148 autem
2269 2116 2357 2147 finiti.

1419 2163 1567 2203 Amplius
1590 2162 1761 2202 principia,
1786 2162 1862 2192 haec
1886 2163 2016 2202 quidem
2044 2172 2081 2192 ex
2109 2162 2308 2199 necessitate,
2334 2161 2387 2191 illa
2410 2171 2483 2191 vero

1486 2206 1707 2246 contingentia.
1724 2206 1774 2237 Sic
1796 2206 1890 2246 igitur
1907 2206 1941 2236 in
1959 2206 2131 2236 intentione
2147 2206 2195 2236 his
2217 2205 2340 2243 habitis,
2364 2206 2483 2245 impos-

1486 2251 1573 2281 sibile
1597 2258 1643 2281 est
1659 2251 1769 2281 eadem
1785 2261 1850 2281 esse
1874 2250 2035 2290 principia,
2053 2257 2107 2281 aut
2130 2249 2227 2288 finita,
2247 2260 2322 2280 cum
2345 2249 2483 2280 infinitae

1486 2295 1548 2326 sint
1570 2295 1800 2326 conclusiones.

1418 2339 1450 2370 Si
1469 2350 1544 2370 vero
1561 2339 1648 2370 aliter
1663 2339 1905 2379 quodammodo
1922 2339 2003 2369 dicat
2019 2338 2130 2379 aliquis
2146 2338 2234 2378 quod
2252 2338 2329 2368 haec
2353 2338 2483 2378 quidem

1484 2384 1694 2424 geometriae,
1722 2383 1782 2413 alia
1803 2393 1878 2413 vero
1902 2382 2180 2424 syllogismorum,
2206 2382 2265 2412 alia
2289 2389 2395 2412 autem
2417 2392 2483 2412 me-

1484 2428 1620 2466 dicinae,
1641 2428 1718 2468 quid
1742 2427 1852 2468 utique
1874 2427 1930 2458 erit
1954 2427 2039 2457 aliud
2057 2427 2146 2467 quod
2175 2426 2296 2464 dicitur,
2321 2426 2380 2455 nisi
2395 2427 2484 2466 quod

1486 2479 1560 2503 sunt
1581 2472 1734 2512 principia
1765 2469 1982 2502 scientiarum?
2002 2471 2063 2502 Sed
2096 2471 2206 2501 eadem
2238 2470 2338 2501 dicere
2369 2471 2482 2501 derisio

1485 2523 1542 2555 est,
1557 2516 1712 2557 quoniam
1736 2516 1846 2546 eadem
1863 2515 1981 2546 eisdem
2005 2515 2115 2546 eadem
2138 2521 2255 2552 essent;
2272 2515 2380 2545 omnia
2399 2515 2484 2545 enim

1485 2561 1528 2591 sic
1550 2560 1632 2591 fiunt
1655 2561 1775 2591 eadem.
1981 2586 1987 2593 .

1419 2607 1461 2635 At
1483 2615 1559 2635 vero
1588 2615 1692 2645 neque
1715 2605 1804 2645 quod
1835 2614 1872 2634 ex
1899 2603 2049 2634 omnibus
2079 2604 2292 2645 demonstrare
2320 2603 2484 2643 quodlibet

1485 2650 1603 2680 horum
1633 2656 1694 2687 est;
1721 2659 1796 2679 nam
1827 2648 1889 2679 hoc
1919 2643 2067 2688 qu'aerere
2100 2647 2246 2678 omnium
2280 2648 2390 2678 eadem
2417 2657 2483 2678 esse

1486 2693 1655 2734 principia;
1681 2693 1820 2724 multum
1843 2692 1928 2723 enim
1950 2692 2099 2732 insipiens
2123 2698 2178 2722 est.
2203 2692 2314 2731 Neque
2338 2692 2422 2722 enim
2450 2691 2483 2721 in

1486 2737 1659 2768 manifestis
1682 2737 1920 2774 mathematicis,
1937 2746 2040 2776 neque
2062 2736 2095 2766 in
2118 2736 2310 2766 resolutione
2333 2735 2482 2775 possibile

1487 2790 1547 2821 est;
1564 2782 1762 2812 immediatae
1775 2781 1860 2812 enim
1872 2780 2104 2821 propositiones
2116 2780 2268 2820 principia
2283 2787 2371 2818 sunt;
2388 2780 2483 2810 altera

1487 2834 1594 2858 autem
1618 2826 1781 2857 conclusio
1805 2825 1857 2864 fit,
1875 2832 1999 2864 accepta
2021 2824 2238 2864 propositione
2261 2824 2450 2854 immediata.

1420 2872 1452 2902 Si
1476 2878 1583 2902 autem
1615 2871 1697 2901 dicat
1729 2870 1840 2910 aliquis
1870 2869 1987 2910 primas
2019 2868 2215 2898 immediatas
2248 2868 2481 2908 propositiones

1486 2926 1553 2946 esse
1576 2914 1739 2955 principia,
1756 2924 1858 2944 unum
1881 2914 1914 2944 in
1938 2922 2134 2953 unoquoque
2157 2921 2269 2951 genere
2292 2919 2347 2942 est.

1419 2960 1451 2991 Si
1474 2971 1550 2990 vero
1567 2970 1670 3000 neque
1694 2969 1731 2989 ex
1747 2959 1906 2996 omnibus,
1921 2964 1957 2988 ut
1972 2968 2054 2997 opus
2078 2963 2133 2994 est,
2151 2955 2356 2986 demonstrari
2379 2956 2480 2995 quod—

1485 3005 1572 3042 libet,
1598 3014 1701 3044 neque
1725 3003 1768 3034 sic
1801 3013 1837 3032 ex
1860 3002 1969 3039 altera3
1998 3011 2093 3042 quare
2117 3007 2208 3030 erunt
2231 2999 2479 3039 uniuscuiusque

1486 3048 1632 3079 scientiae
1648 3048 1758 3078 altera:
1776 3046 1961 3086 relinquitur
1975 3046 2070 3085 igitur
2082 3045 2107 3074 si
2122 3044 2264 3084 proxima
2277 3050 2350 3074 sunt
2367 3044 2479 3083 princi-

1486 3092 1539 3133 pia
1557 3092 1715 3130 omnium,
1733 3091 1787 3122 sed
1803 3101 1839 3121 ex
1854 3090 1892 3120 iis
1908 3090 2038 3131 quidem
2052 3089 2139 3127 haec,
2160 3098 2196 3118 ex
2218 3088 2279 3118 illis
2292 3095 2401 3118 autem
2416 3087 2478 3118 illa.

1419 3137 1624 3167 Manifestum
1647 3142 1753 3166 autem
1776 3135 1837 3165 hoc
1861 3141 1907 3165 est
1929 3134 2083 3174 quoniam
2106 3143 2172 3162 non
2196 3132 2365 3172 contingit:
2388 3141 2480 3161 mon-

1486 3187 1619 3211 stratum
1653 3186 1699 3210 est
1730 3179 1816 3209 enim
1848 3179 1936 3219 quod
1969 3178 2063 3208 altera
2094 3176 2246 3216 principia
2269 3186 2381 3215 genere
2406 3182 2481 3206 sunt

1486 3223 1695 3254 differentium
1726 3233 1848 3263 genere.
1874 3221 2030 3261 Principia
2053 3221 2138 3251 enim
2161 3220 2297 3260 duplicia
2327 3226 2420 3257 sunt,
2443 3229 2480 3249 ex

1485 3268 1612 3308 quibus,
1630 3274 1660 3297 et
1679 3267 1758 3297 circa
1781 3274 1877 3307 quae:
1898 3276 1935 3296 ex
1950 3266 2065 3306 quibus
2081 3264 2211 3305 quidem
2226 3264 2320 3303 igitur
2335 3273 2482 3294 commu-

1485 3312 1538 3342 nia
1560 3317 1653 3349 sunt;
1673 3320 1754 3351 quae
1771 3317 1878 3340 autem
1897 3316 1971 3340 sunt
1985 3309 2064 3340 circa
2079 3318 2171 3349 quae,
2195 3308 2322 3348 propria
2344 3315 2428 3346 sunt,
2445 3314 2481 3338 ut

1485 3365 1648 3394 numerus,
1672 3354 1869 3394 magnitudo.

1416 3451 1472 3488 pia.
1488 3468 1507 3472 —
1523 3451 1549 3479 3.
1571 3450 1697 3478 Solvitur
1717 3449 1851 3478 obiectio.
1864 3450 1932 3476 -Ex
1953 3448 2026 3476 veris
2047 3447 2193 3484 principiis
2213 3456 2275 3475 non
2300 3447 2481 3476 concluditur

1416 3491 1535 3525 falsum3
1557 3499 1590 3518 ex
1611 3489 1688 3518 falsis
1708 3495 1806 3517 autem
1827 3488 1966 3525 contingit
1987 3488 2158 3516 concludere
2178 3495 2294 3522 verum,
2316 3487 2366 3515 sed
2391 3487 2480 3515 semel

1419 3530 1450 3558 in
1471 3530 1535 3558 solo
1555 3529 1650 3566 primo
1665 3529 1841 3566 syllogismo.
1852 3545 1871 3549 -
1880 3537 1908 3563 4.
1928 3528 2078 3556 Falsorum
2092 3526 2324 3564 syllogismorum
2338 3535 2399 3554 non
2413 3533 2481 3554 sunt

1417 3570 1518 3598 eadem
1533 3569 1686 3606 principia,
1702 3568 1770 3605 quia
1784 3577 1850 3596 cum
1865 3567 2012 3604 contingat
2026 3566 2226 3595 conclusiones
2236 3566 2319 3594 falsas
2333 3575 2396 3594 esse
2409 3575 2481 3594 con-

1416 3609 1525 3644 trarias,
1541 3608 1658 3637 nonnisi
1673 3617 1706 3636 ex
1720 3607 1866 3645 principiis
1881 3606 2030 3636 contrariis
2051 3615 2113 3635 esse
2133 3612 2263 3643 possunt.
2275 3623 2295 3627 -
2307 3606 2332 3634 5.
2347 3607 2409 3634 lmo
2429 3614 2480 3633 ne-

2270 3665 2337 3695 40*

2513 797 2523 807 ⁸
2539 796 2596 824 Cap.
2612 802 2680 818 xxxxi.

2514 823 2569 850 Seq.
2579 826 2633 844 text.
2645 829 2681 850 ⁴3-
