2788 4204
80 921 147 943 ‘Dici
153 921 182 942 de
188 927 216 941 ex
222 919 290 941 codd.

80 950 136 974 (exe.
154 949 198 973 cc).

78 1053 89 1063 ⁴*
98 1057 285 1076 ΑΒυεοιιικι-Νατε

79 1079 263 1103 demonstrator,-
268 1084 288 1098 n:

80 1105 254 1126 demonstran&
268 1115 283 1119 —

78 1136 290 1157 Aaoecnxms:pro-

78 1157 154 1178 cedat.

77 1184 89 1195 ⁴
94 1190 132 1205 ur:
139 1183 244 1205 ostendit
250 1188 288 1208 ex,-

77 1216 91 1231 P
100 1218 105 1231 ι
114 1216 144 1231 ex
151 1209 233 1237 quibus
243 1211 286 1230 est.

80 1236 229 1262 'Cf.lect.v1n‚
238 1239 285 1257 not.

78 1300 86 1307 ·
102 1297 165 1319 Lect.
176 1303 238 1318 xxm.

77 1325 147 1345 ’Ἶσις
154 1331 159 1345 z
167 1324 246 1351 prima
257 1323 288 1344 di·

78 1350 166 1371 viditur
175 1358 183 1375 ‚¹
198 1355 286 1371 Λυεοιο

77 1383 110 1401 Qr
122 1384 127 1397 z
155 1376 179 1397 in

78 1402 148 1424 duas.

330 226 399 261 188

387 303 583 329 SYNOP81s.—
601 311 624 328 1.
646 302 689 328 De
711 300 754 328 his
776 309 809 328 ex
831 299 934 336 quibus
962 297 1170 326 demonstratio
1193 296 1337 333 procedit;
1361 302 1388 324 et

321 341 416 378 primo
438 342 518 377 quod
545 340 753 368 demonstratio
782 340 817 367 sit
837 348 871 367 ex
900 338 1147 366 necessariis-2.
1170 335 1386 363 Demonstratio

321 381 451 417 procedit
466 390 499 408 ex
516 380 690 414 necessariis,
714 379 781 416 quia
798 378 928 415 procedit
943 387 976 405 ex
991 377 1034 411 iis,
1050 385 1124 413 quae
1134 385 1192 413 per
1207 385 1237 403 se
1252 375 1387 403 dicuntur

322 427 349 448 et
370 430 431 448 non
448 430 505 458 per
526 420 666 447 accidens.
679 419 734 446 -3.
758 418 873 446 Notatio
900 417 1043 454 quaedam
1065 416 1100 443 de
1127 414 1385 450 demonstratione,

322 460 402 488 cuius
424 460 549 488 medium
565 466 606 487 est
628 458 764 486 definitio.
774 467 832 492 —4.
848 458 967 492 Insuper
984 454 1193 483 demonstratio
1208 454 1338 491 procedit
1352 463 1386 482 ex

321 500 496 534 necessariis,
519 499 586 535 quia
607 497 860 526 demonstrationis
881 495 1037 529 conclusio,
1061 503 1134 531 quae
1149 503 1210 522 non
1225 500 1320 530 potest
1334 494 1384 522 ali-

321 546 363 567 ter
384 549 414 567 se
435 540 549 574 habere,
565 537 663 574 nequit
677 537 741 564 sciri
762 536 816 564 nisi
832 545 865 564 ex
880 534 1026 571 principiis
1047 533 1223 562 necessariis.
1234 550 1252 554 —
1264 534 1289 561 5.
1306 534 1384 561 Con-

321 579 451 606 firmatur
471 588 504 606 ex
525 587 574 612 eo,
597 577 677 613 quod
698 582 799 603 contra
819 584 886 603 eum
908 574 957 611 qui
979 574 1114 610 opinatur
1134 583 1164 601 se
1186 574 1384 601 demonstrare

321 618 352 646 fit
373 618 519 652 instantia,
547 617 627 653 quod
648 625 708 643 non
729 615 765 643 sit
785 623 902 642 necesse
923 623 958 642 ea
978 622 1012 641 ex
1033 613 1138 649 quibus
1163 612 1295 649 procedit
1323 621 1384 640 esse

320 667 395 685 vera.
407 675 425 679 -
440 659 465 685 6.
488 657 570 684 Unde
592 657 805 683 demonstrator
826 653 920 681 differt
934 663 951 681 a
965 652 1102 689 sophista,
1114 652 1164 688 qui
1186 662 1252 680 cum
1269 661 1301 680 ex
1316 661 1384 688 pro—

320 697 460 724 babilibus
491 696 534 723 vel
562 695 635 723 veris
661 695 711 722 sed
737 703 797 722 non
825 692 991 721 necessariis
1016 692 1184 726 concludat,
1213 691 1305 719 sciens
1333 701 1383 727 ap-

319 742 399 772 paret
420 742 448 763 et
468 745 528 763 non
550 741 599 762 est.
617 751 635 756 -
655 744 681 771 7.
704 735 770 761 Duo
791 742 896 770 genera
921 732 1126 769 sophistarum.
1142 748 1161 752 -
1175 732 1203 759 8.
1226 731 1382 759 Conclusio

587 852 763 892 ostquam
784 842 1048 880 determinavit
1062 841 1316 889 Philosophus
1336 841 1383 877 de

540 898 570 943 ξι
585 898 660 934 dici
676 898 721 933 de
738 897 757 918 *
776 897 889 942 omni,
912 903 948 932 et
964 907 1037 944 per
1054 907 1104 941 se,
1127 902 1163 930 et
1182 894 1387 930 universali

534 952 569 1000 J?
585 951 722 999 quibus
740 949 881 986 utimur
900 949 938 985 in
958 947 1297 994 demonstratione,
1323 947 1383 983 hic

405 1031 409 1033 -
473 1037 476 1043 Λ
527 1000 565 1032 ‘'¹‘'
584 1004 661 1041 iam
689 1003 817 1052 incipit
845 1002 1043 1040 ostendere
1074 1014 1118 1038 ex
1147 1000 1284 1049 quibus
1319 1000 1383 1037 de-

318 1058 538 1094 monstratio
557 1056 729 1106 procedit
745 1057 776 1093 *.
802 1057 852 1092 Et
870 1055 1048 1093 dividitur
1070 1055 1108 1091 in
1132 1054 1226 1091 duas
1241 1061 1382 1102 partes:

317 1110 354 1146 in
368 1110 502 1158 prima,
524 1110 687 1148 ostendit
702 1122 747 1146 ex
763 1109 899 1157 quibus
913 1108 1096 1157 procedat
1111 1106 1381 1144 demonstratio

309 1169 466 1211 propter
493 1164 583 1211 quid
589 1177 602 1208 ‚·
630 1164 669 1200 in
696 1162 883 1209 secunda,
915 1175 959 1198 ex
982 1163 1002 1183 *
1030 1161 1166 1209 quibus
1201 1159 1383 1209 procedat

316 1216 588 1254 demonstratio
607 1217 695 1265 quia
705 1216 736 1258 *ς
758 1214 824 1251 ibi:
846 1216 920 1252 Sed
933 1215 1020 1263 quia
1035 1214 1162 1263 differt
1178 1219 1215 1249 et
1224 1218 1382 1261 propter

315 1270 405 1318 quid
416 1270 436 1290 *
448 1277 515 1306 etc.
525 1291 539 1297 -
550 1270 678 1306 Prima
687 1269 728 1290 ³⁸*
738 1268 777 1304 in
792 1268 903 1305 duas:
920 1268 958 1304 in
968 1267 1102 1316 prima,
1116 1266 1279 1303 ostendit
1290 1278 1380 1314 qua-

314 1323 362 1360 lia
377 1323 449 1360 sint
477 1335 522 1360 ex
541 1323 678 1371 quibus
692 1321 964 1359 demonstratio
988 1319 1174 1369 procedit3
1195 1319 1233 1355 in
1248 1331 1380 1355 secun-

202 1378 288 1404 Fmss
315 1376 383 1422 da,
414 1376 562 1413 docet*
581 1389 679 1424 quae
708 1374 781 1410 sint
808 1372 1139 1412 demonstrationis
1175 1371 1378 1420 principia3

78 1428 266 1476 :iffisstffitv‘siffst'
314 1429 381 1465 ibi:

77 1483 101 1529 §.n
108 1487 287 1535 Ἓξξξζξῆᾖῖξζ,
315 1482 442 1518 Prima
457 1482 495 1519 in
509 1489 583 1519 tres
594 1484 631 1518 ἐ
644 1482 682 1518 in
695 1479 830 1529 prima,
848 1479 1010 1517 ostendit
1025 1477 1128 1527 quod
1144 1478 1379 1515 demonstra-

75 1533 288 1614 gffifffd'g‘rffii‘

77 1616 85 1623 ¹
101 1613 164 1634 Lect.
175 1619 224 1640 seq.

407 1429 505 1471 Quid
531 1430 678 1478 quidem
707 1427 823 1476 igitur
843 1427 973 1476 prima
1000 1426 1248 1475 significent*
1276 1431 1378 1460 etc.-

314 1535 365 1571 tio
387 1542 441 1571 est
465 1548 510 1572 ex
538 1533 776 1579 necessariis3
802 1533 840 1570 in
869 1532 1054 1578 secunda,
1081 1530 1185 1579 quod
1207 1531 1227 1552 *
1251 1538 1306 1567 est
1334 1542 1379 1566 ex

314 1587 383 1635 his,
400 1601 498 1637 quae
513 1596 599 1625 sunt
606 1600 679 1636 per
691 1599 749 1634 se,·
767 1586 836 1623 ibi:
856 1585 1114 1623 Accidentium
1129 1584 1281 1621 autem*
1296 1591 1378 1629 etc.;

368 1765 394 1799 α)
409 1765 509 1790 Probat
521 1764 651 1797 quaedam
671 1769 738 1796 quae
750 1767 933 1796 supposuerat.
954 1763 990 1788 Ita
1001 1764 1139 1796 legendum
1159 1768 1199 1787 est
1212 1770 1271 1787 curn
1291 1762 1380 1791 codd.‚

315 1807 340 1827 et
359 1801 507 1834 corrigenda
522 1800 596 1824 lectio
610 1799 702 1824 Piana:
717 1800 817 1831 probat
829 1799 867 1824 sic
881 1799 1013 1832 quaedam
1029 1805 1096 1831 quae
1105 1801 1251 1830 posuerat,·
1265 1798 1303 1822 H:
1315 1804 1382 1829 pro-

315 1838 360 1862 bat
377 1836 511 1869 quoddam
530 1835 602 1868 quod
619 1834 882 1866 supponens—ef.
898 1834 962 1859 infra
981 1842 1006 1860 n.
1020 1833 1045 1859 8.

369 1871 393 1907 β)
415 1872 445 1896 Si
462 1874 502 1896 est
520 1870 731 1895 demonstrativa
749 1870 867 1899 scientia,
888 1870 956 1895 idest
974 1870 998 1894 si
1014 1869 1126 1895 scientia
1140 1875 1192 1900 per
1213 1868 1380 1893 demonstra-

315 1908 412 1933 tionem
431 1906 615 1939 acquiritur...
635 1906 776 1931 necessitas
794 1912 831 1930 ex
849 1905 898 1930 hoc
916 1908 1038 1937 apparet.
1063 1905 1111 1929 Est
1129 1904 1204 1929 lectio
1228 1904 1330 1928 codd.—
1344 1903 1380 1928 G:

314 1943 338 1968 si
356 1946 436 1968 est...
455 1942 479 1967 si
496 1941 647 1966 scientia...
666 1941 807 1966 necessitas
826 1944 852 1965 et
870 1948 907 1965 ex
925 1941 975 1966 hoc
993 1943 1121 1973 apparet,·
1140 1939 1180 1964 O:
1198 1939 1222 1964 si
1240 1942 1339 1964 est....
1358 1939 1382 1964 si

315 1978 464 2003 scientia...
483 1976 624 2002 necessitas
643 1976 670 2001 in
689 1976 738 2001 hoc
760 1979 888 2008 apparet‚·
910 1976 946 2000 L:
972 1983 1009 2001 ex
1032 1976 1081 2000 hoc
1095 1978 1173 2007 patet
1179 1983 1188 2005 ;
1207 1974 1240 1999 P:
1259 1975 1283 1999 si
1300 1974 1381 1999 sit...

315 2014 339 2038 si
355 2013 505 2038 scientia...
525 2012 664 2037 necessitas
687 2015 807 2044 apparet.
823 2025 843 2030 —
859 2011 926 2036 Infra
950 2012 1005 2036 cod.
1020 2011 1044 2035 H
1064 2010 1201 2035 lectionem
1228 2009 1304 2034 habet
1328 2017 1380 2034 non

315 2049 502 2082 spernendam:
523 2050 552 2072 ut
570 2047 688 2072 habitum
707 2050 747 2072 est
765 2053 847 2078 supra
866 2047 892 2071 in
913 2046 1066 2079 definitione
1085 2046 1167 2078 ipsius
1184 2045 1261 2071 scire.

368 2083 520 2109 Aristoteles
539 2083 564 2107 in
584 2088 653 2107 textu
671 2082 760 2107 habet:
784 2077 816 2107 Ei
836 2077 882 2107 οὖν
902 2079 970 2107 ἐστὶν
989 2080 1004 2113 ἠ
1026 2076 1189 2112 ἀποδεικτικὴ
1209 2078 1334 2114 ἐπιστήμη
1355 2077 1380 2110 ἐξ

316 2113 460 2152 ἀναγκαίων
480 2119 564 2152 αρχῶν
584 2123 645 2149 etc.;
666 2125 772 2149 nempe:
792 2118 823 2142 Si
842 2117 926 2150 igitur
941 2120 981 2142 est
994 2116 1205 2142 demonstrativa
1219 2116 1329 2141 scientia
1344 2123 1381 2140 ex

315 2154 469 2179 necessariis
484 2153 626 2184 principiis
646 2157 693 2177 etc.
713 2153 741 2177 In
755 2153 875 2177 versione
889 2157 976 2177 autem
991 2152 1068 2176 textui
1083 2150 1194 2184 praefixa
1207 2151 1329 2176 habetur:
1349 2151 1381 2175 Si

315 2190 399 2223 igitur
417 2191 456 2214 est
474 2188 684 2213 demonstrativa
698 2188 816 2217 scientia,
832 2195 870 2212 ex
884 2187 1039 2212 necessariis
1053 2190 1092 2212 est
1103 2186 1252 2219 principiis.
1272 2186 1380 2218 Nempe,

313 2225 338 2250 si
347 2228 386 2250 est
395 2223 605 2249 demonstrativa
618 2223 735 2252 scientia,
747 2223 888 2247 assumitur
901 2227 930 2247 ut
944 2223 1111 2253 antecedens;
1126 2227 1159 2252 et,
1174 2229 1211 2246 ex
1225 2222 1380 2246 necessariis

314 2263 353 2285 est
362 2259 511 2292 principiis,
523 2259 596 2283 datur
609 2264 637 2283 ut
652 2266 824 2290 consequens.
835 2258 930 2283 Contra
944 2258 970 2282 in
984 2263 1052 2282 textu
1067 2265 1160 2290 graeco
1173 2257 1293 2282 videntur
1301 2257 1380 2281 verba

314 2295 357 2320 illa
375 2295 502 2327 pertinere
525 2294 558 2318 ad
577 2301 657 2318 unam
676 2294 862 2324 conditionem,
882 2294 954 2318 cuius
978 2294 1178 2318 conditionatum
1197 2293 1243 2317 sit:
1263 2289 1380 2326 φανερὸν,

315 2330 484 2363 manifestum
504 2334 551 2353 etc.
575 2329 608 2354 Et
630 2328 698 2353 hunc
718 2337 824 2354 sensum
850 2328 928 2354 refert
950 2328 1036 2353 versio
1060 2327 1171 2361 praefixa
1193 2327 1380 2352 commentario

315 2366 436 2390 Averrois
462 2365 488 2389 in
507 2365 516 2388 l
535 2364 680 2389 Posterior.
701 2363 759 2395 (Ed.
773 2364 813 2389 cit.
828 2362 917 2397 Ven.):
945 2364 976 2388 Si
995 2363 1079 2397 igitur
1104 2367 1144 2389 est
1169 2363 1379 2388 demonstrativa

314 2401 425 2426 scientia
443 2407 481 2425 ex
499 2399 653 2425 necessariis
667 2399 818 2431 principiis.
838 2399 901 2424 Item
926 2399 1016 2424 Pacius
1035 2399 1110 2424 vertit
1122 2399 1268 2423 Aristotelis
1287 2398 1379 2423 verba:

314 2436 397 2468 Atqui
415 2435 439 2460 si
454 2434 663 2460 demonstrativa
677 2434 787 2459 scientia
801 2442 838 2459 ex
851 2434 930 2460 certis
944 2434 1100 2466 quibusdam
1115 2441 1148 2459 ac
1161 2434 1316 2459 necessariis
1330 2434 1379 2458 ini-

316 2471 360 2496 tiis
373 2471 478 2496 oriatur
488 2470 560 2503 (Cap.
571 2477 604 2499 vt,
614 2477 672 2502 pag.
684 2469 739 2494 185.
754 2469 802 2494 Ed.
811 2470 873 2502 cit.).
883 2470 1006 2494 Eiusdem
1017 2470 1158 2494 sententiae
1171 2475 1210 2494 est
1219 2469 1379 2494 Themistius

316 2507 341 2531 in
361 2513 409 2531 sua
427 2505 592 2537 Paraphrasi
611 2504 637 2528 in
657 2505 666 2529 l
685 2505 800 2535 Foster„
821 2512 875 2537 cap.
889 2512 932 2529 xiv
951 2504 1019 2537 (pag.
1043 2513 1081 2529 11.
1101 2505 1148 2529 Ed.
1163 2505 1224 2537 cit.).
1250 2504 1291 2529 Sic
1310 2505 1378 2529 enirn

315 2541 460 2566 Aristotelis
475 2545 589 2565 mentem
608 2540 800 2572 interpretatur:
819 2540 889 2564 Nam
909 2540 932 2564 si
950 2540 1046 2564 notitia
1056 2546 1108 2571 per
1126 2540 1379 2564 demonstrationem

316 2576 436 2609 quaesita
454 2583 491 2600 ex
501 2575 643 2607 principiis
657 2574 824 2604 necessariis,
844 2578 871 2600 et
884 2582 951 2607 quae
964 2575 1043 2600 aliter
1056 2582 1112 2600 esse
1127 2582 1178 2600 non
1189 2575 1302 2606 possint,
1317 2582 1379 2600 con-

315 2612 404 2644 surgit
423 2616 470 2635 etc.
489 2611 630 2635 Addendus
649 2610 808 2642 Philoponus
823 2610 868 2642 qui
883 2610 1065 2642 syllogismum
1078 2610 1223 2634 Aristotelis
1237 2610 1287 2634 hoc
1300 2610 1380 2634 modo

316 2646 432 2679 exponit:
446 2646 478 2671 Si
491 2646 729 2670 demonstrationes
743 2648 806 2670 sunt
820 2652 857 2670 ex
870 2645 1040 2675 necessariis,·
1058 2645 1207 2670 necessaria
1219 2648 1307 2670 autem
1322 2645 1380 2670 sola

315 2685 378 2707 sunt
393 2688 444 2713 per
468 2688 510 2711 se,·
527 2688 564 2705 ex
582 2680 622 2705 his
647 2680 730 2714 igitur
752 2687 819 2713 quae
833 2687 885 2712 per·
903 2687 931 2705 se
953 2683 1028 2710 sunt,
1053 2683 1115 2705 sunt
1140 2680 1379 2705 demonstrationes

317 2717 355 2749 (ln
369 2717 378 2741 l
394 2717 504 2746 Foster„
524 2716 548 2748 ξ.
564 2716 595 2740 Si
614 2716 698 2749 igitur
716 2719 756 2740 est
769 2720 825 2746 etc.,
840 2723 898 2748 pag.
914 2714 955 2746 28,
971 2715 1019 2740 eol.
1039 2714 1071 2750 ι).
1090 2715 1226 2740 Praeterea
1239 2715 1379 2740 Boethius:

317 2752 348 2777 Si
367 2752 450 2785 igitur
468 2754 508 2776 est
526 2750 737 2776 demonstrativa
760 2751 870 2775 scientia
895 2753 921 2775 et
939 2757 976 2775 ex
995 2750 1150 2775 necessariis
1170 2750 1312 2782 principiis
1331 2756 1379 2775 etc.

316 2787 337 2820 (1
351 2788 437 2815 Post„
453 2794 507 2818 cap.
521 2794 556 2811 vx.
572 2800 590 2804 —
606 2786 653 2811 Ed.
668 2786 784 2811 Basileae
794 2804 800 2816 ,
820 2794 878 2818 pag.
894 2784 965 2818 526).
989 2786 1023 2810 Et
1041 2785 1066 2810 b.
1084 2785 1207 2810 Albertus
1226 2786 1335 2818 Magnus
1354 2786 1379 2810 in

316 2823 452 2848 IPoster..·
467 2822 498 2846 Si
510 2821 564 2846 sint
572 2821 769 2854 propositiones
782 2828 819 2846 ex
832 2821 925 2853 quibus
939 2823 979 2846 est
990 2821 1162 2854 syllogismus
1177 2823 1203 2845 et
1216 2821 1381 2846 necessariae

315 2861 341 2883 et
356 2865 406 2890 per
424 2864 463 2886 se,
484 2857 555 2889 quod
573 2864 675 2882 necesse
688 2859 728 2881 est
741 2861 789 2881 etc.
805 2856 901 2888 (Tract.
915 2856 948 2886 11,
963 2864 1018 2888 cap.
1032 2863 1092 2886 xvn,
1105 2863 1162 2889 pag.
1179 2855 1238 2887 551,
1252 2856 1301 2881 col.
1320 2856 1352 2888 ι).
1362 2869 1381 2876 —-

315 2893 410 2918 Contra
430 2900 451 2917 ε.
461 2892 577 2916 Thomas
597 2892 684 2916 dividit
700 2892 902 2924 propositionem
922 2891 992 2916 illam
1008 2890 1033 2915 in
1048 2891 1100 2916 duo
1120 2891 1237 2915 membra
1256 2896 1281 2916 et
1298 2899 1379 2915 unum

315 2929 387 2961 ponit
401 2927 554 2952 antecedens
568 2927 609 2958 (si
621 2927 732 2952 scientia
740 2934 792 2959 per
806 2927 1057 2952 demonstrationem
1072 2926 1252 2958 acquiritur),·
1271 2926 1379 2951 alterum

315 2968 343 2988 ut
357 2970 520 2995 consequens
530 2963 652 2995 (oportet
665 2962 737 2995 quod
749 2962 785 2987 sit
799 2969 836 2987 ex
848 2962 1003 2987 necessariis
1021 2979 1028 2986 .
1038 2961 1071 2986 Et
1084 2961 1210 2986 rationem
1224 2962 1379 2995 assignatam

315 2999 347 3023 ab
366 2998 503 3023 Aristotele
527 2993 556 3030 (ὃ
575 2995 624 3031 γὰρ
645 2995 797 3029 ἐπίσταται,
818 2993 848 3022 οὗ
868 2993 977 3022 δυνατὸν
997 2995 1083 3026 αλλως
1102 2994 1193 3031 ἔχειν),
1213 3005 1292 3030 quarn
1307 3004 1381 3029 prae-

315 3034 409 3058 laudati
427 3034 577 3065 interpretes
591 3032 706 3057 referunt
720 3033 751 3058 ad
766 3032 931 3065 hypothesim
947 3027 978 3064 (εἷ
993 3027 1038 3057 οὖν
1053 3032 1120 3064 etc.),
1135 3040 1156 3057 s.
1167 3031 1284 3057 Thomas
1303 3033 1335 3057 ad
1354 3029 1379 3062 ἐξ

316 3063 461 3102 ἀναγκαίων
472 3063 557 3102 ἀρχῶν
568 3068 729 3101 probandum
741 3068 800 3093 dicit
809 3067 919 3100 positam
928 3067 1013 3100 (cuius
1024 3067 1150 3092 illationis
1161 3067 1302 3092 necessitas
1312 3067 1380 3100 etc.).

368 3105 441 3128 Hanc
455 3111 476 3128 s.
486 3103 605 3129 Thomne
619 3103 804 3136 expositionem
819 3102 914 3128 directe
927 3108 1059 3135 oppugnat
1073 3103 1196 3136 Aegidius
1211 3102 1236 3127 in
1251 3103 1260 3127 1
1276 3103 1379 3128 Poster.

317 3139 404 3171 (Text.
424 3147 519 3164 comm.
538 3138 582 3170 15,
600 3138 625 3171 ᾖ.
641 3139 672 3163 Si
690 3138 774 3171 igitur
792 3141 831 3163 est
851 3138 1062 3163 demonstrativa
1081 3138 1192 3163 scientia
1211 3143 1267 3168 etc„
1286 3137 1330 3163 fol.
1348 3137 1375 3162 31

315 3179 385 3205 rect„
401 3175 449 3199 col.
466 3174 507 3206 2),
526 3174 600 3199 cuius
614 3174 692 3198 verba
706 3173 768 3198 utile
787 3174 854 3198 duco
873 3173 992 3198 recitare:
1013 3182 1026 3197 ‹
1042 3173 1108 3198 Dicit
1127 3181 1203 3206 ergo:
1223 3173 1255 3198 Si
1272 3173 1380 3198 demon-

317 3219 330 3231 »
345 3210 459 3234 strativa
473 3209 584 3235 scientia
602 3212 642 3234 est
656 3216 693 3234 ex
711 3208 865 3234 necessariis
875 3208 1031 3241 principiis,
1051 3209 1122 3241 quod
1140 3209 1208 3233 enim
1228 3209 1312 3234 scitur
1326 3215 1377 3233 non

318 3254 330 3267 ›
342 3247 431 3276 potest
449 3245 529 3270 aliter
546 3251 574 3269 se
592 3244 694 3269 habere.
709 3257 729 3264 —-
741 3243 875 3269 Dubitaret
893 3243 959 3268 forte
982 3243 1075 3276 aliquis
1095 3245 1120 3269 in
1139 3243 1189 3268 hoc
1208 3243 1275 3269 dicto
1294 3243 1379 3268 Philo-

318 3289 330 3302 »
346 3280 420 3312 sophi
439 3280 501 3312 quid
520 3287 549 3304 se
567 3279 644 3304 habet
662 3284 691 3304 ut
709 3279 872 3310 antecedens,
891 3284 917 3304 et
931 3279 993 3312 quid
1008 3285 1036 3304 ut
1049 3287 1222 3312 consequens,
1236 3284 1262 3304 et
1275 3279 1337 3312 quid
1351 3284 1380 3303 ut

318 3324 330 3337 ν
346 3315 486 3346 conclusio,
505 3320 530 3340 et
548 3315 611 3348 quid
629 3319 657 3339 ut
675 3314 840 3347 praemissae.
850 3315 1021 3340 —Dicendum
1037 3315 1138 3347 aliquos
1153 3314 1248 3340 dixisse
1262 3314 1380 3339 Philoso-

318 3359 330 3373 ι
346 3349 427 3382 phum
444 3350 485 3375 hic
504 3350 636 3375 intendere
650 3350 759 3382 probare
778 3350 1005 3380 demonstrativam
1021 3350 1153 3375 scientiam
1168 3357 1227 3375 esse
1241 3357 1272 3375 ex
1290 3357 1379 3374 neces-

318 3394 330 3407 »
347 3385 432 3415 sariis;
452 3390 477 3410 et
490 3385 539 3410 hoc
557 3385 649 3418 probat
663 3393 708 3418 per
726 3385 789 3416 hoc,
808 3385 868 3418 quia
887 3385 957 3418 quod
977 3385 1056 3410 scitur
1071 3385 1230 3418 impossibile
1249 3390 1289 3410 est
1308 3385 1380 3410 aliter

318 3429 331 3442 ιι
347 3427 376 3444 se
393 3420 487 3447 habere
506 3421 562 3452 (est
581 3421 691 3452 ipsamet
705 3420 776 3445 ratio
794 3427 816 3445 s.
831 3420 969 3452 Thomae).
987 3421 1022 3446 Et
1039 3420 1105 3446 forte
1120 3420 1183 3446 illud
1198 3421 1269 3454 quod
1284 3420 1380 3445 induxit

318 3464 331 3477 ›
347 3462 392 3479 eos
411 3455 464 3486 fuit,
479 3456 550 3488 quod
564 3456 589 3480 in
603 3461 673 3481 textu
687 3456 791 3488 ponitur
805 3455 867 3481 haec
882 3456 1027 3481 coniunctio
1041 3456 1124 3486 enim,
1139 3463 1207 3489 quae
1221 3461 1261 3481 est
1274 3456 1380 3481 coniun-

318 3499 331 3512 υ
347 3490 397 3514 ctio
415 3491 539 3521 causalis;
558 3496 583 3516 et
601 3491 659 3516 ideo
678 3498 736 3516 cum
756 3491 781 3515 in
800 3496 869 3516 textu
889 3491 988 3522 dicitur,
1007 3491 1078 3524 quod
1096 3491 1166 3516 enim
1185 3491 1269 3516 scitur
1283 3491 1380 3523 impos-

318 3533 331 3547 »
346 3525 419 3549 sibile
442 3528 480 3550 est
497 3526 576 3550 aliter
594 3533 621 3551 se
641 3526 750 3555 habere,
771 3526 831 3559 quia
849 3526 949 3551 videtur
969 3526 1003 3551 ibi
1023 3534 1082 3551 esse
1100 3526 1209 3551 redditio
1228 3534 1328 3551 causae.
1347 3526 1380 3551 Et

319 3568 331 3582 »
347 3558 423 3584 habet
437 3567 495 3584 esse
509 3568 612 3592 sensus,
627 3561 696 3593 quod
710 3561 768 3586 ideo
782 3561 982 3586 demonstrativa
999 3561 1105 3587 scientia
1119 3566 1160 3586 est
1173 3569 1204 3586 ex
1217 3561 1379 3592 necessariis,

908 220 1292 258 POSTERIORUM
1320 219 1753 257 ANALYTICORUM
1781 222 1875 258 LIB.
1907 223 1921 257 I

1441 297 1601 325 necessaria
1623 307 1683 325 non
1697 305 1792 334 potest
1813 299 1884 326 sciri
1898 307 1931 326 ex
1945 298 2092 335 principiis
2107 309 2167 327 non
2183 301 2350 329 necessariis
2365 302 2409 337 (cf.
2426 311 2454 330 n.
2469 304 2510 338 4),

1441 336 1509 373 quia
1530 346 1581 373 per
1602 337 1669 365 talia
1690 338 1830 374 principia
1851 338 1911 366 eius
1933 347 2020 366 causa
2034 338 2188 367 intrinseca
2209 346 2327 376 propter
2348 350 2436 377 quam
2458 348 2509 377 est,

1441 385 1491 403 seu
1509 382 1634 414 propter
1655 377 1732 413 quid,
1754 387 1816 405 non
1837 378 2005 414 assignatur.
2018 388 2074 415 -9.
2097 379 2175 406 Idem
2197 380 2352 415 probatur:
2375 381 2443 417 quia
2464 381 2510 409 ille

1441 415 1490 451 qui
1512 416 1598 443 habet
1619 416 1837 445 conclusionem
1863 417 2053 445 necessariam
2074 427 2126 454 per
2145 418 2274 446 medium
2296 429 2356 447 non
2378 429 2510 449 necessa-

1440 454 1515 483 rium
1538 465 1588 483 seu
1603 455 1783 493 contingens,
1799 457 1944 485 destructo
1966 457 2073 492 medio,
2089 458 2180 486 nescit
2201 459 2324 486 eandem
2346 460 2509 488 conclusio-

1439 503 1520 530 nem;
1543 504 1612 531 ergo
1633 504 1727 532 neque
1749 495 1836 532 prius,
1859 496 1923 532 ipso
1945 497 2042 525 medio
2065 497 2210 533 existente,
2233 498 2352 526 scivit.-
2367 508 2409 526 10.
2430 499 2510 527 Licet

1438 543 1490 570 per
1518 535 1646 562 medium
1668 535 1838 572 contingens
1860 546 1921 564 non
1949 536 2039 572 possit
2067 537 2131 565 sciri
2162 538 2311 565 conclusio
2339 539 2508 574 necessaria,

1439 574 1590 601 deducitur
1604 581 1701 602 tamen
1724 575 1873 603 conclusio
1895 576 2055 604 necessaria
2078 586 2111 604 ex
2126 577 2224 605 medio
2246 587 2306 605 non
2328 578 2507 606 necessario:

1438 622 1499 641 non
1521 620 1618 641 autem
1632 613 1784 642 viceversa.
1795 631 1815 636 -
1829 624 1837 642 1
1850 625 1872 643 1.
1895 615 2015 643 infertur
2036 625 2070 644 ex
2086 616 2251 652 praemissis
2265 617 2413 645 conclusio
2429 618 2508 654 prin-

1439 652 1566 688 cipaliter
1586 653 1704 689 intenta,
1727 663 1831 690 nempe
1853 655 1934 691 quod
1955 656 2164 684 demonstratio
2186 657 2272 684 debet
2293 666 2354 684 esse
2375 666 2427 693 per
2448 667 2508 685 me-

1438 692 1519 737 din-m
1545 693 1752 728 necessarium3
1782 703 1863 721 secus
1887 694 2046 722 nesciretur
2073 695 2291 724 conclusionem
2320 705 2382 724 esse
2409 706 2508 725 neces-

1438 741 1551 759 sariam.

1439 841 1476 877 in
1491 841 1610 889 tertia,
1626 842 1732 890 quod
1745 842 1928 891 procedat
1943 856 1988 879 ex
2001 843 2193 892 principiis
2209 845 2229 866 ’¹‘
2243 845 2421 893 propriis;
2437 845 2507 883 ibi:

1438 894 1529 931 Non
1550 907 1643 944 ergo
1663 901 1718 931 est
1734 907 1784 931 ex
1802 896 1877 932 alio
1895 908 2037 945 genere
2050 897 2070 917 ’¹‘
2091 904 2159 933 etc.
2173 918 2197 924 -
2209 897 2319 934 Circa
2338 898 2507 946 primum

1439 947 1516 984 duo
1533 948 1634 984 facit:
1659 948 1797 996 primo,
1819 948 1982 986 ostendit
1995 949 2100 997 quod
2126 949 2399 987 demonstratio
2417 963 2505 1000 pro-

1440 1000 1547 1037 cedat
1582 1013 1627 1037 ex
1662 1001 1897 1047 necessariis;
1927 1002 2117 1050 secundo,
2147 1003 2284 1051 probat
2316 1004 2506 1052 quaedam

1438 1066 1537 1101 quae
1570 1060 1867 1103 supposuerat⁶‘;
1888 1054 1957 1092 ibi:
1983 1055 2093 1097 Quod
2117 1061 2243 1092 autem
2263 1062 2433 1104 oporteat
2458 1069 2508 1093 ex

1438 1108 1654 1144 necessariis
1670 1109 1690 1129 ²¹²
1719 1116 1788 1145 etc.
1800 1129 1824 1135 -
1837 1107 1947 1144 Circa
1961 1108 2131 1157 primurn
2145 1109 2214 1145 tria
2230 1109 2333 1146 facit:
2363 1109 2505 1158 primo,

1437 1159 1630 1196 continuat
1649 1173 1690 1206 se
1705 1161 1753 1198 ad
1768 1161 2049 1210 praecedentia;
2071 1162 2252 1209 secundo,
2267 1163 2405 1210 probat
2418 1175 2506 1212 pro—

1434 1212 1657 1261 positum*;
1686 1213 1753 1250 ibi:
1787 1214 1894 1256 Quae
1924 1220 2049 1251 autem
2080 1220 2167 1251 sunt
2188 1226 2260 1263 per
2285 1227 2325 1252 se
2344 1216 2387 1237 *²¹³
2417 1223 2505 1262 ete.;

1435 1265 1559 1313 tertio,
1581 1266 1691 1303 infert
1710 1279 1756 1303 ex
1775 1267 1881 1304 dictis
1896 1267 2092 1315 quandam
2112 1268 2414 1315 conclusionem;
2435 1268 2504 1305 ibi:

1433 1319 1684 1368 Manifestum
1699 1326 1824 1356 autem
1843 1332 1892 1356 ex
1909 1321 1966 1357 his
1982 1322 2001 1342 '¹‘
2022 1329 2091 1357 etc.
2103 1342 2127 1348 -
2143 1320 2243 1365 Dicit
2262 1333 2351 1369 ergo
2365 1321 2504 1370 primo,

1436 1383 1480 1407 ex
1499 1372 1520 1392 *
1537 1372 1738 1420 praedictis
1771 1373 1955 1420 inferens,
1984 1374 2089 1422 quod
2122 1373 2153 1410 si
2182 1381 2237 1410 est
2269 1374 2505 1411 demonstra-

1434 1424 1512 1461 tiva
1530 1425 1694 1472 scientia,
1711 1425 1807 1463 idest
1825 1426 1855 1463 si
1874 1426 2028 1463 scientia
2046 1439 2115 1476 per
2139 1426 2504 1465 demonstrationem

1435 1477 1649 1525 acquiritur,
1679 1486 1830 1527 oportet
1857 1479 1962 1527 quod
1991 1480 2037 1516 sit
2066 1492 2110 1516 ex
2129 1480 2349 1517 necessariis
2367 1481 2504 1530 princi-

1435 1529 1516 1578 piis.
1540 1530 1657 1567 Cuius
1685 1530 1859 1568 illationis
1887 1532 2090 1569 necessitas
2119 1545 2165 1569 ex
2192 1533 2267 1570 hoc
2292 1541 2449 1583 apparet
2466 1532 2502 1581 Ρ,

1435 1583 1524 1632 quia
1551 1583 1658 1632 quod
1685 1584 1799 1621 scitur
1831 1584 2062 1634 impossibile
2097 1593 2153 1622 est
2188 1585 2292 1623 aliter
2319 1599 2360 1623 se
2387 1587 2503 1623 habe-

1438 1771 1450 1783 »
1467 1762 1528 1795 quia
1547 1763 1618 1795 quod
1637 1763 1715 1788 scitur
1735 1771 1787 1788 non
1805 1768 1890 1796 potest
1903 1763 1976 1788 aliter
1994 1771 2023 1788 se
2037 1763 2141 1788 habere.
2161 1764 2211 1788 Sed
2230 1763 2293 1788 haec
2312 1763 2438 1796 expositio
2451 1772 2505 1789 non

1438 1807 1450 1820 ι
1467 1803 1507 1822 est
1525 1803 1608 1823 recta:
1628 1799 1689 1832 quia
1703 1806 1836 1831 nunquam
1856 1799 1919 1824 haec
1938 1798 2050 1824 conditio
2062 1798 2087 1823 si
2100 1798 2204 1831 ponitur
2218 1799 2250 1823 ad
2270 1806 2444 1832 consequens,
2458 1800 2506 1825 sed

1438 1842 1450 1855 »
1467 1841 1571 1865 semper
1589 1834 1621 1858 ad
1640 1835 1805 1859 antecedens.
1825 1834 1851 1859 Si
1866 1834 1925 1867 quis
1945 1842 2007 1867 ergo
2022 1834 2130 1858 diceret:
2150 1834 2175 1858 si
2193 1834 2278 1867 igitur
2289 1835 2342 1859 erit
2355 1835 2446 1865 homo,
2466 1842 2504 1860 ex

1438 1878 1450 1890 ι
1466 1869 1622 1894 necessitate
1635 1869 1704 1894 enim
1719 1870 1772 1894 erit
1784 1870 1886 1894 animal
1890 1877 1899 1898 ‚·
1917 1869 1967 1894 hoc
1986 1870 2056 1902 quod
2075 1869 2141 1900 dico,
2159 1869 2184 1894 si
2202 1869 2287 1902 igitur
2302 1870 2355 1895 erit
2373 1870 2459 1900 homo,
2475 1878 2505 1895 so

1437 1913 1450 1926 ι
1466 1904 1544 1929 habet
1561 1909 1590 1928 ut
1609 1905 1778 1935 antecedens;
1798 1911 1835 1929 ex
1855 1905 2010 1930 necessitate
2029 1905 2098 1929 enim
2122 1905 2175 1930 erit
2195 1905 2313 1935 animal,
2333 1912 2363 1930 se
2381 1905 2459 1930 habet
2476 1910 2505 1931 ut

1438 1949 1450 1961 »
1466 1947 1640 1972 consequens.
1660 1940 1730 1964 Talis
1750 1945 1790 1965 est
1808 1940 1904 1965 locutio
1923 1947 1989 1972 quae
2008 1939 2116 1964 traditur
2130 1940 2155 1964 in
2170 1940 2255 1964 litera:
2274 1940 2299 1965 si
2310 1947 2375 1974 ergo
2393 1940 2446 1965 erit
2460 1940 2505 1966 de-

1438 1984 1450 1997 »
1466 1975 1644 2000 monstrativa
1657 1975 1767 2000 scientia
1786 1982 1824 2000 ex
1842 1975 2005 2005 necessariis,
2026 1982 2055 2000 se
2073 1974 2151 2000 habet
2168 1980 2198 1999 ut
2215 1976 2379 2006 antecedens,
2392 1980 2418 2000 et
2435 1980 2505 2000 tenet

1437 2019 1450 2032 »
1467 2010 1554 2035 locum
1568 2010 1784 2042 praemissarum;
1804 2011 1876 2042 quod
1893 2011 1962 2035 enim
1977 2010 2062 2035 scitur
2080 2017 2132 2035 non
2148 2013 2239 2042 potest
2253 2011 2334 2036 aliter
2350 2018 2379 2036 se
2398 2011 2502 2041 habere,

1438 2055 1450 2067 ι
1466 2045 1543 2070 habet
1557 2053 1586 2070 se
1599 2051 1628 2070 ut
1638 2053 1811 2078 consequens,
1822 2051 1848 2070 et
1857 2051 1925 2070 tenet
1935 2046 2023 2070 locum
2037 2045 2219 2070 conclusionis.
2228 2045 2403 2078 Philosophus
2417 2047 2504 2079 itaque

1437 2090 1450 2103 ι
1465 2081 1522 2105 vult
1534 2081 1644 2113 probare
1658 2081 1730 2114 quod
1745 2081 1946 2106 demonstrativa
1961 2081 2066 2105 scientia
2080 2089 2132 2106 non
2152 2086 2192 2106 est
2211 2088 2241 2105 ex
2259 2080 2299 2106 his
2314 2089 2382 2114 quae
2394 2086 2505 2114 possunt

1437 2126 1449 2138 »
1465 2116 1538 2141 aliter
1557 2124 1586 2141 se
1600 2116 1703 2141 habere.
1722 2117 1787 2141 Nam
1803 2124 1862 2141 curn
1878 2116 1996 2149 superius
2014 2116 2172 2141 ostendisset
2186 2124 2216 2141 ex
2231 2116 2325 2149 quibus
2340 2121 2380 2141 est
2394 2116 2502 2141 demon-

1437 2161 1449 2173 »
1466 2151 1553 2176 stratio
1573 2156 1598 2176 et
1616 2159 1683 2184 quae
1701 2157 1803 2184 oportet
1822 2152 1950 2184 accipere;
1970 2151 1996 2176 in
2015 2156 2086 2184 parte
2105 2151 2161 2182 ista,
2180 2157 2209 2176 ut
2227 2151 2373 2184 dicebatur,
2393 2151 2505 2177 declarat

1437 2196 1449 2209 »
1466 2187 1498 2212 de
1517 2187 1611 2220 quibus
1631 2195 1682 2212 non
1702 2191 1755 2218 est,
1774 2192 1800 2212 et
1818 2195 1832 2212 a
1852 2184 1948 2219 q'uibus
1967 2191 2069 2219 oportet
2094 2194 2193 2211 cavere.
2219 2187 2246 2211 ln
2266 2186 2421 2212 declarando
2440 2194 2503 2220 ergo

1436 2231 1449 2245 ι
1465 2222 1531 2247 hanc
1550 2222 1744 2247 conclusionem
1763 2223 1895 2252 intentam,
1909 2222 2085 2254 Philosophus
2101 2222 2240 2254 praemittit
2257 2221 2323 2247 hanc
2340 2229 2503 2256 consequen-

1436 2267 1448 2279 »
1465 2257 1527 2282 tiam
1546 2258 1616 2290 quod
1635 2258 1659 2282 si
1676 2258 1888 2283 demonstrativa
1912 2258 2023 2283 scientia
2046 2260 2086 2282 est
2103 2264 2141 2282 ex
2163 2257 2330 2287 necessariis,
2350 2261 2390 2282 est
2408 2264 2445 2282 ex
2463 2257 2504 2283 his

1436 2302 1448 2314 2·
1465 2300 1532 2325 quae
1550 2300 1602 2318 non
1619 2296 1734 2325 possunt
1751 2300 1779 2318 se
1797 2293 1878 2318 aliter
1896 2293 1999 2318 habere.
2018 2293 2079 2317 ldeo
2096 2292 2201 2317 inferius
2215 2300 2261 2325 per
2275 2293 2371 2318 multas
2390 2293 2516 2322 rationes,

1437 2338 1448 2350 ι
1465 2328 1583 2360 probabit
1601 2327 1650 2353 hoc
1669 2329 1832 2359 antecedens,
1847 2329 1927 2361 quod,
1946 2328 2057 2353 scientia
2076 2325 2287 2354 demonstrativa
2305 2328 2341 2356 sit
2359 2335 2397 2358 ex
2416 2335 2503 2354 neees-

1436 2373 1448 2386 ›
1464 2363 1559 2388 sariis:
1578 2371 1647 2394 nam,
1666 2363 1716 2388 hoc
1734 2363 1852 2396 probato,
1871 2364 2007 2396 probatum
2023 2363 2070 2388 erit
2084 2368 2110 2388 et
2122 2363 2172 2388 hoc·
2187 2370 2362 2396 consequens,
2377 2364 2448 2396 quod
2463 2368 2504 2389 est

1436 2409 1448 2421 »
1464 2399 1603 2431 principale
1617 2399 1752 2430 intentum,
1766 2399 1886 2424 videlicet
1902 2399 1974 2432 quod
1992 2399 2028 2424 sit
2041 2406 2079 2424 ex
2092 2399 2133 2424 his
2147 2402 2214 2431 quae
2227 2405 2280 2424 non
2290 2401 2407 2431 possunt
2423 2399 2504 2424 aliter

1436 2444 1448 2457 2
1463 2441 1491 2460 se
1509 2434 1613 2459 habere.
1625 2444 1638 2457 »
1659 2435 1728 2459 Haec
1746 2434 1879 2467 Aegidius.
2178 2443 2180 2445 -
2303 2442 2305 2444 ·
2384 2447 2387 2451 ›

1487 2469 1624 2495 Caietanus
1639 2469 1665 2494 in
1676 2470 1685 2494 l
1696 2470 1807 2499 Poster„
1816 2477 1871 2502 cap.
1877 2477 1913 2500 vr,
1926 2469 1951 2502 fi.
1964 2469 2042 2495 Circa
2052 2469 2229 2501 principalem
2242 2466 2503 2500 conclusionem'etc„

1433 2505 1523 2530 acriter
1536 2505 1677 2537 respondet
1686 2505 1794 2538 Aegidio
1807 2504 1969 2537 sustinetque
1979 2505 2058 2537 quod,
2070 2505 2101 2530 Si
2110 2504 2321 2530 demonstrativa
2334 2505 2445 2535 seientia
2454 2507 2502 2535 est,

1433 2540 1467 2565 sit
1484 2540 1651 2571 antecedens;
1671 2547 1835 2572 consequens
1849 2547 1920 2571 vero,
1942 2540 1989 2565 Er
2002 2540 2159 2565 necessariis
2179 2542 2219 2565 est
2233 2539 2383 2572 principiis,
2400 2546 2502 2572 nempe,

1433 2579 1535 2608 oportet
1554 2575 1801 2600 demonstrationem
1826 2583 1886 2600 ease
1905 2582 1935 2600 ex
1959 2575 2111 2600 necessariis
2130 2574 2274 2607 principiis3
2298 2581 2367 2607 quae
2390 2575 2502 2608 denique

1433 2611 1563 2635 adduntur
1581 2610 1613 2635 ab
1631 2610 1770 2635 Aristotele
1788 2615 1848 2635 sunt
1866 2610 1984 2643 probatio
2003 2610 2212 2643 consequentiae,
2227 2614 2257 2635 ut
2271 2610 2344 2635 clare
2362 2609 2450 2640 habes,
2463 2610 2502 2634 in-

1434 2646 1502 2679 quit,
1526 2646 1552 2670 in
1573 2645 1741 2677 expositione
1758 2653 1780 2671 s.
1799 2644 1914 2670 Thomae
1933 2644 1981 2678 (lb.
1995 2645 2039 2670 fol.
2053 2652 2087 2678 47
2106 2653 2198 2675 verso,
2218 2645 2268 2670 col.
2287 2645 2319 2677 ι).
2342 2644 2375 2670 Et
2393 2652 2422 2669 re
2441 2652 2516 2673 sano„

1433 2688 1502 2706 vera.
1521 2680 1673 2705 Aristoteles
1688 2681 1713 2705 in
1732 2680 1780 2705 hac
1798 2681 1907 2705 lectione
1922 2680 2008 2713 incipit
2023 2680 2150 2705 disserere
2164 2680 2196 2705 de
2208 2679 2258 2711 his,
2272 2687 2340 2712 quae
2354 2679 2405 2704 iarn
2420 2686 2502 2705 enun-

1434 2716 1543 2741 ciaverst
1561 2716 1586 2740 in
1606 2715 1730 2748 principio
1749 2715 1866 2740 lectionis
1884 2723 1923 2746 tx,
1947 2722 2068 2748 quaeque
2090 2721 2177 2740 tamen
2195 2715 2229 2740 ibi
2248 2720 2425 2748 prosequutus
2449 2723 2502 2740 non

1434 2756 1488 2781 est,
1506 2755 1536 2775 ut
1554 2751 1587 2775 de
1605 2750 1687 2775 tribus
1706 2750 1851 2783 principiis,
1876 2750 1931 2776 dici
1948 2751 1981 2776 de
1999 2750 2081 2779 omni,
2100 2750 2155 2776 dici
2167 2757 2220 2782 per
2238 2758 2265 2776 se
2282 2754 2310 2776 et
2326 2750 2381 2776 dici
2397 2750 2503 2776 univer*-

1434 2786 1502 2816 sale,
1523 2785 1721 2811 declarationem
1740 2786 1922 2818 praemitteret.
1946 2785 2048 2816 Quibus
2066 2786 2092 2811 in
2111 2785 2324 2818 praecedentibus
2347 2785 2502 2811 lectionibu-

1434 2821 1536 2846 abunde
1556 2821 1704 2851 declarafis,
1723 2821 1789 2846 redit
1807 2821 1839 2845 ad
1858 2826 2039 2855 argumentum
2059 2821 2173 2854 positum
2187 2821 2213 2845 in
2228 2820 2352 2854 principio
2370 2829 2396 2846 lx
2414 2821 2503 2847 lectio-

1435 2856 1489 2886 nis,
1510 2864 1538 2882 ac
1556 2856 1610 2881 fere
1628 2856 1720 2881 iisdem
1740 2856 1825 2881 verbis
1845 2855 1913 2880 idem
1933 2856 2025 2881 iterum
2066 2856 2177 2889 roponit.
2203 2856 2326 2881 Lectione
2345 2856 2413 2881 enim
2433 2863 2458 2881 tx
2476 2856 2503 2882 in

1434 2891 1497 2916 haec
1510 2891 1590 2916 verba
1604 2891 1745 2916 exorditur:
1765 2889 1838 2916 Ἐπεὶ
1857 2889 1885 2915 δ’
1905 2885 2031 2917 ἀδύνατον
2052 2890 2138 2921 αλλως
2156 2888 2222 2926 ἔχειν
2242 2889 2272 2916 οὗ
2292 2888 2361 2916 iot-*w
2375 2888 2502 2926 ὶπιάτήμη

1436 2923 1538 2958 ἁπλῶς,
1565 2921 1707 2960 ἀναγκαῖον
1733 2922 1763 2951 ἂν
1782 2923 1820 2958 εἵη
1840 2923 1871 2951 τὸ
1897 2923 2034 2958 ἐπιστητὸν
2054 2923 2085 2952 τὸ
2104 2924 2171 2952 κατὰ
2195 2924 2237 2958 τήι
2251 2921 2429 2959 ἇποὸωιτικὴν
2448 2924 2503 2952 ἄκι-

1434 2960 1559 2996 στήμην...
1578 2959 1604 2991 ἐξ
1624 2959 1768 2995 αναγκαὶων
1789 2957 1839 2995 ἄρα
1857 2959 1941 2987 συλλο
1961 2960 2034 2996 ισμός
2057 2959 2124 2988 ἐστιν
2142 2961 2158 2994 ἠ
2178 2957 2314 2992 ἀπόδειξις.
2336 2961 2502 2987 Manifestum

1435 3002 1475 3022 est
1493 2997 1518 3022 in
1536 2997 1583 3022 hac
1598 2997 1818 3030 argumentatione
1838 2997 1910 3030 quod
1929 2992 1944 3021 ἆ
1963 2995 2056 3023 cvm-ov
2077 2993 2165 3027 ἄλλως
2182 3002 2231 3023 etc.
2244 3002 2285 3023 est
2299 2997 2462 3029 antecedens,
2477 3002 2503 3023 et

1435 3026 1576 3066 ἀναγκαῖον
1597 3028 1627 3057 ἂν
1647 3029 1712 3063 εἴη...
1732 3030 1758 3062 ἐξ
1778 3027 1923 3066 ἀναγκαίων
1943 3037 1994 3066 etc.⁴
2010 3037 2051 3057 est
2069 3040 2147 3057 conse
2167 3040 2241 3058 uens.
2261 3033 2288 3057 ln
2301 3031 2350 3058 hac
2362 3037 2450 3058 tutem
2465 3033 2502 3058 le-

1434 3068 1518 3092 ctione
1537 3067 1641 3092 dicitur:
1660 3064 1693 3093 Ei
1713 3062 1759 3092 οὖν
1778 3064 1846 3093 ἐστὶν
1860 3065 1875 3098 ἢ
1889 3062 2054 3100 ἀποδεικτικὴ
2073 3065 2131 3093 ime
2165 3076 2199 3102 μη
2214 3065 2240 3098 ἐξ
2255 3062 2502 3103 ἇνὰγκαὶαήοιρχῶν

1435 3098 1460 3134 (ὃ
1475 3101 1525 3136 γὰρ
1541 3100 1685 3135 ἐπίσταται,
1697 3100 1728 3128 οὗ
1740 3099 1849 3128 δυνατὸν
1865 3099 1950 3132 ἄλλως
1965 3100 2136 3138 ἔχειν).“1ἀει·ιι
2151 3108 2192 3128 est
2200 3109 2340 3136 processus
2354 3103 2379 3128 in
2392 3107 2502 3136 utraque

1434 3138 1552 3169 lectione,
1565 3146 1626 3163 nam
1645 3139 1705 3172 quia
1719 3138 1744 3164 id
1763 3139 1834 3171 quod
1853 3139 1932 3164 scitur
1950 3138 2111 3171 impossibile
2130 3143 2171 3164 est
2188 3139 2261 3163 aliter
2275 3146 2305 3164 se
2321 3137 2502 3169 haberereon-

1435 3173 1543 3198 cluditur
1556 3173 1627 3206 quod
1642 3173 1746 3198 scientia
1760 3173 1960 3199 demonstrativa
1975 3173 2008 3198 sit
2022 3181 2052 3198 ex
2066 3173 2233 3202 necessariis:
2249 3173 2387 3202 discrimen
2401 3173 2502 3208 solum-

1435 3209 1513 3233 modo
1532 3213 1572 3234 εει
1586 3209 1611 3233 ἰη
1624 3216 1656 3234 eo
1671 3209 1742 3242 quod
1757 3209 1814 3234 lect.
1825 3217 1850 3234 tx
1868 3213 2048 3242 argumentum
2063 3214 2102 3234 est
2117 3209 2165 3234 sub
2184 3209 2268 3234 forma
2281 3208 2391 3240 causali3
2410 3208 2436 3234 iu
2454 3208 2502 3234 bac

1434 3244 1544 3269 lectione
1562 3249 1649 3269 autem
1665 3244 1713 3269 sub
1732 3244 1815 3269 forma
1834 3240 1997 3269 conditionali
2012 3244 2173 3277 proponitur.
2187 3244 2266 3277 Atqui
2285 3244 2311 3269 in
2329 3243 2408 3276 priori
2424 3244 2512 3277 ’113ύέ

1435 3279 1592 3304 mentatione
1609 3279 1821 3305 demonstrativa
1839 3280 1950 3305 scientia
1967 3282 2007 3304 est
2025 3280 2248 3310 ex‘necessariis,
2269 3284 2310 3305 est
2327 3285 2500 3312 consequens,

1436 3320 1474 3346 et,
1493 3315 1564 3348 quod
1581 3315 1666 3340 scitur
1685 3322 1736 3340 non
1751 3318 1843 3347 potest
1860 3315 1940 3341 aliter
1957 3322 1985 3341 se
2003 3311 2106 3345 habere,
2127 3320 2167 3340 est
2185 3312 2316 3340 ratio'seu
2338 3314 2501 3348 antecedens.

1435 3349 1532 3375 Pariter
1550 3354 1575 3375 et
1594 3350 1619 3375 in
1643 3350 1864 3385 argumentatione
1887 3350 1964 3375 huius
1984 3350 2127 3381 lectionis?
2136 3349 2201 3377 ratio
2220 3357 2266 3379 seu
2290 3349 2443 3379 antecedent
2461 3353 2502 3373 est

1435 3385 1555 3416 causalis,
1568 3385 1640 3418 quod
1653 3385 1723 3411 enim
1741 3385 1826 3411 scitur
1844 3393 1896 3411 non
1912 3387 2002 3418 potest
2020 3385 2099 3410 aliter
2117 3391 2145 3410 se
2163 3385 2258 3410 habere
2277 3379 2308 3417 (ὃ
2327 3382 2383 3418 γὰρ·
2395 3380 2500 3409 ‘alera-

1435 3427 1478 3445 ται
1497 3420 1576 3453 ete),
1596 3428 1760 3454 consequens
1778 3428 1841 3446 vero
1861 3426 1913 3452 est,
1930 3419 2041 3447 scientia
2055 3420 2266 3447 demonstrativa
2279 3422 2320 3445 est
2332 3419 2370 3447 esi·
2382 3423 2500 3445 necessa—

1434 3456 1483 3481 riis
1499 3456 1640 3488 principiis
1655 3455 1681 3488 (ἠ
1701 3450 1866 3488 ἀποδεικτικὴ
1879 3456 1948 3488 ete).
1968 3456 2166 3489 Consequenter
2184 3455 2298 3481 intricata
2313 3459 2340 3480 et
2351 3453 2430 3480 teatin
2443 3453 2500 3478 Ari-

1435 3491 1534 3516 stotelis
1553 3491 1672 3524 opposita
1691 3496 1731 3517 est
1749 3491 1875 3524 expositio
1889 3491 1989 3525 Aegidii
2008 3490 2098 3516 aientis
2117 3490 2327 3524 propositionem,
2345 3489 2418 3530 quod
2430 3489 2499 3514 enim

1434 3526 1518 3551 scitur
1531 3533 1583 3552 non
1595 3529 1686 3558 potest
1699 3526 1779 3552 aliter
1791 3533 1818 3552 se
1832 3527 1935 3557 habere,
1949 3532 2008 3551 esse
2022 3532 2195 3559 consequens,
2208 3530 2234 3551 et
2251 3523 2462 3558 propositionem,
2476 3523 2502 3549 si

1435 3561 1645 3587 demonstrativa
1664 3566 1721 3592 etc„
1741 3569 1799 3586 esse
1818 3561 1980 3587 antecedens.

2536 864 2748 911 ..ssafe

2536 921 2585 936 om.
2600 906 2670 937 codd.
2687 927 2698 932 -
2730 907 2748 938 fi

2536 942 2588 963 lect.
2598 949 2636 969 xv,
2648 948 2671 964 n.
2682 948 2698 964 1.

2538 969 2545 977 “
2559 968 2624 990 Lect.
2634 975 2674 991 xv,

2559 1126 2631 1149 Num.
2641 1127 2664 1149 8.

2535 1222 2748 1271 irrisere·

2533 1341 2543 1351 “
2558 1340 2629 1362 Num.
2644 1341 2668 1363 6.

2534 1394 2746 1447 ...cciiii-2253*

2533 1451 2563 1466 ex
2572 1446 2726 1474 praem-iuis.

2629 1543 2645 1578 β
