2548 4192
903 264 958 300 IN
988 264 1026 300 S.
1048 263 1289 300 THOMAM
1316 264 1641 311 AQUINATEM

203 359 220 374 >
241 346 543 387 consignificatione.
568 343 728 384 Significat
744 343 830 374 enim
846 353 912 373 esse
929 343 962 373 in
986 343 1141 383 praesenti
1157 348 1187 372 et
1202 342 1264 372 hoc

198 403 212 417 ³
235 390 371 421 maxime
394 389 522 429 proprie
551 389 589 418 de
617 389 686 419 Deo
711 388 844 425 dicitur,
874 387 963 418 cuius
993 397 1059 417 esse
1088 397 1153 417 non
1177 387 1266 417 novit

197 446 212 461 ›
235 434 439 474 praeteritum
461 433 511 463 vel
535 432 691 470 futurum,
717 439 753 462 ut
777 431 851 462 dicit
873 431 1072 471 Augustinus
1097 432 1130 462 in
1151 431 1264 472 quinto

196 491 211 506 »
233 479 283 509 De
306 477 469 508 Trinitate.
484 489 498 503 »

261 516 398 552 Subtz‘les
420 521 595 551 habeantur
623 520 799 560 praedictae
823 519 990 559 Aquinatis
1018 520 1176 557 rationes,
1205 519 1266 549 hoc

194 572 241 596 est
264 576 283 596 a
305 565 476 605 perspicaci
499 564 627 605 ingenio
643 575 722 602 rem,
747 574 845 605 quam
860 571 972 602 versat,
989 564 1181 604 profundius
1197 574 1265 603 per-

195 616 352 640 scrutante
371 610 529 639 inventae:
555 615 587 639 at
604 609 726 639 solidae
749 618 880 649 quoque
899 615 983 646 sunt,
1008 615 1119 648 utpote
1134 608 1194 647 ipsi
1210 608 1265 646 rei,

194 664 276 696 quae
300 653 446 684 subtilius
471 653 696 691 consideratur,
721 653 858 682 maxime
883 652 1114 683 convenientes.
1139 653 1268 682 Rationi

195 699 308 729 tertiae
338 698 465 737 pondus
497 697 622 728 additur
646 707 683 727 ex
706 697 890 727 auctoritate
919 697 1016 727 sancti
1040 696 1210 736 Augustini
1234 697 1267 726 in

194 742 276 772 libro
301 742 460 772 LXXXIII
491 742 736 782 quaestionum,
761 751 816 781 qu.
838 749 914 771 xvn:
939 741 1034 781 Apud
1056 742 1161 771 Deum
1189 741 1268 771 nihil

194 786 300 818 deest:
315 796 373 817 nec
383 787 597 826 praeteritum
615 787 717 826 igitur
736 796 794 816 nec
812 786 982 826 futurum,
997 786 1053 816 sed
1069 796 1160 816 omne
1170 795 1267 825 prae-

194 840 268 861 sens
283 836 329 861 est
343 831 431 870 apud
445 831 562 861 Deum.
582 831 622 860 Et
645 830 726 860 libro
742 830 770 860 V
789 830 837 860 De
856 830 1021 867 Trinitate‚
1047 830 1146 870 capite
1163 837 1195 859 11:
1219 829 1268 859 Ab

195 884 252 912 eo,
276 875 361 915 quod
384 880 431 906 est
453 885 538 912 esse,
563 874 648 905 dicta
672 879 718 905 est
741 876 887 905 essentia.
911 874 955 904 Et
977 876 1047 914 quis
1071 875 1176 914 magis
1199 879 1267 911 est,

194 929 291 960 quam
309 920 363 950 ille
378 921 433 959 qui
449 919 531 950 dixit
543 918 678 959 famulo
692 928 751 949 suo
767 920 897 959 Moysi:
920 919 993 959 Ego
1016 928 1087 950 sum
1107 919 1161 958 qui
1179 925 1268 948 sum:

196 969 226 994 et
248 963 334 994 dices
347 964 432 1005 filiis
455 964 580 994 Israel:
607 963 670 1000 Qui
689 968 746 1000 est,
762 964 847 993 misit
871 973 920 993 me
936 963 979 993 ad
995 963 1076 993 vos?
1098 962 1268 992 Rationem

194 1008 369 1039 secundam
393 1007 498 1038 firmat
522 1007 691 1038 auctoritas
715 1007 841 1037 Ioannis
865 1007 1053 1038 Damasceni
1076 1007 1149 1036 loco
1174 1005 1267 1036 citato

195 1052 296 1092 capite
319 1063 350 1082 1x
379 1052 413 1082 in
444 1052 581 1082 editione
612 1051 773 1082 Michaelis
797 1051 970 1091 Lequieni:
1008 1063 1023 1078 «
1040 1051 1088 1080 Ex
1118 1050 1268 1080 omnibus

197 1110 212 1125 »
235 1106 333 1136 porro
357 1096 561 1133 nominibus,
591 1105 673 1135 quae
697 1095 766 1125 Deo
790 1095 992 1133 tribuuntur,
1017 1094 1144 1124 nullum
1167 1103 1268 1133 aeque

197 1154 212 1168 »
234 1140 404 1180 proprium
418 1140 552 1177 videtur,
578 1146 672 1179 atque
698 1138 714 1169 ὀ
736 1137 797 1177 ὤν,
825 1139 890 1176 Qui
905 1144 969 1176 est;
992 1138 1269 1178 quemadmodum

197 1197 212 1212 »
234 1185 380 1224 ipsemet,
404 1194 479 1214 cum
493 1183 598 1224 Moysi
617 1183 650 1212 in
665 1190 775 1213 monte
791 1183 1006 1223 responderet,
1023 1182 1080 1212 ait:
1106 1182 1168 1212 Dic
1181 1181 1267 1222 filiis

196 1241 211 1256 »
234 1229 359 1259 Israel:
386 1228 451 1264 Qui
474 1233 538 1264 est,
564 1228 648 1258 misit
671 1237 732 1258 me.
757 1228 841 1257 Nam
863 1234 970 1257 totum
993 1236 1076 1264 esse,
1100 1226 1187 1255 velut
1210 1225 1268 1255 irn-

197 1284 212 1300 ›
234 1282 384 1303 mensum
408 1272 574 1312 quoddam
588 1282 623 1302 ac
638 1271 733 1301 nullis
756 1271 899 1302 terminis
923 1270 1091 1300 definitum
1114 1270 1268 1300 essentiae

197 1330 213 1345 >
235 1316 563 1357 pelagusbcomplexu
579 1326 638 1346 suo
654 1315 723 1355 ipse
740 1315 890 1346 continet.
905 1327 920 1341 »
948 1314 1122 1354 Utriusque
1137 1314 1269 1344 demum

195 1415 268 1436 nem
293 1404 492 1447 confirmant.

261 1450 374 1490 Neque
394 1455 502 1479 tamen
523 1448 704 1488 putandum
728 1454 774 1478 est
797 1457 916 1478 nomen
939 1447 1024 1477 istud
1047 1447 1091 1477 ita
1114 1447 1152 1476 ab
1169 1446 1269 1487 Aqui-

194 1500 266 1525 nate
289 1493 420 1533 intelligi
444 1492 613 1533 proprium
635 1492 705 1530 Dei,
722 1502 758 1522 ac
774 1492 799 1522 si
824 1491 961 1531 perfecte
978 1498 1008 1522 et
1024 1491 1197 1531 adaequate
1222 1501 1267 1521 es-

194 1538 329 1569 sentiam
351 1537 422 1575 Dei,
447 1536 628 1567 cuiusmodi
651 1543 698 1567 est
720 1536 754 1566 in
778 1547 821 1574 se,
853 1535 1040 1575 significaret
1070 1542 1125 1566 aut
1146 1544 1269 1575 reprae-

194 1589 345 1614 sentaret:
371 1582 426 1612 sed
445 1581 520 1622 quia
535 1581 641 1611 adhuc
665 1581 882 1622 imperfectius
899 1579 987 1622 (ipso
1004 1580 1133 1610 Thoma
1147 1579 1269 1619 sapien-

195 1627 315 1670 tissime
339 1626 606 1656 animadvertente
629 1625 662 1654 in
686 1625 714 1663 1,
735 1625 805 1656 dist.
830 1635 899 1662 v111,
924 1634 979 1664 qu.
1004 1635 1030 1662 1,
1055 1631 1111 1654 art.
1136 1634 1147 1653 1
1171 1624 1211 1654 ad
1237 1623 1269 1666 3)

190 1681 254 1712 per
266 1671 333 1701 alia
349 1671 479 1700 nomina
502 1669 709 1710 significatur
724 1670 835 1699 eadem
850 1668 983 1699 essentia
998 1668 1067 1698 Dei.
1093 1668 1180 1698 Haec
1194 1678 1269 1698 vero

195 1715 343 1746 Thomae
367 1714 560 1744 documenta
587 1713 613 1743 si
636 1720 761 1753 praesto
790 1713 951 1744 Fabricius
974 1712 1154 1750 habuisset,
1183 1712 1270 1742 haud

196 1769 354 1799 umquam
368 1758 545 1789 doctrinam
559 1757 626 1787 eius
640 1758 836 1788 subtiliorem
856 1757 964 1797 potius
978 1756 1156 1794 iudicasset,
1172 1766 1271 1796 quam

195 1803 388 1835 solidiorem.
417 1802 470 1833 Ad
493 1802 619 1832 Ioannis
642 1801 830 1832 Damasceni
854 1802 964 1831 locum
993 1807 1104 1831 notam
1127 1800 1271 1840 appingit

196 1847 379 1888 Lequienus
403 1846 621 1886 dignissimam
640 1845 921 1875 animadversione.
942 1845 1047 1875 Verba
1061 1851 1148 1875 sunt:
1178 1857 1192 1872 «
1205 1845 1270 1875 Pri-

199 1905 214 1920 2>
236 1892 279 1922 sci
294 1890 478 1932 philosophi
488 1891 595 1920 Deum
610 1895 725 1920 neutro
735 1891 862 1920 nomine
879 1887 913 1920 ὅν
934 1889 1175 1928 nuncupabant:
1188 1899 1270 1929 quae

197 1948 212 1964 ›
234 1945 298 1967 vox
312 1936 352 1965 ad
366 1934 473 1974 ipsum
496 1943 553 1964 ens
576 1935 608 1964 in
625 1935 788 1964 communi
803 1933 1046 1973 significandum
1065 1933 1158 1963 atheo
1175 1943 1268 1963 sensu

198 1992 213 2008 ι
236 1979 419 2020 detorqueri
438 1985 555 2018 posset.
580 1980 624 2008 At
649 1979 864 2009 masculinum
889 1977 932 2008 ὤν
958 1978 1065 2008 solum
1089 1978 1195 2008 Deum
1218 1988 1269 2008 ve-

199 2037 214 2052 »
236 2034 311 2055 rum
333 2023 494 2063 exprimit,
519 2022 610 2053 cuius
634 2023 768 2053 essentia
791 2023 830 2053 sit
853 2022 1027 2062 ipsummet
1051 2032 1117 2052 esse
1141 2022 1269 2062 purissi-

198 2081 213 2097 »
236 2078 328 2099 mum
351 2078 387 2098 ac
404 2066 647 2104 substantivum,
666 2067 799 2097 conditis
823 2067 917 2097 rebus
940 2066 1128 2106 neutiquam
1143 2076 1269 2096 concre-

198 2126 214 2141 ιι
236 2119 307 2144 tum
330 2119 385 2142 aut
404 2122 441 2142 ex
459 2111 535 2151 ipsis
553 2110 730 2141 intellectus
750 2121 847 2151 opera
865 2112 1067 2141 abstractum.
1082 2125 1096 2139 »
1125 2111 1268 2150 Gregorii

194 2156 386 2188 Nazianzeni
408 2156 503 2186 verba
529 2154 691 2195 subiungit
718 2155 751 2185 in
775 2155 927 2186 Oratione
950 2166 1040 2185 xxxw
1070 2156 1150 2187 circa
1172 2154 1269 2185 finem

195 2201 384 2242 inquientis:
410 2198 456 2230 Τὸ
478 2193 516 2229 δὲ
538 2197 590 2237 ὄν,
613 2209 669 2230 ens
693 2209 768 2230 vero
786 2201 958 2239 proprium
977 2209 1057 2230 sane
1080 2205 1126 2231 est
1144 2200 1207 2230 Dei
1230 2209 1269 2230 ac

197 2251 310 2283 totum,
327 2255 386 2275 nec
403 2245 517 2284 priore
532 2244 642 2283 aliqua
659 2253 694 2274 re
713 2254 772 2275 nec
789 2245 970 2284 posteriore
990 2243 1069 2284 (nec
1085 2245 1168 2275 enim
1186 2249 1268 2282 erat,

195 2295 254 2320 aut
269 2288 350 2330 erit)
374 2288 539 2330 definitum
561 2298 600 2318 ac
615 2289 850 2319 circumcisum.
876 2288 937 2319 Ubi
962 2287 1003 2319 τὸ
1027 2287 1061 2319 ὅν
1087 2295 1200 2319 neutro
1217 2298 1269 2328 ge-

195 2344 269 2365 nere
284 2344 321 2364 ea
335 2333 457 2364 ratione
481 2332 650 2373 proprium
673 2342 740 2363 esse
755 2333 815 2363 Dei
833 2332 956 2371 dicitur,
982 2333 1057 2373 quia
1081 2340 1187 2363 totum
1203 2343 1269 2363 esse

195 2379 284 2409 Deus
315 2376 556 2418 comprehendit
585 2376 651 2407 sine
682 2377 747 2407 ulla
777 2377 975 2407 limitatione.
1005 2377 1129 2408 Clarior
1158 2384 1204 2407 est
1234 2387 1269 2407 ac

196 2422 391 2463 splendidior
420 2421 546 2451 Ioannis
574 2421 763 2451 Damasceni
793 2421 954 2461 expositio,
976 2422 1049 2452 loco
1075 2421 1186 2451 citato:
1216 2421 1271 2451 Ex

195 2468 342 2498 omnibus
357 2466 549 2502 nominibus,
573 2475 654 2505 quae
677 2466 747 2495 Deo
770 2466 957 2496 tribuuntur
980 2463 1178 2507 (inquientis)
1199 2465 1268 2495 nul-

194 2512 265 2542 lum
281 2520 381 2552 aeque
398 2509 566 2550 proprium
581 2509 694 2547 videri,
712 2516 806 2550 atque
825 2509 841 2540 ὁ
861 2508 905 2539 ω”ν
927 2508 1121 2551 (masculino
1137 2507 1268 2551 genere)

200 2556 266 2593 Qui
288 2561 368 2586 est...
385 2555 471 2585 Nam
489 2550 565 2583 ὅλον
585 2551 625 2583 τὸ
643 2548 742 2591 εἶναι,
761 2559 861 2584 totum
879 2564 946 2584 esse
963 2552 1070 2596 (quod
1086 2561 1131 2584 est
1151 2552 1192 2585 τὸ
1218 2552 1269 2592 ὄν,

197 2610 311 2641 genere
327 2596 459 2640 neutro)
475 2598 562 2629 velut
578 2599 769 2629 immensum
785 2599 944 2638 quoddam
961 2609 1001 2629 ac
1017 2599 1115 2629 nullis
1124 2600 1270 2629 terminis

197 2645 363 2686 definitum
389 2643 544 2673 essentiae
566 2643 729 2683 pelagus,
759 2645 927 2683 complexu
950 2653 1009 2674 suo
1033 2644 1099 2682 ipse
1123 2644 1269 2673 continet.

264 2689 302 2719 11.
328 2686 476 2719 Censoris
500 2686 627 2717 Ioannis
651 2687 784 2717 Fabricii
808 2687 969 2727 oppositio
989 2687 1091 2727 prima
1107 2694 1169 2718 est:
1194 2688 1268 2718 Non

198 2743 266 2765 esse
280 2742 394 2764 revera
410 2732 575 2771 scriptum,
592 2731 670 2761 Sum
687 2732 742 2771 qui
755 2740 844 2762 sum:
857 2732 923 2769 sed,
939 2732 1008 2762 Ero
1024 2733 1079 2772 qui
1093 2742 1147 2762 ero
1163 2729 1269 2773 (tertio

197 2777 298 2818 capite
321 2775 434 2813 Exodi,
458 2780 487 2805 v.
511 2773 575 2817 14),
601 2786 667 2816 quo
691 2786 808 2816 nempe
831 2786 868 2806 ex
890 2776 964 2806 loco
988 2786 1108 2806 nomen
1133 2776 1193 2806 Dei
1219 2786 1270 2806 su-

196 2822 304 2859 mitur,
328 2820 417 2861 quod
439 2819 538 2859 ipsius
563 2820 622 2850 Dei
642 2821 783 2850 maxime
793 2822 963 2860 proprium
979 2830 1048 2851 esse
1062 2821 1154 2851 docet
1169 2820 1269 2861 Aqui—

195 2875 262 2896 nas.
294 2865 386 2895 Sacra
415 2863 545 2894 historia
575 2864 668 2895 tradit
707 2865 855 2905 Moysem
887 2875 905 2895 a
935 2865 1004 2895 Deo
1036 2865 1172 2896 electum
1203 2875 1269 2894 esse

195 2910 395 2949 missumque
418 2908 458 2938 ad
475 2907 637 2946 israelitas,
657 2919 740 2949 quos
759 2910 798 2939 ab
817 2909 893 2949 iugo
913 2909 1086 2939 Pharaonis
1105 2909 1266 2939 liberaret:

196 2954 368 2993 ipsumque
390 2953 538 2992 Moysem
566 2962 691 2992 rogasse
715 2953 822 2984 Deum
851 2960 887 2984 ut
910 2963 976 2994 quo
1000 2953 1108 2993 ipsum
1137 2953 1268 2983 nomine

196 2997 283 3037 apud
307 2996 458 3040 Israelitas
481 3003 608 3031 vocaret
635 2997 809 3036 patefacere
833 2998 1022 3037 dignaretur.
1047 2998 1202 3028 Divinum
1220 3007 1267 3027 re-

198 3051 355 3081 sponsum
379 3040 422 3071 sic
443 3038 567 3070 exhibet
586 3051 670 3071 sacer
692 3048 793 3072 textus
813 3041 982 3072 hebraeus:
1006 3043 1100 3072 Dixit
1116 3043 1207 3072 Deus
1225 3042 1269 3072 ad

198 3087 368 3126 Moysem:
398 3090 495 3120 mn&
520 3083 639 3115 Ehieh:
670 3087 725 3125 qui
748 3090 846 3120 717Πᾶ
870 3085 989 3116 Ehieh:
1024 3091 1054 3116 et
1085 3086 1188 3123 dixit,
1221 3087 1268 3116 sic

199 3130 284 3161 dices
297 3129 383 3170 filiis
405 3130 521 3170 Israel,
547 3133 646 3163 ivn-t&
671 3129 791 3161 Eheieh
815 3131 900 3160 misit
915 3140 965 3160 me
987 3130 1031 3160 ad
1046 3140 1110 3161 vos.
1135 3132 1178 3160 At
1192 3140 1266 3160 vero

200 3174 288 3204 ehieh
311 3184 374 3203 vox
397 3183 443 3206 est
465 3176 550 3207 verbi
576 3177 656 3208 ΠΊΠ,
674 3174 756 3215 fuit,
781 3185 816 3205 ac
836 3174 989 3214 temporis
1012 3174 1110 3204 futuri
1133 3174 1166 3204 in
1190 3184 1267 3204 con-

198 3219 376 3258 iugatione,
407 3230 489 3260 quae
513 3220 626 3250 dicitur
654 3219 725 3249 lcal:
748 3219 833 3249 unde
862 3219 948 3249 iuxta
976 3219 1197 3260 grammaticae
1221 3228 1266 3247 re-

199 3263 288 3303 gulas
312 3263 414 3294 versio
439 3264 532 3303 foret,
555 3264 624 3294 Ero
647 3263 702 3303 qui
721 3273 809 3293 ero...
833 3263 902 3293 Ero
918 3264 1004 3293 misit
1018 3273 1068 3293 me
1083 3263 1126 3293 ad
1140 3272 1204 3293 vos.
1224 3264 1267 3292 At

199 3308 285 3338 enim
308 3308 600 3348 frequentissimum
632 3307 845 3338 hebraismum
879 3307 1032 3337 adnotant
1059 3306 1265 3345 grammatici,

199 3362 266 3393 quo
282 3352 438 3393 futurum
463 3359 634 3392 usurpatur
656 3361 714 3391 pro
725 3352 911 3391 praesenti:
933 3351 1105 3390 ipsumque
1119 3350 1152 3379 in
1168 3350 1266 3380 allatis

197 3397 300 3427 verbis
323 3397 432 3427 locum
456 3397 569 3427 habere
602 3395 779 3436 adprobant
807 3396 910 3425 critici
933 3395 1037 3432 sacri,
1062 3395 1264 3431 Munsterus,

198 3441 334 3482 Fagius,
366 3441 526 3478 Vatablus,
555 3441 697 3476 Clarius,
720 3440 872 3469 Drusius.

267 3485 334 3516 Cur
349 3496 424 3515 vero
449 3483 535 3515 non?
559 3485 647 3515 LXX
662 3484 844 3522 interpretes
864 3488 911 3512 tot
927 3489 998 3512 ante
1019 3481 1182 3512 Christum
1200 3491 1266 3510 sae-

200 3530 278 3560 culis
294 3540 402 3569 graece
425 3535 594 3560 verterant:
621 3525 686 3572 ἐγώ
710 3526 776 3569 εἰμί
800 3526 815 3556 ὁ
833 3525 890 3566 ὧν,
916 3526 989 3566 Ego
1012 3535 1095 3563 sum,
1119 3526 1175 3565 qui
1196 3534 1266 3555 sum

199 3574 250 3604 vel
259 3574 332 3615 Ego
347 3584 418 3604 sum
434 3575 461 3604 is
476 3575 531 3614 qui
547 3578 604 3611 est,
618 3573 669 3602 vel
685 3571 780 3602 etiam
796 3571 902 3601 minus
916 3570 1011 3600 latine
1024 3570 1098 3610 Ego
1114 3579 1184 3599 sum
1201 3578 1266 3599 ens.

197 3619 296 3649 Hunc
319 3619 422 3649 Exodi
446 3625 600 3659 spectasse
619 3617 729 3647 locum
746 3616 870 3646 videtur
894 3615 1027 3645 loannes
1046 3613 1221 3654 Apostolus
1238 3619 1269 3643 et

2237 275 2388 301 CCCXXXI

1318 344 1517 382 Evangelista
1541 343 1574 373 in
1598 342 1793 383 Apocalypsi
1824 342 1924 382 capite
1946 352 1971 379 1,
1994 347 2023 371 v.
2043 348 2079 380 4:
2110 341 2223 372 Gratia
2250 343 2335 373 vobis
2356 349 2387 374 et

1312 398 1385 427 pax
1406 387 1474 419 ἀπὸ
1501 387 1517 418 ὁ
1542 385 1600 427 ὢν,
1621 387 1679 417 καὶ
1702 386 1718 417 ὁ
1739 383 1794 426 ἦν,
1815 386 1873 417 καὶ
1900 385 1916 416 ὁ
1944 383 2197 429 ἐρχόμενος,.αὸ
2216 396 2252 416 eo
2270 388 2325 426 qui
2343 393 2390 418 est

1320 438 1350 462 et
1372 434 1427 472 qui
1451 438 1522 463 erat
1545 438 1576 463 et
1593 433 1648 473 qui
1662 433 1740 463 erit:
1763 432 1875 472 hisque
1891 431 1992 460 verbis
2008 430 2074 460 vim
2089 429 2175 460 vocis
2200 434 2314 465 wrm,
2336 438 2390 462 aut

1324 481 1421 512 ΠἹΠἿ.
1446 477 1619 517 exprimere
1651 476 1790 506 voluisse
1814 476 1966 506 Ioannem
1998 475 2166 504 observant
2196 474 2388 514 interpretes.

1320 521 1560 553 Vetustissimus
1576 521 1690 551 latinae
1706 520 1858 551 versionis
1874 519 2019 558 vulgatae
2035 525 2145 548 auctor
2162 519 2276 548 eodem
2290 519 2390 549 modo

1320 566 1495 603 transtulit,
1519 566 1597 596 Sum
1628 566 1683 605 qui
1705 572 1793 595 sum:
1816 574 1852 594 ac
1875 570 1986 603 postea
2009 572 2084 593 cum
2106 562 2184 592 verti
2209 563 2388 601 debuisset,

1321 611 1398 640 Sum
1423 611 1508 641 misit
1530 620 1581 640 me
1603 610 1646 640 ad
1669 619 1746 647 vos,
1771 618 1942 649 personam
1967 607 2104 647 primam
2127 607 2335 637 commutavit
2357 607 2390 637 in

1321 655 1460 693 tertiam,
1497 654 1562 690 Qui
1585 659 1630 684 est
1653 654 1739 684 misit
1763 663 1812 683 me
1835 652 1878 683 ad
1901 661 1974 689 vos,
2000 658 2036 682 ut
2059 651 2171 681 clarior
2194 658 2274 681 esset
2296 651 2391 681 inter-

1321 699 1465 739 pretatio.
1486 698 1696 728 Peritissimus
1712 697 1874 727 hebraicae
1889 696 2015 735 linguae
2030 702 2155 726 sanctus
2172 695 2392 736 Hieronymus

1322 743 1354 773 in
1372 743 1505 783 epistola
1521 740 1609 784 (xxv,
1631 742 1669 772 al.
1680 740 1789 783 xxxv1)
1807 741 1846 771 ad
1861 740 2042 771 Marcellam
2067 739 2137 781 (De
2152 740 2259 770 decem
2290 741 2390 770 nomi-

1323 788 1414 818 nibus
1429 786 1511 827 Dei)
1535 787 1577 816 sic
1597 786 1655 816 ait:
1681 786 1814 816 Sextum
1839 783 1978 826 (nomen
2002 782 2095 825 Dei),
2110 784 2194 814 Aser
2212 784 2289 821 Ieie,
2306 783 2391 824 quod

1323 833 1354 862 in
1371 831 1486 861 Exodo
1506 831 1637 871 legitur,
1658 830 1723 867 Qui
1738 835 1800 866 est,
1816 830 1900 859 misit
1916 838 1966 858 me
1972 836 1985 865 ,·
2003 828 2105 867 prima
2121 828 2237 859 scilicet
2255 838 2391 868 persona

1322 876 1355 905 in
1379 875 1502 906 tertiam
1526 881 1730 905 commutata.
1755 874 1862 910 Quam
1887 872 2022 912 denique
2046 872 2197 912 temporis
2221 872 2391 912 praesentis

1322 919 1492 950 lectionem
1515 919 1548 948 in
1570 919 1697 957 vulgata
1721 923 1893 947 exstantem
1917 916 2045 956 sequuti
2069 923 2142 946 sunt
2165 916 2320 955 Hilarius,
2344 916 2391 946 in-

1323 960 1440 1003 terpres
1464 962 1597 1000 Irenaei,
1620 962 1827 998 Novatianus,
1852 960 2057 998 Ambrosius,
2081 961 2294 1000 Augustinus,
2319 961 2391 990 Fer-

1322 1007 1439 1037 randus
1463 1007 1614 1037 diaconus
1639 1012 1669 1036 et
1691 1005 1903 1042 Phoebadius,
1928 1014 2069 1044 quorum
2091 1005 2185 1034 verba
2207 1005 2314 1035 recitat
2334 1005 2390 1035 Pe-

1323 1058 1389 1082 trus
1413 1051 1552 1081 Sabatier
1574 1050 1607 1080 in
1631 1060 1688 1080 sua
1712 1055 1818 1080 vetere
1841 1049 1948 1078 italica
1969 1050 2132 1078 versione:
2150 1048 2262 1089 hisque
2277 1059 2391 1079 conso-

1323 1101 1400 1125 nant
1420 1095 1522 1134 graeci
1542 1095 1658 1124 Patres.
1678 1093 1751 1123 Alia
1770 1093 1914 1122 dabimus
1938 1092 2027 1122 infra.
2052 1093 2139 1122 Haec
2157 1102 2232 1123 vero
2255 1093 2392 1132 primam

1322 1138 1455 1169 Fabricii
1479 1138 1718 1178 oppositionem
1742 1143 1884 1167 evertunt
1907 1146 1942 1166 ac
1966 1136 2097 1166 elidunt.

1390 1183 1461 1212 Alia
1478 1189 1524 1213 est
1544 1182 1686 1212 eiusdem
1701 1181 1880 1221 oppositio:
1902 1180 2063 1220 Quidquid
2080 1180 2206 1211 tandem
2223 1181 2273 1211 his
2289 1181 2393 1212 verbis

1324 1226 1468 1257 indicare
1490 1227 1581 1256 Deus
1605 1227 1760 1256 voluerit:
1783 1226 1842 1255 hoc
1865 1230 1921 1261 est,
1943 1225 2009 1254 sive
2025 1225 2184 1254 curiosam
2202 1226 2329 1265 Moysis
2345 1227 2391 1255 in-

1324 1272 1575 1311 terrogationem
1586 1271 1773 1310 simpliciter
1789 1270 1932 1299 reiicere.
1951 1268 2094 1298 Similem
2104 1268 2393 1308 interpretationem

1324 1315 1492 1345 tradiderat
1515 1315 1612 1354 Hugo
1637 1314 1818 1346 Victorinus
1842 1313 1875 1343 in
1898 1312 2156 1343 annotationibus
2181 1313 2393 1344 elucidatoriis

1325 1360 1365 1389 ad
1388 1359 1473 1390 hunc
1496 1359 1624 1389 locum:
1653 1359 1754 1399 «Ego
1777 1368 1866 1395 sum,
1897 1358 1952 1397 qui
1974 1366 2044 1387 sum
2077 1354 2272 1399 (inquiens).
2297 1360 2345 1388 Ac
2368 1357 2393 1387 si

1328 1417 1342 1431 »
1363 1403 1492 1434 diceret:
1517 1404 1641 1434 Nomen
1666 1413 1770 1433 meum
1792 1412 1855 1432 non
1872 1402 1976 1432 dicam
1994 1402 2057 1431 eis:
2073 1401 2128 1441 qui
2144 1401 2260 1432 scilicet
2274 1412 2394 1432 nomen

1328 1461 1342 1475 »
1362 1458 1473 1478 meum
1497 1448 1575 1478 scire
1599 1448 1756 1478 deberent.
1789 1447 1831 1477 Et
1854 1452 1900 1476 est
1924 1446 2044 1476 ironice
2067 1445 2204 1475 dictum:
2235 1446 2326 1485 quasi
2349 1445 2394 1475 di-

1327 1505 1341 1519 »
1362 1499 1444 1523 ceret
1467 1502 1587 1522 nomen
1610 1502 1721 1522 meum
1744 1487 1924 1531 ignoratur?
1944 1502 1958 1517 ³>
1979 1490 2070 1519 Hanc
2091 1489 2324 1529 expositionem
2348 1489 2397 1520 his

1324 1536 1426 1567 verbis
1450 1537 1585 1567 declarat
1604 1535 1772 1566 Cornelius
1792 1545 1810 1565 a
1826 1534 1962 1574 Lepide:
1986 1534 2076 1564 Deus
2090 1534 2142 1564 hic
2157 1544 2220 1564 non
2237 1534 2394 1571 declarat,

1324 1581 1380 1612 sed
1397 1582 1508 1620 potius
1531 1591 1602 1611 cum
1627 1580 1766 1620 quadam
1791 1580 1957 1609 maiestate
1979 1579 2052 1608 silet
2073 1588 2168 1608 suum
2194 1587 2319 1608 nomen.
2353 1578 2395 1608 Ut

1324 1626 1353 1656 si
1374 1626 1488 1666 gravis
1511 1625 1620 1665 aliqua
1638 1634 1780 1664 persona
1812 1628 1928 1664 rogata
1953 1623 1993 1653 de
2017 1623 2161 1660 nomine,
2186 1623 2393 1662 respondeat,

1325 1670 1403 1700 Sum
1427 1670 1482 1709 qui
1504 1679 1575 1703 sum
1583 1677 1596 1706 ;
1619 1670 1712 1709 quasi
1734 1668 1830 1705 dicat,
1857 1677 1952 1698 vocor
1976 1672 2011 1697 ut
2025 1675 2142 1698 vocor:
2169 1667 2317 1697 «Verum
2332 1667 2395 1697 hoc

1328 1726 1342 1740 >›
1380 1715 1479 1754 ipsius
1493 1723 1513 1743 a
1530 1713 1652 1753 Lapide
1669 1713 1764 1743 verba
1781 1711 1870 1753 sunt)
1888 1718 1934 1742 est
1950 1711 2166 1751 improbabile.
2183 1712 2266 1741 Nam
2285 1711 2394 1751 paullo

1328 1770 1342 1784 »
1363 1765 1437 1798 post
1459 1758 1550 1788 Deus
1572 1758 1660 1788 iubet
1683 1757 1804 1797 Moysi,
1829 1763 1864 1787 ut
1886 1756 1948 1786 hoc
1968 1762 2107 1786 nomen:
2136 1755 2201 1792 Qui
2223 1761 2281 1793 est,
2305 1755 2396 1795 quasi

1329 1814 1342 1829 ι
1362 1802 1422 1832 Dei
1445 1802 1577 1842 legantis
1602 1811 1634 1831 se
1667 1801 1833 1841 proprium
1865 1810 1984 1830 nomen
2013 1806 2043 1830 et
2073 1799 2222 1838 titulum,
2252 1799 2396 1830 missioni

1330 1859 1344 1874 »
1364 1857 1439 1877 suae
1459 1846 1612 1886 praeferat
1631 1845 1677 1887 (et
1693 1847 1749 1883 ait,
1766 1847 1813 1876 sic
1826 1845 1912 1875 dices
1920 1845 2006 1885 filiis
2021 1844 2144 1874 Israel:
2164 1844 2228 1881 Qui
2242 1849 2299 1881 est,
2311 1845 2397 1874 misit

1330 1903 1344 1918 >>
1365 1901 1415 1921 me
1434 1891 1477 1922 ad
1494 1889 1574 1931 vos).
1590 1902 1603 1916 »
1632 1891 1701 1930 Ipse
1721 1891 1852 1920 demum
1874 1889 1972 1928 Hugo
1989 1899 2007 1918 a
2023 1894 2130 1918 sancto
2145 1888 2272 1919 Victore
2287 1888 2396 1918 locum

1328 1935 1459 1975 explicat
1483 1935 1521 1965 de
1545 1934 1687 1975 proprio,
1712 1934 1801 1975 quod
1825 1932 2008 1973 expresserit
2030 1933 2117 1962 Deus
2140 1942 2260 1962 nomen
2284 1939 2395 1962 suum:

1332 1980 1387 2010 Vel
1409 1980 1506 2010 aliter
1529 1976 1724 2021 (inquiens),
1748 1979 1822 2019 Ego
1845 1988 1932 2015 sum,
1958 1978 2012 2017 qui
2041 1977 2282 2007 immutabiliter
2303 1984 2397 2007 sum:

1326 2025 1418 2055 cuius
1442 2033 1555 2054 nomen
1574 2024 1745 2063 proprium
1770 2028 1816 2053 est
1840 2032 1905 2052 ens.
1931 2021 1992 2052 Ubi
2009 2021 2323 2051 animadvertendum
2338 2027 2394 2059 est,

1325 2068 1541 2099 hebraismum
1559 2068 1592 2098 in
1611 2068 1669 2098 hac
1689 2067 1842 2097 sententia
1860 2065 1985 2096 novisse
2004 2066 2178 2105 Hugonem
2196 2075 2232 2096 ac
2250 2065 2395 2096 futurum

1325 2119 1452 2152 tempus
1476 2112 1632 2152 accepisse
1655 2122 1714 2152 pro
1738 2111 1902 2151 praesenti.

1391 2157 1499 2187 Tertia
1531 2156 1673 2197 sequitur
1701 2155 1834 2186 Fabricii
1862 2153 2043 2194 oppositio:
2073 2154 2147 2184 Sive
2173 2155 2392 2194 praesentiam

1325 2211 1418 2232 suam
1453 2202 1513 2241 ipsi
1535 2202 1647 2241 Moysi
1668 2201 1859 2240 promittere
1880 2200 1971 2229 Deus
1995 2199 2140 2228 voluerit.
2173 2199 2285 2228 Parem
2309 2197 2396 2228 affert

1327 2245 1559 2286 expositionem
1586 2245 1732 2275 laudatus
1755 2245 1870 2283 Hugo:
1906 2242 1960 2272 Vel
1981 2243 2044 2272 sic:
2067 2252 2107 2272 ne
2135 2242 2286 2283 diffidas,
2319 2242 2396 2282 quid

1326 2291 1492 2330 loquaris,
1521 2289 1598 2330 quid
1630 2289 1718 2319 dicas
1752 2289 1781 2318 ei
1809 2286 1952 2330 (populo
1987 2284 2196 2328 israelitico),
2229 2287 2304 2327 quia
2335 2296 2397 2327 ego

1325 2344 1417 2372 sum,
1451 2335 1506 2374 qui
1538 2339 1641 2364 tecum
1674 2343 1756 2363 sum.
1782 2333 1819 2362 R.
1841 2332 1996 2362 Salomon
2020 2337 2050 2360 et
2079 2330 2247 2370 Burgensis
2278 2331 2393 2360 eodem

1326 2379 1426 2408 modo
1451 2384 1615 2417 exponunt
1638 2377 1723 2416 apud
1748 2376 1935 2406 Cornelium
1959 2385 1976 2404 a
1999 2374 2134 2414 Lapide:
2157 2375 2231 2415 Ego
2255 2384 2310 2405 ero
2333 2373 2396 2416 (vel

1327 2421 1434 2464 sum),
1458 2423 1570 2462 supple
1599 2421 1757 2452 vobiscum
1784 2421 1815 2450 in
1840 2421 1900 2450 hac
1927 2419 2150 2457 tribulatione,
2176 2429 2231 2450 vos
2255 2429 2293 2449 ea
2323 2419 2396 2449 libe-

1327 2475 1422 2497 rans:
1444 2468 1499 2507 qui
1513 2476 1568 2496 ero
1593 2464 1656 2508 (vel
1675 2462 1773 2506 sum),
1796 2465 1909 2504 supple
1925 2464 2072 2503 deinceps
2091 2473 2217 2503 semper
2238 2463 2395 2494 vobiscum

1327 2513 1358 2541 in
1383 2512 1470 2541 omni
1493 2515 1598 2541 vestra
1615 2509 1803 2551 afflictione.
1828 2508 1961 2546 Scilicet,
1980 2514 2015 2537 ut
2031 2507 2232 2538 doctissimus
2250 2507 2398 2538 laudatus

1326 2556 1492 2595 interpres:
1516 2555 1591 2585 Hoc
1613 2555 1736 2584 arctius
1755 2558 1801 2583 est
1817 2559 1847 2583 et
1857 2553 2030 2594 frigidius.
2055 2554 2102 2582 Ac
2119 2562 2191 2582 sane
2206 2552 2310 2592 Moysi
2329 2551 2394 2582 ine-

1326 2599 1519 2639 ptitudinem
1549 2609 1640 2629 suam
1665 2597 1825 2637 profitenti
1853 2597 1917 2627 iam
1941 2597 2028 2627 Deus
2061 2597 2264 2635 responderat
2286 2602 2314 2627 v.
2336 2603 2395 2626 12:

1331 2645 1395 2681 Qui
1417 2644 1500 2674 dixit
1524 2645 1564 2681 ei,
1588 2647 1671 2691 *my
1690 2646 1788 2677 mn&
1806 2645 1856 2677 72,
1881 2642 1955 2682 quia
1976 2650 2030 2671 ero
2053 2645 2166 2670 tecum.
2193 2640 2300 2680 Itaque
2320 2650 2394 2670 cum

1326 2689 1441 2719 iterum
1463 2688 1619 2718 laboraret
1641 2689 1791 2728 Moyses,
1821 2696 1887 2726 quo
1911 2685 1993 2715 filios
2017 2685 2110 2714 Israel
2133 2685 2233 2714 modo
2257 2685 2296 2714 de
2319 2685 2393 2714 mis-

1326 2733 1416 2763 sione
1440 2743 1497 2763 sua
1521 2732 1666 2762 certiores
1690 2731 1814 2768 faceret,
1834 2739 2016 2770 nomenque
2037 2729 2136 2768 ipsius
2160 2729 2218 2759 Dei
2241 2728 2394 2759 mittentis

1326 2783 1467 2817 rogaret,
1491 2787 1527 2807 ac
1550 2776 1613 2816 ipsi
1636 2777 1723 2806 Deus
1747 2775 1876 2812 diceret,
1901 2784 1935 2804 se
1959 2783 2037 2810 esse,
2061 2774 2116 2813 qui
2139 2778 2185 2803 est
2193 2781 2206 2810 ;
2229 2773 2395 2813 quidpiam

1326 2822 1392 2851 sine
1417 2821 1515 2851 dubio
1535 2821 1631 2858 addit,
1651 2821 1740 2860 quod
1762 2819 1823 2849 illis
1846 2818 1959 2856 verbis,
1977 2827 2031 2848 ero
2056 2822 2171 2854 tecum,
2189 2827 2255 2846 non
2271 2827 2394 2856 expres-

1326 2872 1416 2896 serat.
1452 2866 1580 2896 Nomen
1604 2865 1748 2895 videlicet
1781 2863 1839 2893 sibi
1863 2863 1998 2892 maxime
2031 2861 2198 2900 proprium
2228 2861 2393 2901 patefacit,

1326 2910 1415 2951 quod
1439 2920 1610 2947 summam,
1635 2919 1670 2939 ac
1694 2908 1888 2948 primaevam
1912 2905 2064 2946 significat
2085 2905 2250 2942 rationem,
2271 2915 2307 2934 ex
2330 2915 2394 2944 qua

1325 2954 1482 2994 promissa
1504 2954 1609 2994 Moysi
1634 2959 1664 2983 et
1686 2952 1757 2982 filiis
1781 2951 1874 2982 Israel
1898 2949 2070 2990 praesentia
2093 2959 2128 2979 ac
2158 2949 2311 2989 protectio
2339 2949 2393 2979 de-

1325 2999 1457 3038 pendet:
1483 3008 1557 3028 cum
1580 2997 1648 3037 ipse
1670 2998 1711 3027 sit
1736 2998 1778 3033 is,
1802 2997 1857 3036 qui
1880 3000 1944 3032 est,
1970 3001 1999 3024 et
2023 3000 2069 3023 est
2091 2993 2316 3031 immutabilis,
2341 3003 2392 3023 ae-

1325 3050 1442 3081 ternus,
1466 3042 1653 3079 immensus,
1678 3040 1862 3077 omniscius,
1887 3034 2089 3078 omnipotens
2113 3047 2289 3077 omnesque
2315 3047 2391 3067 con-

1324 3087 1426 3117 tinens
1450 3086 1667 3126 perfectiones.
1688 3086 1775 3115 Haec
1794 3083 1940 3114 Thomae
1959 3081 2137 3122 Aquinatis,
2151 3081 2228 3111 haec
2243 3081 2391 3111 omnium

1325 3138 1507 3161 sanctorum
1525 3131 1655 3160 Patrum
1674 3128 1864 3159 solidissima
1879 3125 2091 3166 interpretatio
2109 3133 2163 3156 est.
2188 3126 2279 3155 Hanc
2295 3125 2390 3155 etiam

1323 3175 1438 3205 vidisse
1461 3175 1499 3204 R.
1518 3174 1666 3204 Chischia
1689 3173 1768 3203 inter
1784 3173 1935 3202 hebraeos
1955 3171 2066 3200 doctus
2081 3170 2215 3207 videtur,
2233 3169 2288 3210 qui
2305 3169 2390 3208 apud

1324 3219 1494 3249 Vatablum
1518 3225 1548 3248 et
1570 3218 1708 3248 Paulum
1731 3217 1865 3256 Fagium
1889 3216 1931 3245 sic
1955 3215 2064 3245 locum
2086 3214 2183 3244 istum
2207 3213 2335 3253 exponit
2357 3213 2390 3242 in

1322 3263 1402 3293 libro
1427 3262 1581 3292 Hizkuni:
1609 3275 1623 3289 ‹
1641 3262 1684 3291 Ut
1707 3261 1845 3300 primum
1871 3264 1972 3293 ntus
1994 3259 2093 3289 Ehieh
2111 3258 2149 3288 sit
2172 3267 2291 3288 nomen
2314 3257 2388 3287 Dei:

1325 3319 1339 3334 »
1360 3307 1493 3336 alterum
1516 3316 1591 3335 vero
1616 3309 1715 3339 nvn&
1733 3309 1821 3339 ww&
1845 3305 1928 3334 Aser
1958 3304 2044 3333 ehieh
2070 3302 2109 3332 sit
2132 3302 2198 3332 eius
2224 3301 2389 3340 expositio.

1326 3363 1339 3378 »
1361 3350 1460 3387 Quasi
1477 3349 1568 3387 dicat,
1586 3359 1705 3379 nomen
1719 3358 1830 3378 meum
1845 3355 1890 3378 est
1904 3347 1972 3377 Ero
1990 3345 2053 3388 (vel
2069 3344 2172 3387 Sum).
2193 3345 2297 3383 Ratio,
2314 3344 2389 3385 quia

1325 3407 1340 3422 »
1359 3404 1413 3424 ero
1438 3392 1505 3435 (vel
1529 3391 1618 3434 sum)
1642 3392 1676 3422 in
1700 3392 1823 3422 saecula
1846 3391 2045 3421 saeculorum
2071 3391 2189 3430 absque
2213 3388 2284 3419 fine.
2306 3389 2388 3419 Dein

1325 3451 1339 3465 »
1360 3438 1449 3478 quod
1471 3447 1526 3467 ero
1551 3437 1645 3467 etiam
1669 3435 1736 3478 (vel
1760 3434 1850 3477 sum)
1867 3435 2047 3471 vobiscum,
2066 3440 2101 3464 ut
2124 3433 2278 3463 redimam
2293 3443 2350 3463 vos
2373 3443 2392 3462 a

1325 3495 1339 3509 >›
1359 3481 1523 3522 tyrannide
1553 3479 1795 3521 Aegyptiorum.
1810 3491 1825 3506 »
1857 3478 2067 3509 Posteriorem
2099 3477 2389 3517 interpretationem

1323 3525 1486 3565 coniungit
1509 3535 1583 3555 cum
1605 3524 1720 3563 priore,
1743 3523 1841 3553 veluti
1866 3532 1946 3562 quae
1971 3523 2008 3552 ab
2033 3532 2068 3552 ea
2088 3521 2252 3561 dependet.

1389 3569 1443 3600 Ait
1466 3569 1597 3599 demum
1619 3567 1799 3598 Fabricius:
1828 3567 1902 3597 Sive
1934 3576 1975 3596 ex
1998 3566 2145 3606 operibus
2171 3566 2258 3603 suis,
2282 3565 2389 3605 qualis

1322 3615 1380 3652 sit,
1406 3614 1630 3654 appariturum
1663 3621 1731 3642 esse
1761 3611 1875 3642 docere
1907 3610 2042 3642 voluerit
2064 3610 2164 3641 Deus.
2198 3609 2249 3640 Ad
2273 3619 2387 3639 eorum
