2788 4204
59 732 190 842 75⁴³

54 2838 62 2845 ·
72 2837 263 2858 Lect.1v.-1-mor:

54 2863 120 2884 dixit.

55 2996 63 3005 ⁶
73 2995 146 3016 Codd.
157 3006 167 3011 —
179 3002 219 3017 1²11:
230 2996 267 3017 hic

54 3022 111 3042 ista.

56 3049 64 3058 ·
74 3048 161 3069 Codd.-
169 3054 267 3069 munna-

55 3075 179 3111 fflestare.
248 3101 252 3105 Ι

93 3101 167 3122 Lodd.
176 3112 186 3116 -
197 3107 221 3122 P:
243 3107 266 3122 m

52 3127 132 3154 prima
143 3129 223 3154 parte.

56 3258 65 3267 ·
74 3257 136 3279 Lect.
148 3265 177 3279 vi.

56 3368 68 3378 ⁸
75 3367 138 3389 Lect.
149 3374 189 3389 vn.

57 3467 69 3478 '⁵
93 3467 168 3489 Codd.
191 3479 201 3483 -

56 3499 119 3516 eam.

56 3524 67 3537 ⁸
77 3524 146 3546 Num.
159 3524 180 3546 6.

225 3474 268 3488 Pu:

306 249 375 285 156

888 244 1272 281 POSTERIORUM
1299 243 1729 280 ANALYTICORUM
1758 243 1852 280 LIB.
1884 244 1898 279 1

1063 481 1365 536 LEcTto
1409 481 1724 558 QUINTA

692 633 776 673 DE
808 631 1349 673 PROPOSITIONIBUS
1382 632 1580 674 PRIMIS
1615 633 1693 673 ET
1726 634 2086 676 IMMEDIATIS

294 771 396 817 Ἀρχὴ
426 765 449 800 δ’
473 769 562 800 ἐστὶν
590 761 794 807 ἀποδείξεως
820 765 985 809 πρότασις
1013 766 1148 811 ἄμεσος·
1178 765 1301 809 ἄμεσον
1325 760 1363 798 δὲ

363 816 400 852 ἧς
427 813 474 856 μή
499 814 585 844 εστίν
614 812 699 848 ἄλλη
727 810 890 856 προτέρα.

296 859 459 904 Πρότασις
485 852 512 888 δ’
543 858 634 889 ἐστὶν
663 855 863 898 ἀποφάσεως
891 855 931 887 τὸ
958 854 1070 899 ἕτερον
1089 855 1216 900 μόριον,
1237 857 1270 888 ἓν
1288 854 1359 888 καθ’

365 902 448 944 ἑνός,

295 944 495 982 διαλεκτική
514 945 572 990 μὲν
591 946 611 982 ἡ
632 946 750 990 ὁμοίως
768 943 996 988 λαμβάνουσα
1019 945 1257 988 ὁποτερονοῦν,
1279 946 1365 979 ἀπο-

363 987 516 1027 δεικτική
542 985 580 1022 δὲ
605 990 625 1026 ’ἢ
652 989 836 1035 ὡρισμένως
863 987 1018 1032 θάτερον,
1047 988 1100 1021 ὅτι
1128 989 1261 1028 ἀληθές.

289 1036 496 1081 Ἀπόφανσις
521 1031 558 1067 δὲ
586 1035 794 1077 ἀντιφάσεως
815 1035 1039 1077 ὁποτερονοῦν
1056 1033 1182 1078 μόριον.
1204 1035 1364 1078 Ἀντίφα-

362 1093 410 1118 σις
436 1076 473 1112 δὲ
506 1079 671 1117 ἀντίθεσις
705 1079 744 1117 ἧς
776 1080 835 1111 οὐκ
867 1079 939 1111 ἔστι
971 1079 1104 1123 μεταξύ
1132 1078 1206 1112 καθ’
1237 1080 1360 1117 αὑτήν.

360 1125 483 1169 Μόριον
508 1120 534 1156 δ’
568 1123 791 1167 ἀντιφάσεως,
815 1123 856 1156 τὸ
881 1124 941 1168 μὲν
967 1126 1000 1155 τὶ
1018 1123 1114 1156 κατά
1131 1137 1235 1166 τινος,
1253 1125 1365 1158 κατά-

362 1182 473 1215 φασις,
500 1169 541 1203 τὸ
566 1164 603 1201 δὲ
629 1171 662 1201 τὶ
690 1168 759 1202 ἀνι-’ό
786 1180 888 1210 τινος,
918 1168 1100 1212 ἀπόφασις.

288 1258 432 1305 Ἀμέσου
457 1255 485 1290 δ’
518 1258 623 1303 ἀρχῆς
649 1258 908 1305 συλλογιστικῆς
938 1256 1027 1289 θέσιν
1053 1258 1111 1301 μὲν
1143 1258 1224 1312 λέγο
1251 1259 1290 1295 ἦν
1316 1258 1364 1303 μή

359 1305 432 1337 ἐστι
456 1299 579 1345 δεῖξαι,
606 1298 684 1347 μηδ’
714 1302 845 1350 ἀνάγκη
872 1303 960 1347 ἔχειν
979 1302 1039 1334 τὸν
1060 1301 1294 1347 μαθησομενόν
1313 1315 1360 1337 τι·

363 1349 402 1386 ἦν
420 1343 447 1380 δ’
472 1347 601 1394 ἀνάγκη
621 1348 709 1393 ἔχειν
731 1349 790 1380 τὸν
810 1349 924 1380 ὁτιοῦν
943 1346 1191 1392 μαθησόμενον,
1214 1347 1360 1392 ἀξίωμα·

362 1394 435 1427 ἔστι
458 1393 523 1439 γάρ
550 1393 623 1424 ἔνια
649 1394 814 1425 τοιαῦτα·
842 1393 948 1425 τοῦτο
973 1393 1038 1437 γάρ
1063 1392 1197 1436 μάλιστ’
1217 1393 1271 1425 ἐπὶ
1290 1397 1360 1431 τοῖς

362 1437 533 1475 τοιούτοις
558 1436 721 1481 εἰώθαμεν
748 1437 854 1482 ὄνομα
877 1435 1000 1482 λέγειν.

293 1571 418 1610 Θέσεως
443 1568 473 1603 δ’
503 1573 523 1607 ἢ
549 1571 608 1614 μὲν
634 1571 858 1613 ὁποτερονοῦν
885 1570 951 1601 τῶν
975 1573 1096 1613 μορίων
1121 1571 1183 1608 τῆς
1210 1571 1363 1614 ἀποφαν-

360 1629 440 1653 σεως
465 1615 710 1662 γαμβάνουσα,
739 1615 807 1646 οἷον
831 1613 921 1660 λέγω
957 1614 998 1647 τὸ
1024 1611 1109 1647 εἶναί
1142 1627 1176 1647 τι
1202 1615 1223 1652 ἦ
1248 1616 1288 1648 τὸ
1314 1615 1361 1660 μή

359 1658 445 1692 εἶναι
471 1673 518 1702 τι,
539 1658 706 1701 ὑπόθεσις,
726 1660 746 1697 ἠ
767 1654 796 1690 δ’
828 1659 904 1692 ἄνευ
926 1658 1053 1693 τούτου
1071 1661 1216 1704 ὁρισμός.
1241 1661 1277 1691 '0
1296 1660 1361 1706 γάρ

361 1706 493 1750 ὁρισμός
523 1704 610 1742 θέσις
635 1704 694 1748 μέν
721 1705 808 1738 ἐστι·
844 1703 979 1737 τίθεται
1008 1705 1073 1751 γάρ
1101 1706 1117 1737 ὁ
1144 1703 1360 1750 ἀριθμητικὸς

359 1745 494 1794 μονάδα
519 1750 560 1782 τὸ
587 1744 781 1795 ἀδιαίρετον
806 1746 892 1781 εἶναι
916 1750 1011 1783 κατοὶ
1034 1750 1076 1782 τὸ
1102 1749 1221 1782 ποσόν·
1241 1748 1363 1782 ὑπόθε-

359 1806 407 1832 σις
433 1789 460 1825 δ’
491 1795 551 1826 οὐκ
577 1795 663 1826 ἔστι·
691 1795 732 1826 τὸ
756 1794 820 1841 γάρ
852 1797 885 1827 τί
904 1794 978 1827 ἐστι
996 1794 1098 1840 μονάς
1116 1797 1174 1827 καὶ
1206 1794 1247 1827 τὸ
1274 1791 1359 1827 εἶναι

359 1833 494 1883 μονάδα
519 1839 557 1871 οὐ
583 1838 727 1872 ταύτόν.
1288 1851 1295 1855 ·

353 1936 502 1963 8ΥΝοΡεῐε.
515 1952 549 1956 -
567 1944 589 1963 1.
611 1936 824 1972 Argumentum
845 1942 873 1963 et
887 1935 989 1963 divisio
1003 1941 1105 1963 textus.
1117 1951 1136 1958 -
1146 1942 1172 1963 2.
1194 1934 1359 1972 Propositio

292 1976 459 2004 immediata
479 1975 527 2003 illa
548 1974 651 2003 dicitur
671 1983 727 2012 qua
749 1985 804 2003 non
827 1981 870 2003 est
896 1975 991 2003 altera
1008 1975 1172 2013 primu-3.
1196 1974 1359 2012 Propositio

293 2025 367 2053 quae
388 2015 543 2044 assumitur
563 2015 593 2044 in
615 2015 782 2052 syllogismo
804 2021 846 2043 est
866 2024 926 2044 una
947 2024 980 2043 ex
1001 2015 1129 2052 partibus
1149 2014 1359 2044 enunciationis

293 2059 363 2094 (quo
385 2066 419 2084 ex
440 2055 532 2092 capite
553 2055 715 2092 propositio
730 2062 878 2092 separatur
891 2064 909 2084 a
923 2055 1123 2092 problemate),
1138 2062 1166 2083 et
1187 2062 1230 2083 est
1251 2054 1359 2091 simpli-

293 2097 362 2125 citer
370 2105 438 2131 una,
449 2095 554 2124 scilicet
569 2095 598 2123 in
609 2104 667 2132 qua
680 2104 772 2123 unum
787 2096 823 2123 de
837 2104 898 2123 uno
909 2095 1090 2132 praedicatur
1099 2097 1144 2130 (ac
1155 2104 1206 2132 per
1221 2096 1277 2123 hoc
1291 2105 1359 2132 pro-

291 2136 398 2174 positio
409 2135 554 2172 praedicta
568 2141 716 2171 separatur
729 2136 766 2163 ab
781 2135 993 2170 enunciatione,
1004 2144 1079 2172 quae
1094 2135 1197 2163 dicitur
1207 2136 1361 2173 plures).-

291 2186 319 2211 4.
336 2176 437 2204 Differt
450 2182 546 2204 autem
562 2175 724 2212 propositio
744 2175 892 2203 dialectica
905 2185 922 2204 a
937 2175 1177 2203 demonstrativa:
1201 2175 1277 2212 quia,
1293 2185 1358 2203 cum

293 2217 506 2244 demonstrator
527 2225 675 2252 nunquam
698 2215 802 2243 habeat
826 2215 901 2243 viam
923 2215 978 2243 nisi
999 2215 1036 2243 ad
1058 2224 1158 2250 unum,
1182 2215 1238 2243 hoc
1259 2222 1302 2243 est
1322 2216 1359 2243 ad

291 2266 390 2284 verum
413 2252 682 2290 demonstrandum,
697 2254 859 2291 propositio
881 2254 1108 2283 demonstrativa
1124 2254 1226 2291 accipit
1240 2255 1359 2283 alteram

292 2303 402 2332 partem
423 2294 632 2323 enunciationis
654 2295 858 2329 determinate;
883 2294 1047 2323 dialecticus
1062 2301 1158 2322 autem
1184 2296 1268 2323 habet
1282 2295 1359 2323 viam

292 2337 328 2364 ad
338 2343 480 2372 utranque
495 2342 605 2371 partem
619 2334 864 2369 contradictionis,
876 2334 944 2371 quia
958 2334 1088 2371 procedit
1103 2344 1135 2363 ex
1150 2334 1358 2371 probabilibus,

292 2382 320 2403 et
341 2375 407 2403 ideo
418 2374 578 2411 propositio
593 2374 740 2403 dialectica
754 2374 855 2411 accipit
870 2374 1065 2402 indifferenter
1086 2384 1279 2412 quancunque
1294 2384 1359 2411 par-

291 2415 364 2443 tium
380 2414 599 2442 enunciationis.
609 2429 630 2436 -
642 2415 666 2442 5.
678 2414 850 2442 Enunciatio
865 2420 1007 2451 utranque
1023 2421 1134 2451 partem
1156 2415 1359 2443 contradictio-

292 2455 336 2483 nis
358 2454 566 2490 complectitur,
582 2463 631 2482 seu
654 2461 695 2482 est
717 2454 809 2482 oratio
827 2451 999 2482 affirmativa
1013 2461 1063 2482 aut
1077 2454 1209 2491 negativa
1223 2454 1308 2483 unius
1323 2455 1359 2483 de

292 2495 420 2523 altero.—
430 2493 627 2522 Contradictio
642 2500 737 2522 autem
753 2501 795 2522 est
810 2493 955 2530 oppositio
971 2492 1173 2522 affirmationis
1188 2501 1216 2522 et
1230 2494 1358 2532 negatio-

293 2535 353 2569 nis,
369 2543 419 2562 seu
434 2533 589 2570 oppositio,
605 2533 685 2561 cuius
700 2543 760 2562 non
776 2540 817 2561 est
833 2533 960 2561 medium
976 2534 1142 2570 simpliciter
1157 2541 1184 2562 et
1199 2536 1359 2562 secundum

293 2575 397 2602 se.—6.
421 2573 640 2610 Principiorum,
656 2582 729 2610 quae
750 2580 935 2601 assumuntur
954 2573 984 2601 in
998 2573 1254 2609 demonstratione,
1270 2583 1358 2611 quae-

293 2615 360 2642 dam
375 2613 509 2641 dicuntur
519 2613 686 2651 positiones,
696 2622 770 2649 quae
784 2620 933 2649 ponuntur
944 2622 962 2641 a
975 2614 1192 2641 demonstrante
1206 2620 1238 2641 ut
1256 2623 1314 2651 per
1328 2623 1358 2642 se

294 2660 390 2687 notae,
412 2660 474 2681 esto
495 2660 527 2680 ut
547 2653 618 2681 tales
639 2653 695 2680 illis
716 2653 765 2689 qui
787 2653 928 2680 docentur
949 2662 1009 2681 non
1024 2659 1188 2689 appareant.
1204 2653 1269 2681 Alia
1289 2662 1358 2682 vero

293 2694 427 2721 dicuntur
441 2693 598 2731 dignitates
612 2699 640 2720 et
650 2693 866 2730 propositiones
880 2693 1036 2726 maximae,
1048 2699 1166 2729 propter
1181 2701 1282 2720 eorum
1297 2701 1359 2721 cer-

292 2733 444 2761 titudinem
454 2734 490 2761 ad
506 2733 748 2761 manifestandum
763 2732 826 2760 alia.
838 2733 949 2760 Harum
964 2732 1135 2769 dignitatum
1149 2732 1252 2760 veritas
1267 2732 1306 2761 ita
1316 2738 1360 2762 est

299 2839 329 2863 1.
360 2833 400 2867 “a-⁸
399 2839 525 2885 4551,qu
541 2825 602 2861 uia
618 2824 790 2874 superius
805 2824 1058 2873 Philosophus
1074 2823 1245 2861 dixerat·
1256 2824 1363 2873 quod
1378 2837 1382 2840 ’

351 2867 366 2922 ξ
390 2872 507 2943 'fsfsp
534 2878 813 2916 demonstratio
843 2885 898 2915 e'st
927 2889 972 2914 ex
998 2877 1130 2926 primis
1160 2885 1196 2915 et
1224 2877 1360 2915 imme-

424 2923 669 2991 ·&diatiffi
700 2940 735 2968 et
762 2932 857 2968 haec
884 2933 933 2969 ab
962 2932 1045 2980 ipso
1078 2931 1251 2969 nondum
1279 2943 1360 2969 rna·

391 2994 403 3001 “
479 2977 712 3023 ‘331nifestata
732 2994 848 3033 erant,
869 2985 955 3023 ideo
982 2985 1138 3022 intendit
1161 2984 1264 3023 ista*
1291 2997 1359 3021 no-

513 3041 561 3076 Et
580 3038 757 3077 dividitur
780 3038 818 3076 in
846 3047 971 3088 partes
999 3046 1088 3075 tres:
1105 3037 1143 3074 in
1162 3038 1285 3087 prima
1303 3038 1358 3084 **,

295 3090 455 3128 ostendit
474 3092 565 3139 quid
585 3093 629 3129 sit
647 3092 856 3141 propositio
877 3091 1114 3137 immediata;
1135 3091 1173 3128 in
1193 3090 1359 3128 secunda

294 3157 387 3180 vero
417 3146 579 3182 ostendit
606 3145 711 3194 quod
740 3153 913 3194 oporteat
939 3144 1159 3182 huiusmodi
1187 3144 1358 3194 proposi-

295 3198 415 3234 tiones
431 3209 511 3235 esse
531 3199 697 3237 notiores
718 3198 976 3244 conclusione;
997 3197 1064 3234 ibi:
1091 3198 1277 3239 Quoniam
1293 3209 1360 3234 au-

295 3256 366 3286 tem
395 3257 537 3299 oportet
551 3252 702 3288 credere
721 3257 757 3288 et
780 3252 877 3288 scire
890 3252 910 3273 '¹'
939 3258 1020 3296 etc.;
1034 3250 1079 3287 in
1098 3250 1215 3298 tertia,
1237 3251 1359 3287 exclu-

297 3303 348 3339 dit
367 3304 556 3351 quosdam
572 3317 729 3350 erroreS,
750 3305 814 3352 qui
830 3317 875 3341 ex
888 3303 1088 3354 praedictis
1117 3303 1359 3341 occasionem

296 3356 507 3404 habebant3
541 3357 612 3394 ibi:
651 3358 880 3400 Quibusdam
918 3357 1065 3406 quidem
1095 3357 1211 3407 igitur
1241 3357 1260 3378 ¹¹¹
1288 3364 1357 3394 etc.

298 3409 406 3446 Circa
433 3410 602 3458 primum
631 3411 707 3448 duo
728 3410 830 3448 facit:
860 3410 998 3459 primo,
1019 3410 1182 3448 ostendit
1204 3409 1295 3458 quid
1315 3409 1360 3447 sit

297 3462 502 3511 propositio
532 3463 771 3511 immediata3
801 3463 990 3510 secundo,
1021 3463 1153 3501 dividit
1180 3463 1303 3512 ipsam
1321 3463 1358 3509 *3

298 3514 364 3550 ibi:
385 3516 599 3553 Immediati
610 3523 734 3553 autem
744 3517 923 3564 principii
936 3516 956 3537 *²
977 3523 1045 3553 etc.
1063 3515 1173 3553 Circa
1185 3516 1358 3567 primum

297 3567 370 3602 hoe
389 3568 507 3604 modo
526 3570 707 3617 procedit.
733 3569 863 3606 Primo
885 3581 1063 3617 namque,
1081 3566 1236 3606 resumit
1255 3568 1360 3616 quod

1416 767 1433 786 *
1449 767 1506 798 Est
1529 773 1636 797 autem
1659 767 1852 807 principium
1875 769 2153 799 demonstrationis
2177 771 2355 811 propositio
2372 771 2485 802 imme-

1485 811 1583 849 diata;
1606 811 1789 842 immediata
1812 820 1919 843 autem
1943 820 1998 851 est,
2024 823 2087 853 qua
2111 824 2177 844 non
2201 821 2247 845 est
2272 815 2367 846 altera
2389 816 2485 855 prior.

1418 855 1598 896 Propositio
1622 862 1729 886 autem
1753 863 1799 887 est
1822 857 2052 888 enunciationis
2081 858 2176 888 altera
2198 869 2288 898 pars,
2321 870 2424 890 unum
2447 861 2486 891 de

1486 908 1569 939 uno;

1419 945 1578 975 dialectica
1601 944 1743 976 similiter
1771 951 1818 976 est
1840 945 1996 986 accipiens
2025 946 2214 986 quamlibet;
2240 947 2486 979 demonstrativa

1485 990 1620 1020 alterum
1643 989 1858 1028 determinate,
1883 990 2037 1030 quoniam
2060 1001 2172 1021 verum
2196 998 2251 1022 est.

1418 1034 1608 1065 Enunciatio
1631 1041 1739 1064 autem
1763 1034 2018 1065 contradictionis
2041 1035 2218 1076 quamlibet
2241 1042 2372 1076 partem.
2398 1036 2486 1067 Con-

1484 1078 1628 1109 tradictio
1658 1086 1765 1109 autem
1789 1085 1835 1109 est
1864 1079 2046 1119 oppositio,
2071 1080 2161 1110 cuius
2185 1090 2251 1111 non
2275 1087 2321 1111 est
2344 1081 2487 1112 medium

1486 1124 1663 1154 secundum
1679 1134 1711 1153 se
1730 1123 1880 1154 invenire.
1904 1124 1978 1154 Pars
1995 1130 2102 1155 autem
2122 1125 2388 1164 contradictionis,
2405 1136 2487 1166 quae

1486 1169 1616 1209 quidem
1640 1168 1760 1209 aliquid
1784 1169 1821 1199 de
1845 1169 1965 1209 aliquo,
1985 1168 2151 1200 affirmatio
2171 1176 2227 1209 est,
2242 1180 2324 1211 quae
2339 1180 2415 1201 vero
2432 1170 2486 1201 ali-

1486 1214 1563 1254 quid
1586 1214 1624 1243 ab
1649 1213 1768 1254 aliquo,
1793 1213 1918 1253 negatio
1943 1220 1998 1244 est.

1420 1258 1596 1288 Immediati
1620 1265 1727 1288 autern
1750 1258 1895 1298 principii
1919 1258 2113 1299 syllogistici,
2137 1258 2331 1299 positionem
2355 1259 2487 1300 quidem

1487 1303 1569 1341 dico,
1593 1313 1692 1343 quam
1715 1312 1781 1332 non
1805 1310 1851 1334 est
1865 1303 2090 1341 demonstrare,
2107 1313 2210 1344 neque
2230 1310 2276 1334 est
2292 1313 2418 1334 necesse
2432 1304 2486 1334 ha-

1485 1348 1557 1377 bere
1581 1347 1763 1378 docendum
1793 1348 1947 1389 aliquem;
1981 1358 2079 1389 quam
2102 1357 2177 1378 vero
2210 1358 2335 1379 necesse
2363 1355 2410 1379 est
2432 1348 2486 1379 ha-

1485 1393 1557 1422 bere
1590 1392 1771 1423 docendum
1799 1393 1991 1433 quemlibet,
2020 1392 2205 1432 dignitatem
2235 1393 2285 1423 vel
2314 1393 2487 1423 maximam

1485 1437 1754 1477 propositionem;
1787 1444 1862 1467 sunt
1891 1437 1976 1468 enirn
2006 1438 2163 1478 quaedam
2191 1438 2393 1476 huiusmodi;
2424 1438 2487 1469 hoc

1485 1481 1571 1512 enim
1595 1481 1730 1512 maxime
1753 1481 1786 1511 in
1810 1481 2032 1512 huiuscemodi
2054 1492 2174 1513 nomen
2198 1482 2422 1522 consuevimus
2439 1482 2485 1513 di-

1485 1535 1564 1556 cere.

1418 1570 1588 1601 Positionis
1612 1577 1730 1609 autem,
1745 1580 1827 1611 quae
1851 1577 1897 1601 est
1912 1571 2087 1611 quamlibet
2101 1571 2239 1611 partium
2256 1571 2486 1602 enunciationis

1485 1615 1650 1655 accipiens,
1674 1622 1711 1645 ut
1734 1615 1805 1645 dico
1829 1615 1948 1656 aliquid
1965 1625 2032 1645 esse
2051 1622 2107 1646 aut
2125 1626 2191 1656 non
2208 1626 2286 1655 esse,
2304 1615 2484 1656 suppositio

1484 1659 1615 1701 quidem
1635 1667 1696 1698 est;
1721 1669 1802 1701 quae
1821 1670 1896 1690 vero
1917 1659 1983 1690 sine
2002 1659 2075 1699 hoc,
2095 1659 2237 1691 definitio
2257 1667 2313 1691 est.
2331 1659 2482 1692 Definitio

1483 1704 1570 1735 enim
1585 1705 1742 1745 quaedam
1758 1711 1805 1735 est
1819 1704 1953 1745 positio,
1978 1705 2069 1745 ponit
2083 1705 2168 1735 enim
2184 1705 2399 1737 arithmeticus
2416 1704 2486 1735 uni—

1482 1756 1580 1780 tatem
1602 1749 1790 1780 indivisibile
1814 1759 1881 1780 esse
1904 1750 2081 1780 secundum
2109 1750 2334 1790 quantitatem;
2366 1759 2485 1790 suppo-

1483 1793 1554 1824 sitio
1578 1801 1685 1825 autem
1709 1804 1775 1824 non
1799 1801 1855 1832 est,
1879 1794 1911 1824 id
1935 1793 2031 1833 enim,
2056 1794 2144 1835 quod
2168 1794 2246 1836 quid
2269 1801 2315 1825 est
2331 1795 2435 1826 unitas
2456 1800 2488 1825 et

1483 1849 1548 1869 esse
1574 1838 1738 1878 unitatem,
1763 1848 1829 1869 non
1853 1837 1939 1869 idem
1963 1845 2018 1869 est.

1415 1933 1551 1962 omnibus
1572 1943 1624 1970 per
1638 1942 1668 1962 se
1682 1941 1761 1969 nota,
1776 1940 1808 1962 ut
1822 1934 1916 1962 nullus
1935 1934 2112 1963 contrarium
2127 1935 2243 1963 credere
2265 1940 2361 1974 mente
2382 1934 2484 1972 possit,

1415 1973 1466 2001 etsi
1482 1982 1532 2002 ore
1546 1973 1689 2010 proferat;
1704 1982 1811 2011 easque
1825 1983 1942 2003 necesse
1956 1981 1998 2003 est
2012 1975 2118 2003 habere
2133 1974 2163 2003 in
2178 1981 2274 2003 mente
2284 1980 2312 2003 et
2321 1983 2403 2005 veras
2417 1974 2484 2003 reti-

1414 2022 1492 2048 nere,
1513 2013 1563 2050 qui
1584 2013 1682 2042 doceri
1704 2014 1866 2051 debet.-7.
1881 2014 2048 2043 Declaratur
2073 2014 2165 2052 magis
2193 2015 2264 2043 haec
2292 2014 2424 2043 doctrina
2451 2023 2486 2043 ex

1413 2053 1582 2083 definitione
1596 2053 1805 2090 propositionis
1819 2063 1871 2090 per
1884 2063 1914 2082 se
1929 2061 2025 2090 notae,
2033 2063 2108 2091 quae
2122 2061 2166 2082 est
2179 2053 2228 2083 illa
2241 2054 2323 2083 cuius
2337 2054 2485 2091 praedica·-

1413 2100 1476 2122 tum
1491 2099 1534 2122 est
1547 2094 1583 2122 de
1598 2093 1661 2130 ipsa
1674 2093 1786 2122 ratione
1800 2103 1852 2122 seu
1866 2094 1988 2122 essentia
2002 2094 2130 2122 subiecti.
2145 2093 2220 2123 Hinc
2235 2093 2337 2122 divisio
2351 2093 2485 2131 proposi-

1413 2132 1500 2161 tionis
1522 2142 1574 2170 per
1587 2142 1618 2162 se
1632 2140 1729 2168 notae,
1745 2133 1775 2161 in
1789 2143 1841 2170 per
1854 2143 1884 2162 se
1900 2140 2001 2162 notam
2022 2134 2117 2171 quoad
2129 2143 2171 2168 se,
2186 2140 2215 2162 et
2228 2133 2258 2162 in
2272 2143 2325 2171 per
2338 2142 2369 2162 se
2383 2139 2485 2162 notam

1414 2173 1500 2201 etiam
1511 2173 1606 2211 quoad
1620 2182 1680 2201 nos.
1692 2173 1789 2202 Prima
1798 2183 1832 2202 ex
1847 2183 1883 2202 eo
1898 2173 2064 2210 simpliciter
2077 2173 2180 2202 dicitur
2189 2174 2270 2211 quod
2286 2172 2486 2211 praedicatum

1414 2219 1458 2241 est
1471 2214 1508 2241 de
1522 2213 1634 2241 ratione
1647 2213 1782 2248 subiecti3
1804 2214 1893 2242 altera
1912 2213 2016 2242 dicitur
2035 2220 2167 2250 respectu
2181 2213 2256 2242 illius
2270 2213 2321 2251 qui
2335 2213 2486 2251 cognoscit

1413 2253 1611 2290 praedicatum
1626 2262 1688 2281 esse
1702 2254 1739 2281 de
1762 2253 1874 2282 ratione
1895 2253 2024 2282 subiecti.
2034 2268 2056 2275 -
2065 2255 2142 2290 Ergo
2156 2253 2315 2292 dignitates
2329 2260 2396 2281 sunt
2415 2263 2485 2290 pro-

1414 2293 1573 2329 positiones
1588 2302 1639 2329 per
1660 2302 1690 2321 se
1712 2299 1799 2322 notae
1823 2303 1883 2322 non
1907 2294 2000 2322 solum
2024 2294 2122 2331 quoad
2144 2302 2182 2328 se,
2205 2293 2256 2322 sed
2277 2293 2364 2322 etiam
2386 2294 2485 2330 quoad

1414 2342 1533 2368 omnes;
1555 2339 1584 2361 et
1597 2333 1812 2370 distinguuntur
1825 2343 1843 2362 a
1853 2333 2045 2372 positionibus
2059 2342 2134 2370 quae
2148 2337 2215 2361 sunt
2234 2333 2375 2370 principia
2389 2342 2441 2370 per
2454 2342 2486 2362 se

1413 2379 1484 2401 nota
1495 2373 1669 2410 quibusdam
1679 2379 1802 2408 tantum,
1813 2380 1841 2401 et
1855 2383 1872 2402 a
1886 2373 2129 2412 suppositionibus
2138 2382 2213 2410 quae
2227 2379 2295 2401 sunt
2308 2373 2485 2410 propositio-

1413 2422 1464 2440 nes
1479 2412 1663 2441 immediatae
1678 2413 1802 2448 relative,
1817 2422 1922 2450 nempe
1937 2419 2068 2450 respectu
2082 2413 2202 2442 alicuius
2217 2412 2351 2442 scientiae
2366 2412 2484 2442 inferio-

1414 2452 1462 2487 ris,
1478 2453 1528 2480 sed
1543 2462 1617 2490 quae
1639 2459 1706 2482 sunt
1723 2453 1865 2482 mediatae
1887 2459 1915 2481 et
1935 2454 2075 2490 probatae
2089 2453 2119 2481 in
2140 2452 2196 2482 alia
2217 2452 2343 2482 scientia.
2353 2453 2412 2481 -8.
2427 2453 2485 2482 Po-

1414 2492 1552 2520 sitionum
1572 2501 1651 2527 vero,
1666 2499 1753 2529 prout
1774 2499 1841 2521 sunt
1858 2493 2007 2531 principia
2028 2492 2185 2530 syllogismi
2205 2493 2301 2528 (num.
2317 2494 2398 2530 seq),
2420 2492 2484 2521 illae

1414 2531 1548 2560 dicuntur
1567 2533 1786 2570 suppositiones,
1802 2542 1876 2569 quae
1891 2532 2052 2570 significant
2073 2542 2135 2560 esse
2149 2532 2194 2560 vel
2207 2541 2269 2561 non
2284 2541 2355 2567 esse,
2371 2541 2422 2560 seu
2435 2541 2484 2560 ve-

1414 2581 1479 2599 rum
1489 2572 1533 2599 vel
1547 2572 1666 2607 falsum;
1681 2572 1746 2600 illae
1755 2581 1824 2600 vero
1835 2573 1969 2600 dicuntur
1982 2572 2148 2609 simpliciter
2153 2572 2322 2610 positiones,
2333 2580 2408 2609 quae
2422 2581 2484 2600 non

1414 2611 1574 2648 significant
1595 2621 1658 2639 esse
1672 2612 1716 2639 vel
1735 2621 1791 2640 non
1806 2621 1878 2646 esse,
1894 2621 1944 2640 seu
1965 2621 2026 2640 non
2047 2618 2114 2640 sunt
2134 2611 2349 2648 propositiones
2365 2611 2483 2648 proprie

1414 2651 1515 2686 dictae,
1531 2660 1655 2687 quarum
1676 2651 1826 2687 proprium
1842 2658 1884 2679 est
1899 2651 2058 2688 significare
2081 2659 2144 2679 esse
2158 2651 2202 2679 vel
2223 2660 2284 2679 non
2305 2660 2376 2679 esse.
2386 2666 2408 2673 —
2421 2651 2482 2679 Hu-

1413 2690 1539 2718 iusmodi
1561 2697 1628 2718 sunt
1648 2691 1907 2728 definitiones—9.
1929 2691 2056 2719 Solvitur
2077 2690 2331 2719 obiectio.-Licet
2352 2690 2482 2719 definitio

1413 2730 1443 2758 in
1464 2739 1494 2758 se
1512 2739 1573 2758 non
1594 2729 1629 2758 sit
1650 2730 1811 2767 propositio
1834 2730 1863 2758 in
1884 2737 1958 2766 actu,
1974 2737 2016 2759 est
2037 2737 2134 2759 tamen
2153 2730 2255 2759 virtute
2270 2730 2440 2768 propositio.

1414 2832 1530 2875 supra
1549 2824 1693 2862 dictum
1722 2826 1802 2860 erat
1818 2824 1848 2871 ²⁸¹,
1870 2823 2008 2860 scilicet
2035 2823 2139 2872 quod
2158 2823 2387 2873 principium
2417 2823 2480 2862 de·
2508 2835 2518 2844 ·

1416 2877 1699 2916 monstrationis
1728 2877 1774 2914 sit
1800 2876 2009 2926 propositio
2028 2876 2267 2914 immediata:
2296 2889 2389 2915 nam
2409 2878 2480 2915 et·

1415 2942 1529 2982 supra
1558 2931 1701 2968 dixerat
1723 2930 1828 2979 quod
1852 2930 2124 2968 demonstratio
2145 2938 2200 2967 est
2228 2942 2274 2967 ex
2291 2930 2425 2980 primis
2444 2937 2483 2968 et

1413 2983 1641 3021 immediatis
1660 2985 1690 3021 *.

1469 3049 1504 3074 2.
1526 3037 1723 3084 Secundo,
1744 3036 1813 3073 ibi:
1839 3036 2063 3074 Immediata
2088 3042 2214 3074 autem
2240 3044 2323 3083 etc„
2349 3036 2482 3074 definit

1414 3090 1669 3129 immediatam
1695 3089 2013 3139 propositionem,
2041 3097 2079 3127 et
2103 3089 2192 3127 dicit
2216 3089 2322 3138 quod
2345 3089 2481 3127 imm&

1415 3142 1514 3180 diata
1528 3143 1738 3193 propositio
1755 3150 1810 3180 est
1824 3155 1899 3191 qua
1915 3155 1993 3180 non
2009 3150 2064 3180 est
2078 3143 2192 3180 altera
2204 3143 2224 3162 ’
2235 3142 2348 3192 prior.
2362 3142 2480 3182 Cuius
2505 3149 2517 3161 ²

1414 3196 1571 3245 quidem
1591 3196 1857 3246 notificationis
1877 3195 1970 3233 ratio
1991 3208 2037 3233 ex
2054 3195 2254 3246 praedictis
2274 3203 2431 3246 apparet
2445 3195 2477 3232 θ.
2505 3203 2515 3212 ’

1413 3249 1567 3287 Dictum
1597 3258 1652 3287 est
1683 3249 1787 3286 enim
1815 3262 1929 3298 supra
1949 3249 1970 3269 *³
1998 3249 2102 3298 quod
2132 3249 2405 3286 demonstratio
2424 3255 2481 3286 est
2505 3263 2517 3276 ·

1413 3315 1459 3340 ex
1486 3302 1686 3352 prioribus.
1712 3302 2032 3351 Quandocunque
2054 3301 2169 3350 'igitur
2186 3301 2312 3351 aliqua
2337 3313 2478 3352 propo-

1413 3355 1496 3393 sitio
1526 3364 1582 3393 est
1609 3355 1786 3402 mediata,
1807 3355 1904 3393 idest
1930 3355 2076 3392 habens
2099 3355 2263 3392 medium
2281 3366 2352 3405 per
2373 3353 2478 3403 quod

1414 3409 1694 3446 demonstretur
1709 3409 1730 3431 ¹¹
1755 3408 2016 3499 fflegicatum
2045 3407 2092 3447 de
2117 3407 2300 3455 subiecto,
2329 3413 2479 3456 oportet
2504 3417 2513 3425 ·

1413 3461 1518 3511 quod
1537 3462 1682 3512 priores
1711 3473 1757 3500 ea
1784 3473 1842 3499 sm
1883 3461 2162 3511 propositiones
2183 3472 2228 3498 ex
2256 3459 2394 3509 quibus
2413 3459 2477 3497 de-

1414 3523 1664 3554 monstratur:
1698 3527 1789 3552 nam
1826 3514 2087 3564 praedicatum
2121 3511 2371 3551 conclusionis
2407 3524 2478 3562 per

1412 3568 1516 3618 prius
1544 3568 1640 3605 inest
1666 3568 1788 3605 medio
1816 3579 1934 3616 quam
1969 3567 2151 3611 subiecto,·
2179 3565 2238 3602 cui
2267 3564 2381 3602 etiam
2407 3577 2477 3614 per

2514 773 2655 828 :rgaspscap
2665 779 2681 795 n
2688 789 2694 800 ‚
2705 777 2728 795 et
