2788 4204
1297 359 1483 410 DIVI

464 538 1227 649 THOMAE
1330 541 2318 678 AQUINATIS

927 777 1023 841 IN
1074 777 1448 842 PRIMUM
1497 778 1854 844 LIBRUM

706 963 1137 1001 POSTERIORUM
1171 963 1648 1001 ANALYTICORUM
1680 966 2071 1004 ARISTOTELIS

1227 1111 1546 1152 EXPOSITIO

1136 1266 1671 1293 ——a—»e-ss—

1047 1415 1389 1471 LECTIO
1435 1416 1728 1472 PRIMA

1257 1570 1518 1602 PROOEMIUM

510 1840 594 1880 DE
626 1840 1047 1881 NECESSITATE
1078 1841 1634 1882 PRAECOGNITIONIS
1668 1841 1729 1881 IN
1764 1841 1915 1882 OMNI
1948 1841 2263 1883 DOCTRINA

914 1920 994 1959 ET
1027 1919 1366 1960 DISCIPLINA
1401 1920 1854 1961 INTELLECTIVA

286 2070 385 2102 Πᾶσα
401 2063 610 2100 διδασκαλία
626 2070 684 2100 καὶ
703 2070 800 2102 πᾶσα
817 2068 959 2113 μάθησις
977 2064 1180 2107 διανοητικὴ
1198 2071 1235 2102 ἐκ
1253 2083 1277 2102 π
1300 2071 1354 2102 οὔ-

356 2113 552 2159 παρχούσςης
577 2115 709 2159 γίνεται
734 2113 896 2160 γνώσεως.
923 2114 1071 2159 Φανερόν
1089 2110 1126 2146 δὲ
1143 2116 1248 2147 τοῦτο
1295 2127 1356 2146 εω-

354 2159 464 2203 ροῦσιν
490 2158 546 2190 ἐπὶ
571 2159 702 2190 πασῶν·

287 2202 322 2236 α’(
348 2215 386 2235 τε
410 2203 475 2248 γαρ
501 2201 740 2247 μαθηματικαὶ
765 2203 831 2234 τῶν
855 2203 1049 2247 ἐπιστημῶν
1066 2198 1126 2235 διαὶ
1146 2202 1271 2236 τούτου
1292 2204 1355 2236 τοῦ

353 2246 481 2292 τρόπου
507 2250 758 2293 παραγίνονται
775 2248 832 2279 καὶ
850 2248 916 2279 τῶν
935 2247 1044 2279 ἄλλων
1063 2246 1191 2285 ἑκάστη
1210 2249 1350 2292 τεχνῶν.

283 2293 423 2335 Ὁμοίως
447 2287 485 2324 δὲ
509 2293 568 2324 καὶ
594 2294 666 2336 περὶ.
693 2291 772 2329 τούς
796 2290 916 2337 λόγους
943 2291 972 2323 οἵ
990 2304 1028 2323 τε
1045 2286 1105 2324 διαὶ
1120 2293 1352 2338 συλλογισμῶν

352 2337 410 2368 καὶ
429 2338 458 2368 οἱ
475 2331 513 2367 δι’
543 2337 739 2382 ἐπαγωγῆς·
769 2335 951 2381 ἀμφότεροι
969 2337 1033 2382 γοίρ
1051 2331 1110 2368 διαὶ
1127 2348 1352 2382 προγινωσκο-

354 2379 459 2424 μένων
485 2381 666 2413 ποιοῦνται
692 2380 755 2417 τήν
773 2375 1013 2421 διδασκαλίαν,
1033 2383 1062 2412 οἱ
1080 2381 1139 2425 μὲν
1161 2380 1351 2425 λαμβάνον-

354 2437 410 2463 τες
434 2426 476 2462 ὠς
502 2425 597 2469 παραὶ
620 2424 810 2466 ξυνιέντων,
838 2427 867 2457 οἱ
884 2420 922 2457 δὲ
940 2420 1128 2462 δεικνύντες
1146 2426 1187 2458 τὸ
1204 2424 1350 2457 καθόλου

242 2507 247 2513 .
353 2464 413 2501 διὰ
436 2469 499 2501 τοῦ
523 2464 627 2507 δῆλον
654 2466 739 2501 εἶναι
764 2470 805 2502 τὸ
829 2468 899 2501 καθ’
930 2468 1086 2502 ἕκαστον.

283 2513 335 2551 Ὠς
360 2508 387 2545 δ’
416 2512 528 2552 αὕτως
553 2515 611 2546 καὶ
637 2516 665 2546 οἱ
690 2515 859 2559 ρητορικοὶ
885 2512 1132 2558 συμπείθουσιν·
1160 2513 1180 2550 ἦ
1205 2513 1270 2560 γαῖρ
1293 2509 1353 2546 δια

353 2552 659 2604 παραδειγμάτων,
673 2557 689 2591 ὅ
702 2559 792 2591 ἐστιν
808 2558 987 2604 ἐπαγωγή,
1002 2557 1024 2595 ἦ
1038 2553 1075 2590 δι’
1093 2557 1348 2603 ἐνθυμημάτων,

355 2601 435 2647 ὅπερ
461 2603 533 2635 ἐστὶ
559 2602 794 2649 συλλογισμός.

347 2710 496 2738 Smops1s.
509 2725 544 2730 -
561 2718 584 2737 1.
606 2710 662 2737 Ars
684 2715 727 2737 est
747 2715 825 2738 certa
841 2709 986 2737 ordinatio
1001 2709 1121 2737 rationis
1135 2710 1286 2746 quomodo
1301 2718 1352 2745 per

286 2748 477 2778 determinata
497 2749 594 2777 media
614 2750 652 2777 ad
673 2748 802 2777 debitum
823 2749 911 2777 finem
933 2755 1013 2777 actus
1033 2748 1154 2777 humani
1174 2748 1350 2785 perveniant.

286 2788 369 2818 Ratio
390 2795 488 2817 autem
509 2798 571 2817 non
585 2789 680 2817 solum
695 2788 817 2826 dirigere
832 2795 927 2826 potest
941 2788 1108 2817 inferiorum
1122 2788 1247 2825 partium
1261 2794 1350 2824 actus,

286 2828 348 2864 sed,
363 2828 431 2866 quia
451 2829 482 2857 in
496 2838 526 2857 se
540 2829 696 2857 reflectitur
710 2835 739 2857 et
753 2830 789 2857 de
804 2838 857 2857 sua
870 2828 984 2857 actione
998 2828 1194 2864 ratiocinatur,
1208 2835 1251 2856 est
1264 2828 1351 2857 etiam

285 2874 366 2896 actus
387 2867 431 2896 sui
445 2868 590 2897 directiva.
605 2870 682 2906 Ergo
697 2869 770 2897 sicut
784 2878 830 2897 ars
844 2868 1005 2897 necessaria
1019 2875 1061 2896 est
1081 2869 1118 2896 ad
1133 2868 1261 2897 actiones
1282 2868 1350 2896 alia-

285 2917 351 2936 rum
364 2907 533 2938 facultatum
547 2908 600 2937 rite
614 2909 802 2944 exercendas;
818 2908 857 2937 ita
870 2908 958 2937 etiam
971 2908 1132 2937 necessaria
1146 2915 1189 2936 est
1202 2918 1248 2936 ars
1263 2917 1351 2945 quae-

286 2947 354 2975 dam
367 2956 420 2984 per
440 2957 529 2985 quam
550 2949 641 2976 horno
662 2948 693 2976 in
713 2948 777 2985 ipso
799 2955 865 2977 actu
885 2948 1005 2976 rationis
1022 2948 1163 2983 ordinate,
1185 2947 1303 2976 faciliter
1323 2954 1351 2976 et

286 2986 348 3014 sine
369 2996 466 3016 errore
486 2989 633 3024 procedat.
648 3005 668 3009 -
683 2995 709 3016 2.
724 2989 780 3016 Ars
801 2988 855 3016 ista
876 2994 919 3016 est
932 2988 1054 3026 Logica,
1073 2997 1178 3024 nempe
1200 2988 1352 3016 rationalis

286 3026 418 3054 scientia:
441 3027 593 3055 rationalis
610 3027 730 3064 quidem
751 3037 812 3055 non
833 3028 928 3055 solum
943 3027 1011 3064 quia
1025 3034 1067 3055 est
1088 3029 1247 3056 secundum
1262 3028 1351 3056 ratio-

286 3075 361 3099 nm,
383 3066 434 3094 sed
454 3066 540 3094 etiam
562 3066 630 3103 quia
650 3073 693 3095 est
713 3067 788 3095 circa
809 3067 903 3104 ipsum
924 3073 1020 3095 actum
1040 3067 1170 3102 rationis,
1190 3067 1263 3096 sicut
1277 3068 1352 3096 circa

285 3105 435 3142 propriam
454 3106 676 3134 materiam—3.
692 3108 759 3135 Duo
774 3107 942 3135 corollaria:
963 3111 1012 3142 1¹¹¹,
1027 3108 1104 3144 Ergo
1126 3107 1234 3145 Logica
1247 3114 1290 3135 est
1304 3117 1351 3136 ars

285 3144 401 3181 artium,
415 3145 484 3182 quia
504 3145 535 3174 in
554 3152 620 3174 actu
641 3146 760 3175 rationis
781 3156 836 3175 nos
857 3146 951 3183 dirigit
964 3156 982 3175 a
996 3156 1055 3184 quo
1077 3156 1180 3175 omnes
1194 3154 1268 3175 artes
1281 3157 1350 3184 pro-

286 3185 407 3220 cedunt3
423 3189 481 3220 2¹¹¹,
503 3187 581 3223 Ergo
596 3195 630 3214 ex
645 3185 806 3214 diversitate
823 3192 940 3214 actuum
954 3186 1073 3215 rationis
1087 3187 1270 3223 accipiendae
1285 3194 1351 3215 sunt

284 3231 380 3261 partes
395 3225 528 3262 Logicae.
539 3234 595 3260 —4.
612 3227 648 3253 Et
661 3225 730 3262 quia
750 3232 807 3254 tres
828 3232 894 3254 sunt
909 3232 990 3254 actus
1008 3226 1137 3262 rationis,
1152 3227 1280 3264 simplex
1299 3235 1350 3264 ap-

281 3265 450 3303 prehensio,
473 3265 610 3293 iudicium
631 3271 659 3293 et
679 3266 880 3300 ratiocinium,·
898 3272 955 3294 tres
969 3266 1056 3294 etiam
1070 3266 1241 3303 principales
1255 3273 1350 3303 partes

286 3304 410 3341 Logicae
424 3304 613 3342 assignantur.
625 3322 644 3326 -
657 3305 682 3333 5.
693 3306 782 3333 Actus
803 3305 922 3334 rationis
943 3312 1010 3334 sunt
1025 3306 1141 3341 similes,
1156 3312 1298 3343 quantum
1313 3307 1350 3334 ad

285 3344 402 3381 aliquid,
425 3344 534 3372 actibus
555 3350 688 3372 naturae:
704 3354 778 3382 quae
799 3345 829 3373 in
850 3345 1024 3382 quibusdam
1045 3355 1079 3374 ex
1099 3345 1267 3374 necessitate
1282 3346 1349 3383 agit,

285 3384 324 3412 ita
339 3384 420 3421 quod
440 3393 501 3412 non
520 3390 615 3421 potest
636 3384 770 3420 deficere;
792 3384 822 3412 in
843 3385 1017 3422 quibusdam
1037 3394 1106 3413 vero
1126 3391 1159 3413 ut
1172 3385 1349 3422 frequentius

285 3430 435 3460 operatur,
458 3423 523 3452 licet
543 3425 720 3461 quandoque
741 3424 855 3453 deficiat
874 3434 892 3453 a
911 3424 1030 3461 proprio
1052 3431 1125 3453 actu.
1141 3440 1160 3446 ω
1173 3426 1250 3462 Ergo
1271 3424 1349 3453 idem

284 3463 503 3500 proportionate
525 3469 567 3492 est
589 3463 743 3492 dicendum
764 3464 800 3492 de
821 3464 942 3499 ratione,
958 3473 1041 3501 quae,
1055 3464 1100 3492 vel
1117 3474 1173 3492 non
1189 3470 1287 3502 potest
1300 3465 1349 3493 de-

276 3503 374 3542 ficere
388 3513 405 3532 a
418 3503 544 3538 veritate,
566 3503 610 3531 vel
627 3509 724 3541 potest
744 3503 879 3542 deficere,
893 3503 959 3532 licet
975 3513 1041 3532 raro
1055 3503 1178 3539 deficiat,
1193 3504 1237 3532 vel
1251 3514 1350 3533 revera

285 3543 390 3581 deficit.
406 3561 424 3565 -
440 3544 467 3571 6.
482 3543 558 3572 Hinc
580 3543 737 3571 subdivisio
758 3543 857 3571 tertiae
877 3543 966 3579 partis
987 3543 1125 3580 Logicae:
1148 3553 1215 3572 nam
1236 3550 1349 3580 praeter

284 3589 454 3618 tractatum,
484 3583 534 3620 qui
560 3589 602 3611 est
627 3583 663 3611 de
691 3583 858 3620 syllogismo
886 3582 916 3610 in
943 3592 1062 3620 genere,
1089 3589 1117 3611 et
1144 3583 1193 3620 qui
1214 3585 1268 3612 sub
1296 3593 1349 3612 no-

285 3622 363 3651 mine
388 3623 526 3651 Priorum
548 3623 765 3661 analyticorum
787 3629 950 3651 recensetur
970 3622 1000 3651 in
1017 3623 1093 3659 Opp.
1107 3623 1277 3659 Aristotelis,
1292 3630 1349 3652 tres

426 3682 495 3714 Opp.
515 3682 545 3706 D.
561 3682 674 3706 Tamum:
693 3681 725 3706 Τ.
745 3682 761 3706 I.

1412 2070 1427 2087 *
1442 2072 1558 2104 Omnis
1578 2073 1721 2104 doctrina
1735 2080 1766 2104 et
1782 2073 1887 2104 omnis
1908 2073 2071 2113 disciplina
2089 2074 2275 2105 intellectiva
2293 2085 2329 2105 ex
2339 2076 2474 2116 praeexi-
2502 2089 2510 2096 ·
2529 2088 2585 2115 Cap.
2600 2094 2615 2109 1.

1478 2117 1570 2148 stenti
1586 2116 1622 2148 fit
1640 2117 1832 2157 cognitione.
1853 2117 2058 2148 Manifestum
2082 2125 2127 2149 est
2145 2125 2251 2149 autem
2277 2119 2339 2150 hoc
2365 2129 2474 2160 specu·
2502 2114 2570 2135 Tm·
2586 2120 2671 2135 comm.
2683 2121 2698 2136 ¹·

1476 2161 1614 2192 lantibus
1637 2162 1670 2192 in
1694 2169 1823 2192 omnes:

1411 2205 1648 2236 mathematicae
1677 2206 1763 2236 enim
1791 2205 1936 2236 scientiae
1965 2216 2021 2246 per
2046 2206 2131 2237 hunc
2159 2207 2296 2237 modum
2323 2206 2419 2246 fiunt,
2444 2215 2474 2239 et

1476 2250 1609 2280 aliarum
1632 2259 1842 2290 unaquaeque
1865 2249 1990 2280 artium.

1409 2294 1558 2325 Similiter
1587 2301 1694 2324 autem
1724 2301 1755 2324 et
1778 2294 1857 2324 circa
1880 2293 2058 2333 orationes,
2083 2304 2164 2335 quae
2193 2305 2249 2335 per
2271 2295 2472 2336 syllogismos

1476 2345 1507 2368 et
1522 2348 1603 2378 quae
1619 2348 1675 2378 per
1690 2338 1926 2368 inductionem:
1943 2345 2094 2379 utraeque
2109 2339 2194 2368 enim
2209 2349 2265 2379 per
2286 2340 2372 2380 prius
2396 2347 2473 2371 nota

1475 2382 1594 2413 faciunt
1617 2382 1808 2421 doctrinam;
1832 2382 1890 2412 hae
1914 2382 2044 2422 quidem
2072 2383 2257 2423 accipientes
2280 2390 2432 2425 tanquam
2455 2395 2474 2415 a

1474 2427 1575 2464 notis;
1600 2426 1671 2456 illae
1693 2436 1769 2457 vero
1792 2427 2042 2458 demonstrantes
2066 2427 2240 2458 universale
2258 2438 2314 2468 per
2329 2428 2362 2458 id
2384 2429 2473 2469 quod

1474 2470 1680 2502 manifestum
1704 2477 1750 2501 est
1773 2470 1939 2510 singulare.

1407 2515 1556 2546 Similiter
1584 2521 1691 2546 autem
1721 2521 1752 2545 et
1779 2514 1950 2545 rhetoricae
1980 2515 2187 2555 persuadent;
2220 2521 2274 2546 aut
2302 2515 2386 2546 enirn
2418 2526 2474 2556 per

1474 2559 1632 2599 exempla,
1656 2559 1744 2600 quod
1768 2566 1814 2590 est
1837 2559 1992 2598 inductio,
2007 2566 2062 2590 aut
2084 2569 2140 2599 per
2155 2559 2368 2601 enthymema,
2385 2561 2473 2601 quod

1473 2610 1519 2634 est
1542 2603 1755 2644 syllogismus.
1798 2636 1802 2639 ,

1407 2708 1480 2737 aliae
1501 2714 1595 2745 partes
1614 2715 1812 2744 numerantur,
1827 2718 1902 2746 quae
1916 2715 1983 2737 sunt
2001 2709 2170 2737 Posteriora
2189 2709 2347 2747 analytica,
2368 2709 2473 2747 Topica

1407 2757 1458 2776 seu
1474 2748 1650 2783 Dialectica‚
1673 2755 1701 2776 et
1715 2749 1886 2787 Sophistica.
1909 2749 2005 2777 Prima
2026 2755 2068 2776 est
2088 2749 2125 2776 de
2146 2749 2312 2785 syllogismo
2327 2755 2406 2776 certo
2421 2758 2473 2777 seu

1407 2788 1651 2823 demonstrativo;
1673 2789 1762 2817 altera
1782 2789 1819 2816 de
1840 2789 2007 2826 syllogismo
2028 2788 2125 2824 topico
2147 2797 2198 2816 seu
2218 2788 2375 2824 probabili;
2390 2789 2473 2816 tertia

1407 2828 1532 2865 denique
1546 2829 1583 2856 de
1604 2828 1771 2865 syllogismo
1793 2828 1950 2865 sophistico
1974 2838 2025 2856 seu
2039 2828 2139 2856 fallaci.
2155 2845 2174 2849 -
2189 2829 2248 2855 Sub
2269 2828 2374 2865 Topica
2394 2828 2471 2856 ordi-

1406 2874 1513 2896 nantur
1533 2869 1691 2896 Rhetorica
1712 2875 1741 2896 ct
1762 2869 1887 2896 Poetica.
1899 2885 1918 2890 -
1933 2878 1959 2905 7.
1982 2869 2012 2896 In
2034 2868 2090 2896 hoc
2110 2874 2231 2895 tractatu
2254 2877 2350 2895 sermo
2372 2874 2413 2895 est
2434 2869 2470 2895 de

1406 2908 1500 2944 prima
1521 2914 1610 2944 parte,
1633 2917 1684 2936 seu
1705 2909 1741 2936 de
1763 2908 1919 2936 indicativa
1940 2917 2014 2945 quae
2029 2914 2071 2935 est
2092 2907 2242 2935 Posterior
2262 2907 2425 2945 analytica.-
2442 2913 2471 2935 et

1407 2948 1543 2976 dividitur
1555 2954 1692 2976 tractatus
1706 2948 1736 2976 In
1751 2949 1826 2976 duos
1836 2948 1934 2976 libros:
1950 2957 2075 2984 quorum
2085 2946 2195 2983 primus
2205 2953 2247 2974 est
2257 2947 2293 2974 de
2303 2946 2470 2983 syllogismo

1408 2987 1649 3023 demonstrativo;
1671 2988 1742 3016 alter
1762 2997 1831 3016 vero
1852 2988 1888 3015 de
1909 2987 2055 3024 principiis
2076 2986 2136 3015 eius
2151 2987 2205 3022 (Cf.
2220 2987 2282 3014 lect.
2298 2986 2471 3021 tv).—Liber

1406 3028 1517 3064 primus
1538 3028 1610 3056 duas
1632 3027 1761 3056 continet
1786 3034 1894 3064 partes:
1917 3027 1946 3055 in
1967 3027 2075 3063 prima,
2098 3035 2172 3063 quae
2199 3032 2241 3054 est
2269 3026 2469 3062 praeambula,

1405 3067 1567 3096 ostenditur
1588 3067 1741 3095 necessitas
1762 3067 1920 3104 syllogismi
1941 3065 2169 3101 demonstrativi;
2191 3065 2221 3093 in
2241 3065 2330 3093 altera
2349 3066 2385 3093 de
2405 3065 2470 3102 ipso

1406 3107 1574 3145 syllogismo
1589 3107 1766 3135 disseritur.—
1777 3108 1803 3135 8.
1819 3106 1896 3134 Finis
1911 3105 2163 3134 demonstrationis
2174 3111 2216 3133 est
2226 3105 2359 3133 scientiae
2370 3105 2467 3142 acqui-

1406 3147 1485 3182 siti03
1508 3156 1576 3184 ergo
1598 3147 1752 3175 necessitas
1780 3146 1937 3183 syllogismi
1965 3144 2180 3174 demonstrativi
2207 3145 2362 3181 repetenda
2389 3151 2432 3172 est
2452 3154 2470 3173 a

1406 3187 1595 3224 possibilitate
1617 3193 1644 3215 et
1658 3186 1825 3215 necessitate
1840 3186 1869 3213 in
1883 3185 1968 3214 nobis
1989 3184 2154 3222 acquirendi
2175 3184 2322 3212 scientiam
2343 3193 2395 3220 per
2413 3184 2469 3221 syl-

1405 3227 1560 3264 logismum
1581 3227 1626 3254 vel
1646 3232 1857 3263 argumentum.
1879 3225 2006 3253 Platonis
2026 3231 2053 3253 et
2066 3224 2231 3252 Aristotelis
2245 3223 2401 3252 sententiae
2416 3233 2468 3260 op-

1405 3267 1526 3303 positae.
1538 3283 1557 3287 —
1569 3276 1596 3302 9.
1611 3266 1787 3302 Principium
1808 3266 1846 3293 ad
1864 3266 2073 3293 ostendendam
2093 3263 2291 3292 necessitatem
2312 3263 2469 3300 syllogismi

1406 3306 1623 3334 demonstrativi
1645 3312 1687 3333 est
1708 3306 1787 3342 quod
1808 3305 1838 3332 in
1852 3304 1937 3333 nobis
1952 3304 2047 3332 omnis
2071 3303 2202 3332 doctrina
2216 3302 2368 3339 omnisque
2385 3303 2468 3331 disci-

1405 3346 1484 3382 plina
1498 3346 1674 3373 intellectiva
1695 3345 1726 3372 fit
1740 3354 1773 3372 ex
1794 3344 1890 3380 aliqua
1911 3344 2117 3380 praeexistente
2137 3342 2314 3379 cognitione:
2337 3343 2387 3370 sed
2408 3352 2469 3371 non

1405 3385 1501 3413 omnis
1522 3385 1648 3422 cognitio
1675 3384 1812 3420 supponit
1832 3383 1958 3420 priorem
1973 3383 2180 3420 cognitionem:
2203 3391 2283 3410 secus
2298 3382 2376 3410 enlm
2395 3389 2469 3410 esset

1404 3425 1483 3453 abire
1498 3425 1527 3453 in
1542 3424 1694 3459 infinitum,
1707 3430 1734 3451 et
1748 3429 1958 3459 consequenter
1970 3422 2074 3459 periret
2088 3421 2183 3450 omnis
2193 3421 2468 3458 cognitio.—10.Ma-

1405 3465 1554 3493 nifestatur
1567 3463 1739 3500 principium
1754 3462 1895 3498 imprimis
1909 3462 1938 3489 in
1953 3461 2194 3495 demonstrativis,
2206 3461 2235 3488 in
2250 3461 2354 3498 quibus
2368 3461 2468 3498 acqui-

1404 3505 1476 3532 ritur
1496 3503 1639 3532 scientia-
1654 3512 1697 3530 11.
1720 3502 1916 3530 Manifestatur
1937 3501 2040 3529 deinde
2061 3501 2090 3528 in
2110 3501 2270 3534 dialectica,
2292 3510 2366 3537 quae
2379 3501 2469 3529 utitur

1405 3543 1573 3580 syllogismo
1589 3549 1616 3570 et
1631 3541 1805 3576 inductione,
1821 3541 1850 3568 in
1865 3550 1991 3578 quorum
2005 3547 2129 3577 utroque
2144 3540 2308 3577 proceditur
2322 3549 2356 3568 ex
2369 3540 2467 3577 aliquo

1404 3582 1599 3620 praecognito.
1607 3581 1631 3602 ‘-
1643 3589 1686 3609 12.
1701 3581 1898 3608 Manifestatur
1913 3580 2036 3617 denique
2051 3589 2085 3608 ex
2100 3580 2314 3618 enthymemate
2325 3586 2353 3608 et
2367 3589 2467 3609 exem-

1401 3623 1462 3660 plo,
1485 3622 1589 3658 quibus
1611 3621 1698 3649 utitur
1719 3620 1873 3648 rhetorica.

2268 3677 2322 3702 18*
