2788 4204
40 1149 51 1159 '
57 1154 87 1171 Α·
95 1154 203 1171 monce:
214 1148 254 1177 af-

31 1174 182 1233 ἔῖιὶῗῗὲῗ·

37 1370 49 1381 ·
59 1368 165 1399 Η...»

36 1683 128 1734 “nizam
153 1701 193 1739 ἠ
214 1713 253 1735 alii

37 1737 252 1767 codd-(neaman.

35 1841 165 1896 ‚mr

1082 273 1193 310 CAP.
1224 274 1343 322 XVII,
1374 275 1525 312 LECT.
1554 276 1682 312 XXIX

346 351 495 379 Smorsrs.
509 367 543 371 —
560 360 583 379 1.
594 351 806 388 Argumentum
821 357 849 379 et
863 351 966 379 divisio
981 357 1083 379 textus.
1095 368 1114 373 -
1127 359 1154 380 2.
1166 352 1354 389 Syllogismus

284 390 434 428 negativus
458 390 547 418 falsus
567 390 598 419 in
618 390 868 428 propositionibus
889 390 1022 423 mediatis
1043 400 1105 419 non
1126 398 1221 427 protest
1242 391 1303 420 fieri
1324 392 1355 420 in

283 430 379 468 prima
393 430 483 468 figura
504 440 556 467 per
570 430 699 458 medium
713 430 865 467 proprium
880 439 914 458 ex
929 431 1041 458 duabus
1056 431 1221 467 praemissis
1240 431 1325 460 falsis.
1335 449 1354 453 -

287 470 312 499 3.
328 471 407 498 Idem
429 470 585 499 dicendum
606 477 650 498 est
670 470 784 507 quoties
805 470 988 507 syllogismus
1003 470 1034 498 fit
1055 479 1088 498 ex
1103 471 1201 499 medio
1217 477 1352 500 extraneo

284 516 313 538 et
333 519 395 539 non
407 510 537 547 proprio,
559 511 610 538 sed
625 511 706 547 quod
727 510 823 538 medio
845 510 964 546 proprio
979 517 1022 538 est
1036 510 1137 538 simile.
1153 528 1171 532 —
1185 520 1213 546 4.
1228 512 1270 539 Ex
1292 521 1352 539 me-

284 549 334 578 dio
355 559 417 579 non
438 550 558 587 proprio
579 556 607 578 et
633 549 777 585 dissimili,
800 550 983 587 syllogismus
1004 550 1183 587 ignorantiae
1204 551 1352 587 negativus

284 599 346 618 non
373 596 469 627 potest
490 589 552 618 fieri
573 589 603 618 in
623 589 717 626 prima
739 590 830 627 figura
845 599 896 626 per
910 596 1047 627 utrasque
1068 590 1241 626 praemissas
1257 591 1351 627 falsas,

284 629 340 658 nisi
361 631 480 667 quando
495 629 526 658 in
547 629 734 658 conclusione
755 630 938 666 praedicatur
953 630 989 658 de
1003 629 1133 658 subiecto
1154 639 1245 667 genus
1266 640 1351 667 supe-

283 669 343 698 rius
364 676 414 698 aut
433 669 531 707 passio
553 669 709 706 superioris
730 670 859 707 generis;
880 676 975 707 potest
995 676 1094 698 tamen
1115 669 1177 698 fieri
1198 679 1232 698 ex
1246 670 1350 699 maiori

372 824 375 835 “
415 822 433 864 ζ’
456 824 461 829 ἃ
514 830 523 873 f
549 826 667 863 modo
702 825 943 874 syllogismus
976 825 1209 874 ignorantiae
1242 826 1285 862 fit
1312 826 1351 862 in

493 884 500 897 “·
515 882 533 927 ,ξ
548 879 873 928 propositionibus
888 879 1134 927 immediatis,
1150 879 1211 916 hic
1226 886 1351 916 osten-

348 959 369 964 ψ
549 932 602 970 dit
644 933 843 982 quomodo
880 933 924 969 fit
956 932 994 969 in
1025 932 1350 981 propositionibus

282 986 468 1024 mediatis.
499 987 549 1023 Et
574 985 723 1035 primo,
757 985 957 1035 quomodo
987 985 1235 1022 concludatur
1262 998 1350 1034 pro-

280 1039 419 1088 positio
439 1039 615 1087 negativa
634 1039 737 1087 falsa,
758 1051 858 1087 quae
878 1039 1084 1088 opponitur
1100 1038 1350 1075 affirmativae

281 1104 415 1139 verae;
435 1092 619 1140 secundo,
635 1092 835 1141 quomodo
857 1091 1105 1129 concludatur
1123 1091 1352 1128 affirmativa

282 1145 385 1192 falsa,
416 1157 516 1194 quae
545 1145 752 1194 opponitur
784 1145 983 1193 negativae
1005 1145 1025 1166 *
1042 1156 1177 1189 verae;
1211 1143 1281 1180 ibi:
1311 1144 1354 1180 Si

280 1209 372 1236 vero
385 1198 432 1235 sit
445 1198 728 1247 affirmativus*
744 1205 813 1235 etc.
831 1198 942 1234 Circa
960 1197 1129 1247 primum
1150 1197 1227 1234 duo
1246 1196 1349 1233 facit:

280 1251 420 1301 primo,
437 1250 601 1288 ostendit
620 1251 819 1300 quomodo
839 1252 914 1287 hoc
937 1251 1003 1287 fiat
1018 1256 1036 1272 0‘
1055 1250 1094 1286 in
1112 1249 1237 1298 prima
1255 1250 1350 1298 figu-

281 1317 341 1351 ra;
358 1305 540 1350 secundo,
557 1304 595 1341 in
614 1304 800 1341 secunda:
816 1303 886 1341 ibi:
902 1303 977 1340 Sed
983 1315 1056 1352 per
1070 1303 1232 1340 mediam
1242 1304 1350 1352 figu-

282 1358 399 1407 ram’fi
410 1365 483 1396 etc..-
491 1357 608 1395 Circa
625 1357 795 1406 primum
814 1356 885 1394 tria
903 1356 1007 1393 facit:
1031 1356 1170 1406 primo,
1188 1356 1352 1393 ostendit

282 1408 482 1461 quomodo
505 1411 550 1448 fit
567 1410 809 1460 syllogismus
827 1410 1061 1458 ignorantiae
1075 1408 1094 1439 β
1111 1409 1151 1446 in
1176 1409 1351 1458 proposi-

280 1464 446 1503 tionibus
461 1464 647 1511 mediafis,
664 1477 734 1513 per
748 1464 912 1501 medium
927 1463 1146 1513 proprium;
1167 1463 1349 1511 seeundo,

281 1517 482 1568 quomodo
501 1519 545 1556 fit
562 1531 632 1567 per
656 1517 830 1554 medium
851 1517 1008 1566 quidem
1034 1529 1113 1554 non
1132 1516 1348 1566 proprium,

277 1572 349 1610 sed
367 1579 498 1609 tamen
517 1571 682 1610 similem
701 1570 965 1608 habitudinem
985 1571 1131 1607 habens
1151 1570 1200 1607 ad
1223 1570 1350 1607 termi-

280 1637 364 1673 nos,
385 1625 482 1662 sicut
501 1624 674 1662 medium
693 1625 911 1674 proprium;
938 1624 1006 1661 ibi:
1028 1624 1206 1660 Similiter
1224 1629 1349 1661 autem

279 1684 343 1725 est,
355 1684 392 1716 et
407 1679 441 1715 si
457 1691 508 1716 ex
525 1679 603 1716 alia
622 1678 883 1716 ordinatione*
900 1685 982 1724 etc.;
998 1677 1119 1725 tertio,
1132 1677 1296 1714 ostendit
1307 1678 1350 1699 *²⁸²

280 1732 480 1782 quomodo
510 1732 554 1769 fit
579 1732 795 1782 praedictus
824 1731 1065 1780 syllogismus
1088 1744 1158 1780 per
1178 1731 1350 1768 medium

281 1793 521 1832 extraneum;
552 1785 624 1823 ibi:
654 1786 697 1823 Si
720 1797 812 1824 vero
841 1797 916 1822 non
943 1797 1017 1833 per
1043 1785 1246 1834 proprium
1274 1796 1350 1821 me-

280 1840 384 1877 dium
400 1841 420 1859 ¹*
449 1846 518 1876 etc.

336 1904 370 1930 2.
400 1892 501 1929 Dicit
520 1904 610 1940 ergo
630 1892 756 1940 primo
786 1891 903 1941 quod,
934 1890 1089 1940 quando
1110 1891 1351 1940 syllogismus

281 1945 514 1983 concludens
542 1946 700 1994 falsum,
735 1946 778 1982 fit
805 1945 844 1982 in
871 1944 1216 1994 propositionibus,
1253 1957 1351 1993 quae

279 2011 360 2037 non
387 2006 475 2037 sunt
502 1999 744 2046 individuae,
775 1999 873 2036 idest
900 1998 1166 2045 immediatae,
1197 1998 1227 2035 si
1255 1997 1351 2035 acci—

278 2052 404 2102 piatur
425 2053 627 2102 proprium
656 2053 833 2099 medium,
854 2052 959 2089 unde
987 2052 1031 2088 fit
1059 2051 1300 2100 syllogismus
1315 2056 1350 2099 ⁷,

279 2118 359 2144 non
386 2114 513 2156 potest
540 2119 624 2144 esse
655 2113 836 2155 utrasque
863 2105 1145 2154 propositiones
1175 2117 1257 2142 esse
1286 2105 1351 2141 fal-

280 2172 361 2207 sas,
397 2160 465 2198 sed
494 2160 620 2197 solum
648 2160 844 2197 maiorem.
880 2160 930 2195 Et
962 2158 1117 2207 exponit
1154 2158 1246 2208 quid
1283 2171 1351 2196 no-

279 2213 400 2250 minet
411 2214 613 2263 proprium
628 2214 805 2251 medium.
827 2214 886 2250 Ex
905 2225 982 2262 quo
1004 2212 1107 2249 enim
1126 2212 1350 2261 propositio,

280 2266 387 2304 cuius
416 2267 603 2304 contraria
628 2268 883 2315 syllogizatur,
906 2274 961 2303 est
980 2266 1166 2313 mediata,
1202 2274 1352 2314 oportet

280 2320 386 2369 quod
404 2321 667 2369 praedicatum
688 2321 928 2369 syllogizetur
943 2319 991 2357 de
1007 2319 1178 2356 subiecto
1197 2332 1268 2369 per
1287 2320 1350 2356 ali-

281 2373 387 2422 quod
418 2375 595 2412 medium.
631 2375 762 2411 Potest
796 2386 886 2422 ergo
921 2373 1013 2410 illud
1047 2373 1152 2410 idem
1186 2374 1350 2410 medium

334 2537 361 2572 α)
385 2538 508 2563 Ostendit
520 2537 653 2570 quomodo
666 2537 716 2562 hoc
722 2536 777 2570 siat
791 2542 839 2561 etc.
848 2551 867 2556 -
879 2537 927 2561 Est
941 2537 1017 2561 lectio
1031 2538 1088 2562 cod.
1101 2538 1131 2562 B.
1140 2551 1159 2556 —-
1169 2537 1251 2562 CDE:
1259 2538 1351 2570 primo

279 2574 306 2599 in
321 2574 415 2606 prima
426 2574 486 2607 fig.;
501 2573 536 2598 Gl
551 2578 576 2597 et
595 2581 616 2598 s.
629 2581 665 2598 m.
677 2573 709 2597 S:
729 2572 846 2597 ostendit
865 2573 1035 2605 propositum
1056 2573 1082 2598 in
1103 2578 1159 2604 etc.;
1179 2573 1237 2597 PR:
1259 2574 1351 2606 primo

279 2609 396 2634 ostendit
414 2609 463 2634 hoc
483 2609 508 2633 in
529 2613 587 2641 etc.;
607 2609 684 2634 ceteri
703 2608 787 2633 codd.:
802 2608 894 2640 primo
913 2608 1030 2633 ostendit
1049 2609 1075 2633 in
1091 2609 1183 2641 prima
1196 2609 1304 2642 figura5
1328 2609 1354 2639 Q

278 2644 339 2672 hab.
358 2645 486 2669 lacunam.

334 2679 360 2714 β)
382 2680 522 2711 Quomodo
533 2680 571 2713 fit
589 2685 666 2705 etc.——
676 2681 713 2705 A:
725 2679 795 2712 fiat,·
815 2679 862 2704 sed
876 2678 940 2704 infra
954 2687 1014 2704 cum
1026 2680 1046 2704 P
1059 2680 1168 2712 aliisque
1187 2680 1271 2704 codd.:
1278 2680 1324 2712 fit.
1334 2694 1352 2698 —

279 2717 325 2742 ΑΕ
338 2721 364 2741 et
377 2724 399 2741 s-
410 2723 445 2740 tn.
460 2716 492 2740 S:
512 2715 684 2749 ignorantiae
692 2715 783 2748 primo
799 2715 825 2739 in
840 2719 901 2745 etc.;
917 2714 1063 2745 KLMNQT
1077 2720 1102 2740 et
1116 2723 1142 2747 p.
1155 2723 1191 2739 m.
1205 2715 1260 2740 DS:
1276 2716 1351 2748 igno-

280 2751 386 2777 rantiae
406 2751 514 2783 primae
533 2751 559 2776 in
580 2757 628 2776 etc.
654 2752 731 2776 Forte
750 2751 790 2775 isti
810 2750 885 2775 codd.
907 2751 1063 2775 conveniunt
1087 2758 1148 2775 curn
1172 2751 1300 2783 prioribus
1326 2756 1352 2775 et

275 2787 384 2820 primae
402 2795 449 2819 pro
464 2787 555 2819 primo
574 2792 695 2820 corrupte
708 2791 747 2811 est
760 2787 884 2818 positum.
903 2786 1026 2810 Attamen
1045 2794 1131 2819 neque
1144 2786 1253 2818 primae
1266 2794 1351 2819 neque

276 2822 368 2855 primo
387 2822 481 2855 patitur
499 2822 584 2847 forma
602 2827 736 2847 contextus
755 2822 844 2846 literae
863 2829 885 2846 s.
899 2821 1027 2846 Thomae.

334 2858 362 2891 γ)
381 2858 442 2882 Non
461 2861 524 2883 sunt
543 2858 706 2888 individuae,
727 2857 795 2882 idest
809 2857 985 2887 immediatae,
1005 2857 1029 2882 si
1043 2857 1193 2888 accipiatur
1207 2857 1350 2889 proprium

281 2893 398 2918 medium
417 2894 600 2918 ete—'sextus
615 2901 737 2926 graecus:
753 2891 800 2917 Ἐν
819 2890 846 2916 δὲ
866 2892 919 2921 τοῖς
936 2890 970 2926 μὴ
987 2887 1090 2926 ἆτὸμως
1108 2889 1268 2927 ὑπάρχουσιν
1287 2890 1301 2924 ἢ
1318 2889 1351 2926 μὴ

282 2924 453 2963 ὖπάρχουσιν,
469 2923 533 2953 ὃταν
549 2934 596 2953 etc.
615 2925 730 2959 Verba-i}
747 2925 781 2961 μὴ
798 2924 959 2962 ὑπάρχουσιν
979 2928 1158 2952 desiderantur
1174 2929 1199 2952 in
1213 2933 1302 2952 nostra
1315 2929 1351 2952 la-

281 2964 334 2988 tina
350 2964 485 2995 versione,
509 2964 626 2996 quinimo
651 2965 762 2996 ipsemet
780 2971 802 2987 s.
813 2963 929 2987 Thomas
955 2964 1052 2987 nullam
1072 2964 1104 2988 de
1123 2963 1172 2988 illis
1192 2964 1350 2988 mentionem

281 2999 348 3028 facit,
368 3006 428 3023 cum
446 3003 533 3023 tamen
552 2999 606 3023 fere
624 2999 770 3023 Aristotelis
788 2998 868 3022 verba
886 2998 912 3022 in
931 2999 1046 3022 medium
1061 2998 1158 3023 afferat.
1176 2998 1261 3023 Waltz
1281 2999 1351 3030 (Or-

281 3041 371 3067 ganon
392 3039 449 3064 etc„
468 3034 497 3059 P.
510 3034 539 3064 II,
559 3034 735 3058 Commentar.
754 3034 780 3057 in
800 3041 855 3065 cap.
870 3041 930 3063 xvn,
946 3041 1004 3066 pag.
1016 3032 1077 3067 344)
1092 3034 1210 3058 adnotat:
1232 3044 1245 3056 ‹
1257 3035 1351 3059 Delen-

283 3078 298 3093 ι»
314 3069 385 3099 dum,
396 3069 489 3102 inquit,
505 3074 622 3101 putarem
636 3066 651 3101 ἢ
667 3066 700 3103 μὴ
716 3065 889 3102 ὑπάρχουσιν,
904 3069 953 3093 nisi
966 3069 1075 3093 omissio
1089 3069 1256 3094 scribentium
1270 3069 1352 3101 negli-

285 3115 298 3127 »
313 3105 426 3138 gentiam
446 3105 556 3136 prodere
572 3105 702 3129 videretur
715 3109 821 3136 propter
839 3101 999 3138 ὑπάρχουσιν
1013 3105 1084 3136 quod
1098 3105 1246 3136 praecessit.
1266 3104 1350 3129 Etiam

284 3139 398 3164 θνα-εἰσ
411 3140 503 3164 Boeth.
518 3139 567 3164 ista
578 3139 658 3164 verba
671 3140 812 3164 retinet.»—
822 3139 957 3171 Sequitur:
971 3140 1041 3164 unde
1048 3140 1086 3172 fit
1098 3140 1270 3173 syllogismus
1285 3145 1354 3164 etc.—

283 3175 366 3200 Codd.
378 3175 632 3204 ABDGHIKLMQT
651 3179 676 3199 et
688 3182 714 3206 p.
727 3182 763 3199 m.
778 3174 837 3198 CN:
857 3182 908 3199 non
930 3174 964 3206 (s.
974 3183 1010 3200 m.
1025 3175 1082 3206 CN,
1102 3174 1142 3207 ut)
1154 3175 1192 3207 fit
1205 3175 1284 3207 (CQ:
1304 3175 1353 3203 sit5

282 3211 305 3236 N
316 3210 380 3243 om.)
394 3210 567 3243 syllogismus
572 3218 582 3240 ;
600 3210 622 3234 E
634 3218 688 3234 om.
701 3209 788 3240 unde,·
807 3210 846 3234 O:
866 3210 936 3234 unde
950 3217 1002 3234 non
1010 3211 1048 3243 fit
1061 3211 1269 3244 syllogismus.—
1279 3210 1352 3240 Quae

282 3247 406 3271 lectiones
426 3246 452 3270 in
471 3253 551 3270 sensu
569 3246 688 3277 negativo
706 3245 884 3277 improbantur
903 3253 918 3269 a
937 3245 1079 3276 s.Thoma,
1099 3253 1159 3270 cum
1177 3245 1241 3269 infra
1261 3245 1306 3269 ait:
1326 3247 1353 3269 et

283 3282 343 3307 ideo
362 3281 428 3306 dicit
446 3286 510 3311 etc.;
536 3285 563 3305 et
585 3281 617 3305 ab
636 3281 788 3311 Aristotele,
814 3281 887 3304 cuius
905 3280 960 3304 fere
977 3281 1057 3305 verba
1076 3288 1098 3305 s.
1108 3280 1226 3304 Thomas
1249 3281 1351 3304 recitat:

284 3313 347 3342 ὃταν
367 3314 411 3351 μὲν
430 3314 471 3340 διὰ
497 3317 545 3341 τοῦ·
570 3311 666 3340 οἰκείου
694 3314 772 3349 μέσου
798 3313 898 3349 γίνηται
923 3316 971 3339 τοῦ
996 3314 1103 3348 ψεύδους
1123 3313 1137 3339 ὁ
1157 3313 1350 3348 συλλογισμός,

283 3353 390 3386 quando
405 3359 457 3384 per
471 3351 614 3383 proprium
634 3351 749 3376 medium
761 3350 799 3383 sit
818 3351 978 3383 deceptionis
991 3351 1173 3384 syllogismus.
1192 3350 1266 3374 Adde
1281 3350 1352 3382 quod

283 3389 399 3413 nonnulli
413 3387 488 3412 codd.
498 3387 630 3419 corrigunt
639 3386 774 3419 proprium
789 3394 913 3416 errorem,
925 3390 955 3410 ut
968 3386 1000 3410 de
1010 3386 1069 3410 DGl
1080 3385 1120 3410 hic
1130 3385 1195 3410 infra
1209 3385 1354 3409 dicemus.-

283 3424 413 3456 Sequitur,
427 3423 453 3447 in
467 3423 525 3447 cod.
538 3422 573 3446 A:
593 3429 644 3446 non
661 3421 793 3454 contingit
811 3428 866 3446 esse
885 3424 1010 3453 utrasque
1020 3421 1219 3452 propositiones
1234 3427 1289 3444 esse
1295 3420 1352 3454 fal-

282 3466 335 3489 sas,
352 3464 377 3483 et
391 3459 424 3483 ita
436 3458 494 3489 MN,
509 3458 557 3482 nisi
571 3457 642 3490 quod
661 3457 803 3486 consultius
822 3457 944 3481 omittunt
961 3457 1075 3488 primum
1089 3463 1157 3485 esse,·
1176 3456 1211 3479 B:
1232 3462 1278 3480 nec
1287 3462 1351 3486 pos-

282 3495 358 3520 sibile
375 3497 416 3519 est
434 3497 560 3525 utrasque
580 3499 678 3524 propp.
698 3499 753 3517 esse
768 3492 873 3525 falsam
892 3492 926 3516 C:
951 3498 1003 3515 non
1018 3494 1133 3522 possunt
1151 3497 1206 3515 esse
1225 3493 1353 3522 utraeque

279 3530 477 3562 propositiones
489 3529 594 3562 falsae,·
607 3527 704 3552 LORT
717 3533 743 3552 et
755 3535 823 3559 p.m.
837 3526 900 3556 DQ:
914 3534 965 3551 non
976 3529 1067 3558 potest
1079 3533 1134 3551 esse
1149 3529 1275 3558 utrasque
1285 3533 1351 3557 pro-

279 3565 427 3597 positiones
439 3565 544 3598 falsas:
564 3571 630 3596 quae
649 3563 724 3588 lectio
743 3571 795 3587 non
815 3562 900 3586 differt
918 3570 933 3586 a
952 3562 1040 3595 piana,
1059 3562 1107 3586 nisi
1126 3561 1152 3585 in
1171 3561 1220 3586 hoc
1240 3561 1310 3593 quod
1330 3561 1350 3585 P

282 3608 343 3625 cum
362 3609 385 3626 s.
398 3609 434 3625 m.
448 3601 473 3630 Q
486 3605 546 3632 post
563 3603 690 3631 utrasque
702 3599 796 3623 iterum
810 3598 881 3630 ponit
894 3604 962 3627 esse;
981 3597 1015 3622 E:
1032 3597 1080 3622 sed
1092 3604 1143 3621 non
1159 3603 1211 3628 per
1225 3600 1351 3628 utrasque

278 3636 477 3668 propositiones
490 3635 591 3669 falsas‚·
611 3634 645 3659 GI
662 3639 687 3659 et
706 3642 727 3659 s.
741 3642 776 3659 m.
790 3634 812 3658 D
829 3634 900 3664 loco,
914 3640 966 3658 non
986 3635 1076 3665 potest
1094 3639 1162 3662 esse,
1183 3632 1284 3664 legunt:
1304 3632 1351 3656 ha-

1606 167 1620 182 <

2398 279 2472 315 255

1411 362 1487 389 vera,
1503 360 1531 382 et
1545 354 1651 383 minori
1664 355 1743 383 falsa.
1753 372 1772 376 —
1783 355 1809 383 5.
1825 355 2016 392 Syllogismus
2030 355 2209 392 ignorantiae
2223 355 2370 393 negativus
2385 356 2415 384 in
2429 366 2473 385 se-

1407 394 1502 421 cunda
1516 393 1607 431 figura
1620 404 1681 422 non
1695 401 1791 431 potest
1805 395 1866 423 fieri
1881 404 1914 423 ex
1928 396 2041 423 duabus
2055 395 2219 431 praemissis
2240 395 2365 424 totaliter
2385 396 2471 424 falsis.

1408 449 1427 454 —
1442 434 1468 461 6.
1485 433 1673 470 Syllogismus
1687 432 1876 463 affirmativus
1891 435 1976 463 falsus
1991 435 2021 463 in
2036 435 2283 471 propositionibus
2298 435 2429 464 mediatis
2439 445 2473 464 ex

1408 472 1505 501 medio
1520 474 1639 510 proprio
1661 483 1721 502 non
1742 481 1837 511 potest
1857 474 1918 503 fieri
1934 474 1963 502 in
1977 474 2071 511 prima
2085 475 2176 512 figura
2191 484 2224 503 ex
2245 481 2366 511 utraque
2390 484 2474 511 prae·-

1408 512 1496 540 missa
1522 513 1601 541 falsa.
1624 530 1643 535 -
1664 523 1690 550 7.
1711 515 1790 542 Idem
1818 514 1972 542 dicendum
1999 521 2042 543 est
2067 514 2181 551 quoties
2206 514 2236 542 in
2261 514 2355 551 prima
2382 514 2474 552 figura

1407 551 1439 580 fit
1460 552 1642 590 syllogismus
1663 553 1842 591 ignorantiae
1863 564 1897 582 ex
1918 554 2015 583 medio
2037 563 2097 582 non
2119 554 2248 591 proprio,
2270 555 2321 582 sed
2342 554 2472 583 eiusdem

1407 591 1526 620 ordinis.
1549 609 1568 614 -
1589 593 1615 621 8.
1637 594 1679 621 Ex
1701 593 1798 622 medio
1826 601 1961 622 extraneo
1983 594 2044 622 fieri
2065 601 2160 631 potest
2181 594 2364 631 syllogismus
2390 594 2472 631 igno-

1405 631 1516 699 gjantiae
1537 641 1588 660 seu
1610 633 1786 670 deceptionis
1807 640 1869 662 tum
1891 643 1924 662 ex
1945 641 2066 671 utraque
2087 634 2246 671 praemissa
2266 633 2424 673 falsa,}tum
2439 643 2473 662 ex

1434 678 1550 700 temtra-

1406 774 1525 823 accipi
1554 775 1603 812 ad
1632 774 1940 812 concludendum
1970 775 2202 824 oppositum.
2234 776 2347 822 Puta,
2377 775 2472 812 haec

1406 836 1462 864 est
1489 827 1699 877 propositio
1735 828 1920 865 mediata:
1961 828 2090 865 Omnis
2123 829 2336 878 triangulus
2363 829 2474 865 hahet

1405 888 1479 918 tres
1493 882 1656 931 angulos
1670 881 1845 929 aequales
1859 881 2003 918 duobus
2018 882 2125 918 rectis
2130 895 2143 926 ,·
2162 882 2325 919 medium
2343 889 2471 918 autem

1404 947 1474 983 per
1507 935 1612 983 quod
1644 934 1884 982 syllogizatur
1916 935 2176 982 praedicatum
2206 935 2254 972 de
2287 935 2470 983 subiecto,

1407 995 1462 1024 est
1478 989 1617 1037 figura
1636 988 1776 1024 habens
1795 987 1980 1036 angulum
2005 988 2255 1025 extrinsecum
2275 988 2476 1036 aequalem.

1405 1041 1550 1077 duobus
1569 1041 1776 1092 intrinsecis
1794 1040 1866 1076 sibi
1889 1041 2072 1088 oppositis.
2105 1041 2144 1078 Si
2164 1053 2253 1088 ergo
2273 1042 2437 1078 velimus
2451 1042 2472 1062 *

1404 1094 1569 1141 probare
1590 1093 1695 1142 quod
1715 1094 1840 1130 nullus
1859 1093 2065 1141 triangulus
2084 1094 2199 1130 habet
2217 1102 2292 1131 tres
2312 1095 2470 1142 angulos

1406 1147 1584 1195 aequales
1614 1147 1765 1183 duobus
1794 1146 1903 1182 rectis
1931 1159 2000 1195 per
2027 1148 2136 1183 hoc*
2165 1147 2268 1183 idern
2294 1148 2470 1194 medium,

1406 1199 1475 1236 erit
1502 1199 1743 1247 syllogismus
1772 1199 1938 1236 falsitatis
1970 1212 2039 1247 per
2065 1200 2265 1248 proprium
2294 1201 2469 1237 medium.

1406 1253 1456 1289 Et
1482 1252 1570 1289 ideo
1607 1252 1695 1289 dicit
1736 1252 1841 1301 quod
1878 1253 2041 1289 medium
2070 1253 2271 1301 proprium
2301 1261 2376 1300 est,
2400 1265 2473 1302 per

1405 1306 1507 1354 quod
1518 1307 1573 1354 fit
1588 1306 1831 1355 syllogismus
1849 1306 2160 1351 contradictionis,
2179 1306 2275 1343 idest
2295 1307 2315 1328 ’¹‘
2335 1307 2384 1343 ad
2404 1319 2471 1355 op-

1404 1359 1585 1408 positum.
1611 1360 1708 1395 Puta
1727 1359 1765 1395 in
1783 1359 1978 1407 praedicto
1999 1360 2175 1408 exemplo
2193 1360 2229 1396 *ε
2251 1359 2297 1396 sit
2310 1361 2345 1396 A
2359 1359 2471 1396 trian-

1405 1413 1532 1460 gulus,
1562 1413 1592 1449 B
1621 1412 1763 1449 habere
1798 1420 1890 1459 tres,
1930 1412 2103 1449 medium
2133 1412 2163 1448 C
2193 1413 2315 1460 figura
2342 1412 2423 1451 talis
2443 1410 2468 1449 δ.

1406 1467 1448 1502 In
1467 1466 1591 1514 prima
1611 1473 1739 1502 autern
1768 1466 1890 1513 figura
1918 1478 2074 1502 necesse
2108 1473 2164 1502 est
2184 1466 2368 1502 minorem
2389 1478 2471 1502 esse

1406 1519 1691 1566 affirmativam,
1722 1526 1758 1555 et
1777 1518 1864 1556 ideo
1886 1526 2036 1567 oportet
2055 1519 2161 1568 quod
2179 1518 2253 1566 illa,
2275 1531 2373 1568 quae
2394 1526 2474 1555 erat

1405 1573 1531 1609 minor
1558 1572 1597 1609 in
1621 1572 1841 1620 syllogismo
1860 1584 1968 1619 vero,
1989 1579 2143 1608 maneat
2156 1577 2167 1592 ²
2186 1584 2265 1609 non
2285 1585 2473 1609 conversa

1405 1638 1476 1663 nec
1495 1633 1744 1662 transmutata
1764 1625 1802 1662 in
1826 1637 1936 1662 suam
1957 1625 2173 1674 oppositam
2194 1625 2232 1662 in
2251 1625 2471 1674 syllogismo

1404 1679 1581 1718 falsitatis.
1602 1679 1714 1716 Unde
1734 1686 1885 1727 oportet
1912 1678 2018 1728 quod
2043 1691 2196 1727 semper
2210 1678 2255 1715 sit
2269 1691 2372 1716 vera.
2395 1679 2473 1716 Sed

1405 1734 1530 1771 maior
1561 1732 1771 1782 propositio
1809 1731 1891 1769 veri
1924 1731 2131 1780 syllogismi
2176 1732 2407 1769 convertitur
2434 1732 2473 1769 in

1405 1786 1622 1835 negativam
1648 1785 1894 1831 contrariam;
1925 1793 1961 1822 et
1980 1785 2067 1822 ideo
2093 1793 2243 1833 oportet
2262 1785 2368 1834 quod
2392 1798 2472 1822 ma-

1366 1875 1369 1878 .
1406 1841 1465 1877 ior
1492 1839 1538 1877 sit
1570 1840 1672 1876 falsa.
1702 1840 1799 1875 Puta
1827 1838 1857 1875 si
1887 1839 2074 1875 dicamus:
2103 1838 2223 1875 Nulla
2244 1840 2383 1888 figura
2406 1840 2472 1876 ha-

1406 1895 1494 1931 bens
1515 1901 1583 1930 etc.
1613 1893 1725 1929 habet
1749 1898 1823 1929 tres
1851 1899 1942 1937 etc.;
1972 1892 2093 1928 omnis
2121 1892 2333 1940 triangulus
2352 1898 2406 1928 est
2419 1893 2473 1939 fi-

1405 1959 1507 1997 gura
1536 1946 1636 1990 talis;
1665 1958 1758 1996 ergo
1774 1945 1789 1972 ζ
1817 1952 1886 1982 ete.

1462 2001 1496 2037 3.
1526 1998 1676 2036 Deinde
1706 2011 1793 2035 cum
1819 1998 1923 2035 dicit:
1954 1997 2130 2034 Similiter
2157 2003 2282 2034 autem
2301 2004 2355 2034 est
2382 2005 2470 2044 etc.,

1407 2052 1570 2090 ostendit
1598 2052 1796 2102 quomodo
1826 2052 1868 2088 fit
1894 2051 2110 2100 praedictus
2139 2050 2379 2099 syllogismus
2405 2063 2473 2099 per

1406 2106 1571 2152 medium
1599 2112 1834 2151 extraneum,
1856 2105 1924 2142 sed
1950 2104 2070 2141 simile
2088 2109 2103 2127 η
2127 2104 2294 2152 proprio.
2317 2105 2366 2140 Et
2385 2104 2473 2141 dicit

1407 2159 1511 2209 quod
1531 2159 1700 2196 similiter
1719 2158 2008 2207 syllogizabitur,
2031 2157 2060 2194 si
2076 2157 2247 2194 medium
2269 2157 2472 2205 accipiatur

1407 2225 1453 2250 ex
1486 2213 1558 2249 alia
1593 2212 1831 2250 ordinatione
1853 2212 1885 2248 ³⁸.
1925 2212 2022 2248 Puta
2055 2210 2085 2247 si
2118 2212 2152 2246 A
2192 2211 2472 2247 demonstretur

1407 2266 1454 2303 de
1474 2266 1504 2302 B
1533 2279 1602 2315 per
1623 2267 1670 2313 C,
1697 2273 1733 2302 et
1753 2264 1984 2313 accipiamus
2003 2263 2042 2300 in
2066 2263 2285 2311 syllogismo
2306 2263 2471 2300 falsitatis

1406 2319 1579 2357 medium
1604 2331 1682 2355 non
1703 2319 1747 2366 C,
1769 2318 1836 2355 sed
1855 2319 1902 2364 D,
1923 2317 1973 2354 ita
1992 2324 2122 2354 tamen
2141 2316 2246 2365 quod
2265 2318 2299 2353 D
2330 2316 2444 2354 etiam
2458 2314 2472 2337 ⁰

1407 2370 1642 2410 contineatur
1655 2371 1918 2409 universaliter
1937 2370 2007 2407 sub
2023 2371 2057 2406 A
2078 2377 2114 2407 et
2131 2370 2371 2419 praedicetur
2388 2369 2470 2406 uni-

1406 2538 1476 2563 bens.
1495 2538 1572 2570 Igitur
1591 2537 1625 2561 GI
1644 2541 1669 2560 et
1683 2543 1704 2560 s.
1720 2543 1755 2560 m.
1771 2535 1792 2559 D
1807 2535 1908 2567 legunt,
1929 2541 1979 2558 non
1993 2533 2031 2566 fit
2048 2533 2220 2566 syllogismus
2233 2532 2329 2557 habens
2345 2536 2471 2565 utrasque
2498 2547 2501 2549 -

1401 2573 1599 2605 propositiones
1606 2572 1704 2605 falsas.
1718 2571 1742 2595 H
1758 2570 1881 2595 absurde:
1901 2576 1948 2594 nec
1961 2576 2017 2594 esse
2029 2571 2120 2600 potest
2133 2575 2203 2597 vera,
2217 2568 2265 2592 sed
2273 2568 2471 2600 propositiones

1398 2609 1496 2642 salsas,
1511 2608 1558 2633 sed
1572 2608 1657 2632 solum
1673 2606 1816 2636 maiorem,·
1834 2605 1870 2630 K:
1884 2612 1935 2629 non
1951 2605 2020 2629 enim
2036 2606 2151 2635 possunt
2169 2610 2224 2628 esse
2244 2606 2370 2636 utraeque
2382 2604 2472 2637 falsae

1400 2644 1614 2676 propositiones;
1624 2643 1656 2667 S:
1671 2642 1814 2674 proprium
1826 2641 1940 2665 medium
1952 2638 1998 2674 (ac
2011 2640 2102 2664 deinde
2117 2639 2214 2664 abrasis
2229 2639 2367 2669 nonnullis,
2383 2639 2471 2663 scribi—

1404 2685 1446 2704 tur
1459 2687 1538 2711 supra
1551 2679 1668 2703 lituram:
1683 2685 1734 2702 non
1755 2680 1794 2702 est
1802 2672 1946 2710 possibile)
1961 2682 2016 2700 esse
2031 2678 2157 2707 utrasque
2166 2674 2365 2706 propositiones
2370 2675 2470 2707 falsas.

1404 2715 1540 2739 -Codices
1556 2714 1632 2746 igitur
1652 2714 1718 2738 inter
1732 2720 1761 2737 se
1775 2720 1827 2736 non
1840 2712 2007 2736 conveniunt:
2027 2711 2096 2735 unde
2116 2711 2253 2734 lectionem
2272 2710 2390 2742 pianam‚
2404 2717 2471 2742 quae

1405 2750 1602 2775 fundamentum
1621 2749 1698 2773 habet
1712 2749 1738 2772 in
1750 2747 1867 2780 pluribus
1882 2747 1965 2776 codd„
1985 2746 2138 2775 retinemus;
2159 2745 2277 2778 quamvis
2291 2753 2343 2769 non
2356 2745 2472 2777 displicet

1405 2786 1480 2810 lectio
1499 2786 1556 2810 cod.
1576 2785 1593 2809 S
1613 2793 1634 2809 s.
1648 2792 1698 2815 m.:
1725 2791 1776 2808 non
1797 2786 1836 2808 est
1850 2782 1975 2814 possibile
1994 2787 2056 2811 etc.y
2083 2788 2149 2813 quae
2173 2786 2213 2805 est
2231 2781 2306 2804 lectio
2330 2781 2438 2805 indicata
2457 2788 2471 2805 a

1406 2822 1462 2846 cod.
1478 2822 1498 2845 B
1513 2826 1539 2845 et
1551 2825 1591 2845 est
1603 2819 1742 2844 conformis
1758 2818 1871 2843 versioni
1885 2816 2019 2850 praefixae.
2034 2817 2131 2841 Textus
2145 2816 2305 2840 Aristotelis:
2321 2812 2371 2850 οὐχ
2386 2813 2469 2841 οἷόντε

1406 2851 1552 2891 ἀμφοτέρας
1572 2854 1668 2889 ψευδεῖς
1687 2848 1751 2879 εἶναι
1771 2852 1816 2883 τὰς
1835 2849 1980 2886 προτάσεις.

1459 2891 1484 2926 ὃ)
1499 2892 1523 2916 Β
1537 2892 1633 2916 habere
1647 2894 1701 2915 tres
1711 2895 1758 2914 etc.
1768 2904 1786 2908 -
1796 2890 1830 2914 P:
1846 2889 1942 2913 habere
1955 2891 2009 2912 tres
2024 2888 2059 2916 B,
2075 2887 2189 2911 medium
2208 2887 2231 2910 C
2241 2886 2276 2910 sit
2283 2886 2380 2919 figura
2394 2886 2455 2911 talis
2463 2894 2471 2915 ,-

1405 2928 1429 2951 H
1449 2935 1501 2952 om.
1523 2927 1652 2955 medium;
1675 2927 1712 2950 A:
1725 2926 1776 2959 fig.
1795 2924 1856 2950 talis
1875 2927 1927 2953 est,·
1950 2923 1988 2948 G:
2012 2923 2036 2947 Β
2054 2923 2132 2947 habet
2157 2922 2270 2946 medium
2290 2925 2316 2946 et
2338 2922 2361 2946 C
2374 2922 2471 2954 figura

1406 2963 1483 2992 talis‚·
1502 2963 1539 2986 R:
1564 2962 1588 2986 B
1606 2962 1715 2990 habere,
1739 2961 1761 2985 C
1773 2955 1870 2993 figu'ra
1895 2959 1992 2984 habens
2017 2961 2044 2982 et
2067 2961 2155 2982 cetera
2167 2957 2207 2989 fi'
2226 2957 2282 2981 riis.
2308 2956 2380 2986 Quae
2406 2957 2471 2981 duae

1405 2999 1510 3022 ultimae
1523 2998 1647 3022 lectiones
1662 2997 1774 3028 produnt
1787 2995 1939 3027 imperitiam
1953 2994 2148 3018 amanuensium
2159 2992 2232 3016 codd.
2243 2992 2299 3016 GR.
2310 2993 2398 3016 Lectio
2409 2992 2469 3016 ado—

1404 3038 1476 3066 ptata
1494 3038 1534 3057 est
1553 3033 1606 3057 fere
1625 3032 1742 3056 omnium
1761 3031 1844 3060 codd„
1864 3035 1889 3054 et
1902 3030 2003 3054 videtur
2016 3029 2098 3060 magis
2114 3028 2237 3059 expedita.
2423 3039 2430 3043 -

1459 3068 1481 3100 ε)
1504 3068 1532 3092 In
1552 3067 1709 3101 syllogismo
1723 3074 1793 3095 vero,
1810 3068 1916 3090 maneat
1935 3070 1982 3089 etc.
1992 3064 2058 3088 —Kz
2073 3071 2124 3088 non
2139 3066 2246 3087 maneat
2261 3070 2312 3087 non
2327 3069 2470 3092 conversa,-

1405 3104 1442 3128 G:
1462 3106 1492 3128 ut
1506 3111 1557 3128 non
1578 3109 1721 3132 conversa,-
1741 3102 1778 3126 R:
1803 3108 1849 3126 nec
1867 3107 2003 3125 conversa.
2015 3113 2034 3118 —
2052 3100 2088 3123 A:
2109 3099 2161 3123 imo
2181 3098 2217 3130 (et
2235 3098 2269 3122 ita
2286 3098 2317 3129 B)
2337 3101 2470 3122 transmu-

1405 3133 1464 3163 tata
1488 3138 1514 3163 in
1538 3145 1588 3163 sua
1613 3138 1735 3169 opposita
1759 3139 1966 3161 transmutatam
1973 3143 1982 3165 ;
2005 3134 2100 3159 DHLT
2122 3139 2146 3158 et
2165 3141 2190 3165 p.
2210 3141 2246 3157 m.
2264 3133 2322 3157 CN:
2346 3140 2394 3157 nec
2417 3140 2468 3157 non

1405 3177 1532 3203 transm.;
1556 3173 1576 3197 C
1596 3181 1617 3197 s.
1631 3181 1679 3198 m.:
1699 3175 1725 3196 et
1743 3179 1795 3196 non
1820 3175 1947 3200 transm.;
1965 3171 2003 3195 G:
2023 3177 2070 3194 nec
2089 3172 2118 3194 ut
2140 3172 2267 3198 transm,-
2286 3168 2310 3192 1:
2331 3168 2398 3193 idest
2416 3176 2468 3193 non

1405 3212 1534 3237 transm.;
1548 3208 1586 3232 0:
1602 3208 1669 3232 idest
1683 3210 1810 3236 transm.;
1829 3207 1865 3230 R:
1886 3207 1911 3231 in
1931 3213 1980 3230 sua
1995 3204 2353 3237 opposita.—Conservamus
2368 3204 2424 3228 lect.
2440 3203 2470 3234 P,

1406 3252 1473 3276 quae
1492 3248 1532 3268 est
1550 3244 1627 3268 etiam
1646 3243 1720 3267 codd.
1734 3242 1826 3271 EMQS
1846 3246 1871 3266 et
1890 3249 1911 3266 s.
1926 3249 1960 3265 m.
1976 3241 2012 3270 N,
2033 3245 2057 3265 et
2076 3245 2115 3264 est
2134 3239 2208 3264 lectio
2227 3246 2296 3263 vera.

1458 3279 1484 3310 ζ)
1508 3278 1595 3308 Talis,·
1614 3285 1688 3310 ergo.
1703 3291 1722 3296 -
1737 3277 1864 3301 Addimus
1883 3276 1946 3300 haec
1964 3276 2050 3306 verba,
2071 3283 2137 3307 quae
2156 3275 2249 3299 desunt
2267 3275 2292 3298 in
2311 3274 2340 3304 P,
2359 3278 2384 3298 et
2403 3281 2470 3306 quae

1406 3314 1499 3338 dantur
1517 3314 1549 3338 ab
1568 3313 1688 3337 omnibus
1714 3313 1809 3336 nostris
1822 3312 1973 3341 codicibus,
1994 3319 2046 3335 uno
2065 3315 2170 3342 excepto
2189 3310 2223 3340 M,
2243 3310 2286 3342 qui
2306 3309 2377 3341 ponit
2395 3316 2468 3342 ergo,

1406 3350 1453 3373 sed
1471 3357 1525 3373 om.
1545 3348 1642 3373 talis.-
1656 3348 1764 3372 Codices
1784 3352 1870 3371 autem
1888 3346 1960 3376 ABQ
1977 3354 2030 3370 om.
2050 3346 2127 3370 habet
2145 3348 2199 3370 tres
2218 3348 2266 3370 etc.

1459 3384 1486 3417 η)
1506 3384 1558 3408 Per
1577 3383 1690 3408 medium
1710 3385 1879 3411 extraneum,
1893 3382 1941 3406 sed
1958 3382 2043 3406 simile
2053 3381 2174 3412 proprio.
2184 3394 2202 3398 —
2214 3381 2260 3404 Est
2275 3380 2349 3404 lectio
2369 3379 2471 3404 codd.—

1406 3419 1466 3444 PG:
1481 3427 1533 3451 per
1552 3419 1665 3443 medium
1685 3421 1844 3442 extraneum
1864 3420 1890 3441 et
1909 3424 1959 3441 non
1975 3416 2126 3448 proprium,
2146 3415 2193 3440 sed
2206 3416 2324 3440 etc.—At
2342 3420 2402 3447 post
2418 3422 2470 3439 me-

1406 3455 1479 3479 dium
1495 3457 1663 3483 extraneum,
1680 3458 1705 3477 et
1718 3460 1778 3477 cum
1791 3453 1886 3482 addito,
1899 3452 1947 3476 sed
1964 3452 2049 3476 simile
2063 3451 2184 3482 proprio,
2205 3450 2335 3483 superflua
2353 3450 2471 3474 videntur

1405 3490 1492 3519 verba,
1511 3492 1538 3514 et
1557 3497 1607 3513 non
1619 3488 1775 3520 proprium:
1795 3487 1888 3519 quibus
1902 3494 1962 3511 cum
1975 3487 2076 3511 codices
2092 3491 2201 3516 careant,
2217 3493 2247 3510 ea
2259 3492 2405 3518 expungere
2418 3484 2470 3509 n'on

1406 3524 1592 3549 dubitavi.—A:
1607 3527 1775 3552 extraneum,
1782 3530 1834 3554 per
1847 3522 1939 3554 (marg.
1950 3522 2016 3552 add„
2029 3522 2064 3553 et)
2079 3521 2165 3546 simile
2179 3526 2235 3550 etc„
2246 3529 2314 3553 quae
2329 3521 2404 3545 lectio
2418 3528 2471 3545 non

1406 3565 1446 3584 est
1464 3560 1544 3589 bona;
1564 3560 1599 3583 B:
1619 3562 1705 3584 tamen
1722 3565 1773 3590 per
1791 3558 1877 3582 simile
1891 3562 1967 3582 etc.—
1978 3557 2000 3581 R
2019 3564 2140 3581 erronee:
2159 3559 2185 3581 ct
2203 3556 2331 3581 dissimile
2350 3561 2398 3580 etc.

1459 3592 1482 3629 θ)
1505 3596 1546 3619 Ita
1566 3598 1652 3619 tamen
1673 3599 1721 3619 etc.
1738 3608 1758 3612 —
1776 3593 1858 3617 Codd.
1875 3593 1922 3617 AG
1947 3600 2000 3617 om.
2019 3595 2122 3622 tamen;
2142 3592 2188 3616 sed
2207 3599 2259 3616 non
2278 3596 2355 3616 recte.
2379 3592 2470 3616 Sermo

1405 3636 1445 3655 est
1464 3631 1534 3655 enim
1553 3631 1585 3655 de
1604 3630 1750 3662 acceptione
1774 3629 1850 3653 medii
1874 3628 2000 3659 extranei,
2027 3628 2097 3660 quod
2117 3630 2204 3653 tamen
2225 3628 2257 3652 sit
2277 3627 2361 3652 simile
2384 3627 2471 3651 medio

2498 1045 2509 1055 ⁵
2525 1044 2653 1066 Codd.-r:
2670 1051 2711 1066 νο-

2498 1071 2584 1096 lumus;
2597 1077 2623 1092 o:
2635 1071 2711 1092 velim.

2498 1160 2509 1170 ⁸
2523 1157 2576 1181 1-150
2590 1166 2618 1181 ex
2632 1159 2710 1185 codd„

2499 1192 2548 1208 exc.
2559 1193 2583 1207 x.

2498 1326 2510 1337 ⁸
2523 1325 2589 1347 Idest
2601 1331 2650 1346 om.
2661 1331 2697 1347 AB.

2499 1379 2507 1387 ⁶
2515 1384 2550 1399 Aa:
2563 1378 2710 1406 syllogismo.

2498 2227 2506 2235 '
2514 2232 2528 2247 a
2536 2233 2540 2247 :
2550 2225 2710 2247 coordinatio-
