2548 4192
878 268 933 304 IN
963 269 1001 305 S.
1023 269 1263 308 THOMAM
1290 273 1613 320 AQUINATEM

706 351 844 387 propter
864 345 1033 387 formam,
1064 347 1224 379 distinctio

712 391 892 421 materialis
920 396 967 421 est
990 396 1128 431 propter
1146 392 1223 432 for-

712 435 839 465 malem.
860 434 952 464 Unde
975 435 1119 465 videmus
1139 437 1224 476 quod

710 480 742 509 in
790 479 885 509 rebus
931 479 1224 519 incorruptibilibus

710 533 774 554 non
807 528 855 554 est
887 523 950 554 nisi
979 533 1079 553 unum
1110 524 1223 554 indivi-

709 568 809 598 duum
843 568 941 598 unius
971 568 1112 607 speciei:
1147 569 1223 608 quia

710 613 830 652 species
843 611 1044 653 sufficienter
1053 621 1222 643 conserva-

712 662 767 687 tur
790 657 822 686 in
847 666 923 687 uno.

756 701 797 737 Q.
814 711 844 738 L,
860 706 968 731 art.1v.
979 699 1031 730 Ea
1049 710 1133 740 quae
1151 710 1224 731 con-

712 746 845 775 veniunt
872 746 976 785 specie
1005 749 1036 775 et
1067 744 1225 785 differunt

711 799 857 826 numero,
883 790 1076 819 conveniunt
1099 791 1132 819 in
1146 788 1224 830 for-

710 841 778 871 ma;
793 833 850 864 sed
864 833 1111 874 distinguuntur
1126 839 1224 864 mate-

709 878 878 908 terialiter.
917 877 954 907 Si
989 887 1070 919 ergo
1103 879 1224 919 Angeli

710 932 774 952 non
790 927 867 953 sunt
882 923 1046 962 compositi
1061 932 1104 952 ex
1126 928 1224 953 mate-

710 968 762 997 ria
777 972 808 997 et
817 966 968 1007 forma...
981 968 1127 1007 sequitur
1140 967 1226 1008 quod

711 1011 903 1051 impossibile
924 1011 966 1041 sit
982 1020 1050 1041 esse
1065 1011 1146 1042 duos
1159 1012 1224 1042 An-

710 1055 803 1096 gelos
826 1056 924 1090 unius
945 1056 1070 1095 speciei.

187 448 269 468 xcvt.
285 435 379 473 Quod
387 435 478 465 Deus
487 443 550 464 non
561 439 668 474 potest

151 482 366 522 multiplicare
401 478 566 510 individua
605 478 664 509 sub

151 536 218 556 una
240 525 355 566 specie,
378 524 449 554 sine
471 524 618 554 materia.

188 889 280 910 xcvn.
295 878 390 915 Quod
403 877 569 908 individua
580 878 663 908 eius-

151 923 222 954 dem
254 924 370 963 speciei
405 922 563 963 differunt
593 922 663 953 sola

144 968 306 1008 positione
319 968 486 1005 materiae,
499 972 535 998 ut
549 966 665 997 Socra-

152 1017 199 1043 tes
222 1017 253 1043 et
274 1012 377 1043 Plato.

482 1143 892 1175 ANIMADVERSIONES

223 1243 249 1264 1.
274 1232 325 1263 Ad
347 1232 428 1263 illud
451 1225 738 1263 controversiarum
760 1241 872 1272 genus,
896 1241 976 1272 quas
998 1231 1032 1262 in
1055 1237 1225 1272 utramque

150 1283 274 1325 partem
292 1277 400 1317 agitari
424 1276 458 1306 in
486 1276 602 1307 scholis
626 1283 657 1307 et
675 1286 734 1316 pro
754 1277 900 1307 alterutra
920 1275 1024 1306 dirimi
1039 1282 1126 1316 parte
1144 1276 1224 1306 inte-

149 1332 245 1363 grum
259 1328 316 1360 est,
332 1321 477 1362 quaestio
494 1327 614 1361 spectat
628 1321 666 1351 ab
685 1320 845 1361 Aquinate
864 1326 952 1350 mota
971 1321 1010 1350 de
1025 1320 1224 1360 Angelorum

149 1365 231 1405 int91
245 1365 492 1403 sediscrirnine,
509 1365 612 1406 deque
630 1364 851 1396 intercedentis
867 1364 1056 1395 discriminis
1072 1365 1172 1395 modo
1189 1375 1224 1396 ac

148 1406 282 1442 batione.
306 1410 376 1441 Hac
395 1410 434 1440 de
459 1419 493 1440 re
511 1410 591 1440 nihil
616 1409 767 1440 divinitus
786 1409 943 1440 Ecclesiae
968 1409 1139 1440 catholicae
1164 1417 1223 1440 tra-

151 1455 256 1486 ditum
278 1461 342 1494 est,
370 1454 458 1495 quod
482 1454 564 1485 hanc
587 1453 787 1494 Angelorum
810 1453 1033 1492 differentiam,
1062 1454 1164 1495 qualis
1189 1465 1225 1485 ea

150 1499 284 1530 demum
309 1498 532 1530 constituenda
559 1498 614 1536 sit,
635 1498 716 1529 clare
741 1498 865 1538 detegat
890 1508 926 1529 ac
950 1498 1125 1538 patefaciat.
1146 1501 1224 1529 Am-

149 1543 332 1585 plissimum
355 1543 435 1574 inter
463 1543 578 1574 latinos
605 1543 712 1573 Patres
740 1542 961 1573 testimonium
991 1542 1050 1573 fert
1072 1543 1223 1583 Augusti-

149 1598 222 1627 nus,
241 1588 299 1629 qui
315 1594 424 1619 contra
439 1587 687 1618 Priscillianistas
703 1587 744 1617 ad
759 1586 914 1618 Orosium
930 1597 997 1627 cap.
1018 1597 1047 1618 x.
1066 1597 1156 1618 num.
1174 1595 1222 1628 14:

149 1632 232 1664 Esse
255 1634 363 1673 itaque
385 1632 498 1669 Sedes,
524 1631 582 1670 ait,
606 1632 865 1668 Dominationes,
891 1631 1107 1671 Principatus,
1131 1632 1223 1662 Pote-

148 1682 248 1708 states
271 1677 304 1707 in
329 1676 517 1708 caelestibus
539 1676 749 1716 apparatibus
769 1676 962 1717 firmissime
985 1676 1091 1714 credo,
1114 1682 1144 1707 et
1159 1676 1223 1717 dif-

140 1721 222 1763 fere
237 1722 323 1752 inter·
335 1730 372 1752 se
386 1720 510 1761 aliquid
533 1720 712 1751 indubitata
730 1720 804 1761 fide
827 1725 940 1751 teneo:
957 1720 1046 1751 sed...
1063 1730 1222 1761 quaenam

150 1767 213 1797 ista
235 1766 301 1796 sint
323 1770 355 1796 et
376 1765 454 1806 quid
477 1766 562 1796 inter
588 1774 623 1795 se
653 1764 808 1805 differant
838 1766 954 1795 nescio.
979 1764 1039 1794 Par
1062 1771 1109 1795 est
1133 1765 1223 1795 Ioan-

150 1810 200 1841 nis
228 1809 417 1841 Damasceni
448 1809 622 1847 sententia,
650 1807 841 1839 ornatissimi
872 1819 909 1839 ex
939 1808 1079 1839 Ecclesia
1105 1809 1224 1840 Graeca

150 1854 310 1894 theologi,
329 1854 383 1884 lib.
404 1854 430 1884 11
450 1854 498 1884 De
517 1852 579 1884 fide
598 1853 791 1890 orthodoxa,
814 1863 882 1893 cap.
902 1860 955 1883 111:
979 1852 1096 1890 Quoad
1119 1863 1222 1885 essen-

151 1900 241 1936 tiam,
265 1897 454 1939 inquientis,
478 1897 630 1938 aequales
645 1907 685 1927 ne
699 1898 764 1928 sint
786 1897 900 1937 Angeli
924 1898 1009 1928 inter
1023 1907 1068 1935 se,
1093 1908 1136 1928 an
1159 1899 1223 1929 dis-

146 1952 264 1984 pares,
289 1947 484 1983 compertum
501 1952 565 1972 non
582 1947 646 1972 est:
668 1942 757 1972 solus
772 1942 832 1972 hoc
845 1942 906 1972 scit
931 1941 1069 1973 Creator
1092 1943 1222 1974 illorum

149 1988 251 2025 Deus,
275 1988 331 2028 qui
354 1987 507 2018 universa
530 1986 698 2027 explorate
716 1987 812 2016 novit.
830 1986 914 2017 Hinc
931 1986 1087 2027 sapienter
1102 1997 1120 2017 a
1134 1987 1223 2018 theo-

149 2031 231 2072 logis
254 2031 369 2062 nostris
393 2031 649 2062 animadversum
669 2031 721 2061 vel
735 2031 956 2072 quaestionem
971 2031 1052 2062 hanc
1072 2032 1158 2072 apud
1172 2042 1223 2062 ve-

149 2083 230 2107 teres
253 2075 359 2107 Patres
382 2075 635 2116 praetermissam
658 2082 742 2106 esse:
767 2075 817 2105 vel
841 2075 866 2105 si
890 2075 1056 2116 quidpiam
1079 2076 1223 2107 videatur

149 2121 190 2152 ab
212 2120 251 2151 iis
273 2120 452 2158 adsertam,
481 2120 571 2161 quod
594 2118 748 2160 significet
770 2126 825 2150 aut
849 2120 1000 2150 essentiae
1029 2130 1084 2151 seu
1109 2120 1223 2161 speciei

115 2182 118 2185 Δ
151 2165 325 2204 unitatem,
354 2171 410 2196 aut
433 2171 515 2195 certe
544 2165 703 2204 graduum
731 2174 787 2195 seu
811 2165 1090 2195 collustrationum
1115 2165 1223 2196 distin-

150 2209 308 2247 ctionem,
332 2209 366 2239 id
397 2208 487 2240 facile
511 2208 627 2249 exponi
659 2218 754 2249 posse
778 2219 813 2239 ac
836 2208 962 2250 utrique
990 2209 1130 2250 adaptari
1153 2209 1223 2250 opi-

150 2253 259 2293 nioni,
283 2253 348 2284 sive
378 2263 461 2295 quae
484 2254 683 2284 numericam
714 2259 839 2284 tantum
862 2253 895 2283 in
926 2253 1055 2293 Angelis
1080 2253 1223 2284 differen-

149 2298 239 2337 tiam,
259 2298 324 2329 sive
342 2308 424 2339 quae
449 2299 646 2329 numericam
662 2298 760 2328 simul
781 2303 811 2328 et
828 2298 1008 2339 specificam
1024 2298 1057 2328 in
1072 2298 1223 2329 omnibus

149 2342 294 2383 agnoscit
315 2352 352 2373 ac
375 2349 568 2383 propugnat.
593 2342 706 2383 Iniqua
724 2341 818 2372 fuerit
833 2351 908 2382 ergo
923 2352 1055 2373 censura
1071 2343 1223 2373 Parisien-

147 2387 202 2426 sis,
226 2386 372 2428 opinioni
396 2387 435 2417 ab
459 2386 618 2428 Aquinate
637 2387 769 2417 selectae
783 2393 895 2417 notam
909 2386 935 2417 si
951 2386 1108 2425 inusserit,
1125 2397 1223 2428 quam

149 2431 256 2462 doceri
280 2441 316 2462 ac
339 2431 467 2462 defendi
490 2431 577 2462 haud
599 2437 684 2461 vetat
699 2431 934 2471 Scripturarum
957 2431 1144 2468 auctoritas,
1170 2441 1223 2461 ne—

149 2485 213 2517 que
235 2475 362 2506 traditio
385 2476 527 2513 Patrum,
552 2485 656 2516 neque
679 2475 784 2506 ullum
807 2475 965 2505 Ecclesiae
982 2475 1154 2514 decretum,
1170 2485 1223 2506 ne—

150 2530 215 2562 que
238 2519 434 2560 frequentior
456 2519 537 2550 inter
559 2520 665 2550 Patres
689 2529 874 2550 consensus.

221 2574 251 2595 2.
277 2564 431 2602 Quaestio
451 2564 568 2604 duplex
583 2563 732 2604 distingui
748 2563 880 2601 adsolet,
896 2563 992 2594 altera
1006 2573 1088 2604 quae
1104 2562 1225 2593 facturn

152 2615 184 2639 et
206 2609 302 2639 altera
325 2619 408 2650 quae
431 2609 475 2639 rei
498 2608 742 2649 possibilitatem
756 2614 868 2638 versat.
884 2608 991 2647 Magni
1011 2607 1151 2638 nominis
1167 2607 1225 2637 viri

150 2653 233 2684 inter
255 2653 429 2694 discipulos
453 2653 601 2684 Thomae
624 2652 807 2693 opinantur,
831 2652 876 2682 nil
899 2652 985 2682 aliud
1009 2653 1047 2682 ab
1071 2652 1225 2692 Angelico

151 2698 359 2738 Praeceptore
382 2697 588 2738 propugnari,
613 2697 673 2727 nisi
697 2697 799 2737 reipsa
821 2697 963 2736 Angelos
987 2706 1111 2734 omnes,
1131 2703 1226 2737 quot-

152 2748 234 2783 quot
256 2752 275 2772 a
297 2742 368 2773 Deo
392 2749 530 2781 creatore
554 2741 673 2772 conditi
697 2748 782 2779 sunt,
807 2751 942 2771 numero
959 2741 1107 2771 simulac
1123 2740 1226 2781 specie

151 2786 233 2817 inter
255 2796 289 2817 se
313 2786 444 2817 differre.
470 2787 515 2817 Ita
538 2786 707 2817 sentientes
731 2795 878 2818 memoro
893 2785 1102 2825 Capreolum,
1118 2785 1226 2815 Ferra-

151 2830 299 2869 riensem,
322 2831 531 2869 Bannezium,
555 2831 693 2868 Estium,
717 2830 874 2871 Sylvium.
890 2829 1081 2860 Permissam
1097 2839 1172 2860 vero
1188 2830 1226 2860 ab

152 2873 313 2916 Aquinate
336 2875 546 2915 Angelorum,
570 2875 626 2916 qui
650 2885 786 2905 numero
810 2881 936 2905 tantum
955 2874 1108 2909 differant,
1126 2874 1227 2914 possi-

151 2919 306 2950 bilitatem
319 2926 405 2950 textu
422 2920 566 2960 quodam
582 2926 695 2960 putant
713 2919 757 2949 illi
773 2918 900 2959 probari
921 2929 1026 2958 posse,
1043 2918 1098 2959 qui
1114 2919 1228 2958 legitur

153 2963 187 2993 in
201 2962 370 3003 Opusculo
389 2964 462 2994 XVI
483 2962 608 3006 (Restat
625 2969 732 2994 autem
753 2961 827 3005 etc.)
848 2969 957 2993 contra
981 2965 1156 2993 Averroem
1177 2963 1228 2993 De

155 3008 280 3038 unitate
295 3008 485 3045 intellectus,
510 3008 559 3038 his
581 3008 684 3038 verbis
709 3013 875 3047 concepto:
906 3007 1004 3037 Valde
1027 3008 1153 3038 ruditer
1171 3017 1225 3037 ar-

153 3057 392 3092 gumentantur
405 3052 449 3082 ad
462 3052 703 3089 ostendendum,
715 3052 801 3092 quod
810 3052 901 3082 Deus
909 3051 1029 3092 facere
1043 3062 1106 3082 non
1118 3057 1229 3092 posset

154 3096 241 3137 quod
261 3097 326 3126 sint
344 3096 437 3126 multi
456 3096 636 3127 intellectus
659 3096 799 3126 eiusdem
823 3097 956 3136 speciei,
981 3095 1146 3126 credentes
1169 3097 1228 3126 hoc

155 3140 322 3171 includere
345 3140 639 3171 contradictionem.
668 3140 756 3170 Dato
780 3141 863 3170 enim
887 3140 973 3180 quod
996 3150 1059 3170 non
1084 3145 1167 3171 esset
1188 3140 1228 3170 de

156 3190 276 3215 natura
301 3185 483 3215 intellectus
505 3184 590 3225 quod
615 3185 898 3224 multiplicaretur,
924 3194 987 3215 non
1006 3189 1143 3224 propter
1169 3185 1229 3214 hoc

155 3234 317 3270 oporteret
331 3229 417 3269 quod
432 3229 625 3259 intellectum
642 3229 853 3268 multiplicari
868 3229 1046 3259 includeret
1065 3228 1227 3259 contradi-

154 3275 302 3304 ctionem.
310 3274 401 3304 Nihil
411 3274 494 3303 enim
501 3273 648 3313 prohibet
658 3273 782 3313 aliquid
791 3283 854 3303 non
865 3273 982 3303 habere
993 3274 1025 3303 in
1035 3282 1096 3303 sua
1107 3278 1227 3302 natura

155 3328 288 3349 causam
301 3318 451 3354 alicuius,
469 3317 554 3358 quod
569 3322 676 3347 tamen
692 3317 786 3347 habet
795 3317 877 3347 illud
891 3327 933 3348 ex
947 3317 1014 3347 alia
1031 3326 1164 3347 causa...
1175 3316 1229 3346 Sic

157 3372 237 3403 ergo
248 3363 439 3398 intellectus,
451 3363 480 3392 si
496 3361 693 3392 naturaliter
707 3366 789 3391 esset
805 3371 890 3391 unus
905 3362 1058 3398 omnium,
1070 3361 1146 3400 quia
1164 3370 1226 3390 non

155 3407 287 3437 haberet
311 3407 494 3437 naturalem
519 3415 650 3436 causam
674 3406 971 3445 multiplicationis;
991 3410 1098 3444 posset
1121 3409 1227 3434 tamen

155 3452 269 3482 sortiri
291 3452 587 3491 multiplicationem
612 3459 654 3480 ex
675 3449 921 3489 supernaturali
943 3458 1053 3479 causa.
1077 3447 1229 3478 Differant

155 3505 232 3535 ergo
254 3496 358 3536 reipsa
381 3496 527 3526 caelestes
550 3493 774 3533 intelligentiae
798 3500 828 3523 et
851 3502 986 3523 numero
1003 3499 1034 3522 et
1048 3491 1150 3532 specie
1166 3489 1227 3533 (in-

157 3539 273 3579 quiunt
295 3540 352 3578 illi,
376 3540 503 3570 allatam
526 3539 673 3569 Thomae
697 3537 874 3568 doctrinam
897 3537 937 3567 ad
964 3536 1146 3566 institutum
1168 3542 1227 3565 tra-

157 3582 292 3627 hentes),
317 3592 483 3625 propterea
513 3583 603 3624 quod
631 3582 765 3613 naturali
789 3587 898 3612 carent⁴
923 3581 1007 3611 illius
1038 3579 1229 3610 differentiae

2198 287 2352 314 CCLXXlX

1278 350 1323 380 ria
1346 351 1396 381 vel
1419 352 1530 383 ordine
1554 353 1594 382 ad
1617 352 1806 392 multiplices
1830 352 1977 383 materiae
2000 353 2179 393 portiones:
2201 355 2349 385 nondum

1279 404 1352 424 sane
1376 396 1582 427 contradictio
1607 404 1746 437 apparet,
1770 407 1834 438 qua
1856 398 2055 436 Angelorum
2078 398 2250 428 multitudo
2276 400 2346 429 solo

1279 447 1413 469 numero
1438 440 1649 471 differentium
1679 441 1883 481 impossibilis
1912 442 2012 472 adseri
2042 442 2162 472 debeat.
2188 442 2223 472 Id
2246 453 2349 473 unum

1279 491 1353 520 ergo
1378 483 1403 512 si
1426 484 1562 515 voluerit
1592 485 1798 526 docueritque
1821 496 1846 516 s.
1866 485 2021 523 Thomas,
2043 486 2108 516 iam
2125 486 2192 522 eius
2207 486 2350 517 doctrina

1278 525 1353 555 totis
1373 528 1552 567 parasangis
1567 529 1659 560 distat
1678 530 1716 559 ab
1736 530 1872 560 articulis
1888 539 2019 560 censura
2037 530 2202 561 Parisiensi
2219 531 2344 561 notatis:

1279 575 1390 608 utpote
1410 571 1465 611 qui
1484 578 1554 602 tum
1573 583 1639 603 rem
1658 573 1772 613 ipsam,
1792 584 1873 615 quae
1893 573 1974 604 facta
1992 582 2048 614 est,
2068 581 2139 605 tum
2158 574 2254 605 etiam
2271 585 2345 615 pos-

1279 613 1458 644 sibilitatem
1476 615 1663 647 inficiantur.

1348 658 1376 687 3.
1402 658 1497 689 Haud
1521 670 1571 690 me
1595 661 1726 701 quidem
1748 662 1841 700 latet,
1873 662 1954 693 hanc
1984 662 2257 703 praestantissimis
2283 662 2346 693 divi

1279 700 1426 731 Thomae
1451 702 1612 743 discipulis
1636 705 1797 736 dissonam
1824 706 1922 736 videri
1946 707 2044 737 menti
2073 707 2141 737 eius
2164 707 2347 747 interpreta-

1278 744 1411 794 tionem,
1436 746 1594 788 simulque
1619 749 1821 780 abludentem
1844 760 1862 780 a
1884 760 1960 781 vero
1984 751 2107 791 allegati
2130 758 2233 781 textus
2249 761 2345 791 expo-

1279 789 1438 820 S1tionem.
1463 790 1606 822 Sumitur
1629 791 1805 835 (inquiunt)
1830 795 1981 825 sententia
2004 795 2171 836 Aquinatis
2187 805 2223 825 ex
2238 802 2350 825 natura

1279 840 1378 871 actus,
1402 844 1500 874 quern
1524 836 1715 876 irreceptum
1745 844 1847 875 vocat,
1871 838 1956 868 haud
1985 849 2141 880 umquam
2165 839 2347 869 ordinabilis

1279 878 1319 907 ad
1342 878 1442 908 varias
1466 879 1719 921 multiplicesque
1743 881 1904 920 portiones
1929 883 2086 920 materiae,
2103 884 2247 924 adeoque
2266 884 2348 914 inte-

1279 931 1368 961 gram
1392 922 1490 953 totius
1514 923 1628 963 speciei
1652 925 1879 964 perfectionem
1901 926 1934 956 in
1958 937 2023 956 uno
2044 927 2213 958 obtinentis
2237 927 2349 957 indivi-

1279 966 1356 996 duo.
1383 967 1418 996 ln
1442 977 1480 997 eo
1504 978 1580 997 vero
1604 976 1713 998 contra
1736 969 1930 1000 Averroistas
1955 970 2121 1010 Opusculo
2150 979 2348 1011 argumenta-

1279 1010 1374 1040 tionis
1398 1011 1506 1051 potius
1530 1012 1676 1050 modum,
1701 1023 1799 1053 quam
1822 1023 1889 1043 rem
1912 1014 2014 1053 ipsam
2038 1015 2139 1055 arguit
2162 1022 2191 1046 et
2210 1015 2348 1057 insequi-

1279 1061 1341 1092 tur,
1366 1062 1402 1085 ut
1425 1055 1492 1086 eius
1518 1057 1613 1086 verba
1641 1056 1806 1087 evincunt:
1840 1058 1933 1094 Quod
1957 1068 2019 1088 non
2045 1065 2168 1089 tantum
2192 1060 2347 1098 dicimus,

1279 1099 1461 1140 inquientis,
1481 1106 1617 1140 propter
1634 1102 1851 1140 propositum,
1876 1102 1932 1132 sed
1956 1104 2061 1143 magis
2085 1113 2124 1133 ne
2146 1104 2225 1134 haec
2247 1114 2348 1145 argu-

1279 1144 1446 1174 mentandi
1457 1144 1575 1185 forma
1599 1145 1643 1175 ad
1658 1145 1724 1175 alia
1747 1146 1959 1176 extendatur:
1973 1148 2020 1176 sic
2034 1148 2117 1177 enim
2129 1153 2260 1187 possent
2275 1158 2347 1178 con-

1280 1188 1426 1225 cludere,
1457 1189 1542 1229 quod
1571 1190 1662 1219 Deus
1695 1199 1757 1219 non
1777 1195 1883 1229 potest
1902 1189 2022 1230 facere
2044 1191 2128 1231 quod
2158 1193 2276 1222 mortui
2299 1202 2347 1222 re-

1278 1238 1420 1273 surgant
1444 1238 1474 1263 et
1496 1233 1582 1274 quod
1611 1235 1698 1264 caeci
1721 1233 1764 1263 ad
1787 1235 1888 1264 visum
1920 1240 2122 1274 reparentur.
2148 1235 2255 1276 Itaque
2285 1236 2348 1266 exi-

1279 1276 1452 1307 stimaverit
1474 1278 1619 1308 Thomas
1638 1277 1836 1317 Angelorum
1860 1285 1999 1315 naturae,
2018 1289 2091 1309 cum
2115 1279 2176 1309 sint
2199 1285 2290 1310 actus
2307 1281 2349 1310 ir-

1279 1323 1417 1361 recepti‚
1446 1322 1548 1352 solam
1567 1322 1763 1352 numericam
1787 1322 2027 1352 individuorum
2052 1323 2348 1363 multiplicationem

1279 1375 1464 1406 repugnare.
1490 1367 1643 1404 Quaestio
1668 1373 1724 1404 est,
1749 1376 1830 1407 quae
1854 1367 1971 1406 pendet
1994 1377 2031 1397 ex
2054 1367 2114 1397 alia
2129 1368 2166 1397 de
2176 1369 2347 1408 principio,

1279 1410 1368 1451 quod
1395 1418 1530 1449 vocant,
1555 1411 1839 1441 individuationis:
1863 1411 1952 1451 quod
1975 1411 2052 1441 alter
2074 1411 2241 1452 aliterque,
2266 1413 2350 1442 salva

1279 1454 1434 1485 catholica
1457 1454 1536 1494 fide,
1566 1455 1756 1486 constituere
1779 1455 1938 1494 integrum
1962 1455 2019 1485 sibi
2043 1455 2230 1486 arbitrantur
2253 1457 2350 1487 Meta-

1279 1499 1411 1540 physici.
1437 1500 1521 1530 Hinc
1552 1509 1700 1530 censurae
1724 1499 1905 1530 parisiensis
1936 1499 2044 1530 levitas
2068 1499 2294 1539 innotesceret,
2324 1500 2350 1530 si

1279 1543 1517 1584 philosophicas
1540 1544 1685 1574 innoxias
1709 1544 1811 1574 theses
1835 1550 1984 1574 notasset.

1344 1598 1376 1628 4.
1401 1591 1444 1619 At
1469 1589 1641 1619 verborum
1671 1588 1790 1626 cortici,
1817 1598 1915 1629 quem
1943 1587 2123 1628 praeferunt
2150 1588 2270 1618 articuli
2295 1589 2348 1618 da-

1279 1633 1389 1670 mnati,
1406 1633 1601 1664 haerendum
1621 1643 1687 1663 non
1707 1639 1762 1663 est.
1784 1633 1901 1672 Stirpes
1920 1642 1956 1662 ac
1975 1632 2121 1662 intimam
2140 1633 2269 1662 scrutari
2285 1643 2350 1663 me-

1279 1676 1401 1708 dullam
1429 1680 1577 1718 oportet?
1595 1677 1791 1718 Principium
1821 1676 2080 1707 individuationis
2111 1676 2279 1716 multiplici
2303 1677 2350 1707 in-

1277 1721 1447 1762 quinatum
1471 1731 1574 1752 errore
1598 1722 1809 1752 obtrudebant
1833 1721 1920 1751 scioli
1945 1731 1980 1751 ac
2002 1721 2075 1751 vani
2098 1721 2255 1759 homines,
2281 1721 2351 1752 arti-

1278 1765 1426 1796 culorum
1456 1767 1640 1797 adsertores.
1672 1766 1767 1797 Putre
1798 1772 2019 1796 commentum
2050 1772 2114 1803 est,
2147 1765 2236 1806 quod
2264 1765 2350 1797 effert

1277 1809 1428 1841 articulus
1448 1818 1544 1841 cxvn:
1566 1811 1662 1848 Quod
1683 1812 1816 1842 scientia
1841 1811 1990 1851 magistri
2004 1815 2035 1840 et
2057 1810 2206 1850 discipuli
2224 1815 2270 1840 est
2284 1820 2350 1841 una

1279 1864 1424 1885 numero.
1448 1855 1544 1886 Ratio
1567 1861 1686 1892 autem,
1711 1855 1797 1896 quod
1820 1855 1999 1886 intellectus
2021 1855 2063 1885 sit
2087 1864 2181 1891 unus,
2199 1859 2256 1892 est,
2274 1855 2349 1895 quia

1267 1898 1386 1940 forma
1411 1909 1474 1930 non
1499 1900 1753 1940 multiplicatur,
1784 1900 1847 1930 nisi
1878 1900 1953 1940 quia
1977 1898 2125 1929 educitur
2147 1899 2186 1929 de
2204 1900 2350 1938 potentia

1278 1945 1444 1974 materiae.
1470 1944 1516 1975 Ita
1540 1954 1655 1984 nempe
1675 1943 1934 1974 individuationis
1958 1943 2151 1983 principium
2174 1943 2351 1983 petulantes

1278 1988 1459 2019 Academici
1474 1989 1606 2030 quidam
1630 1989 1663 2019 in
1687 1988 1816 2019 materia
1839 1988 2061 2028 reponendum
2080 1997 2146 2017 esse
2170 1987 2350 2027 vulgabant,

1278 2040 1314 2063 ut
1330 2043 1367 2063 ex
1386 2033 1498 2063 eadem
1517 2033 1608 2064 educi
1625 2033 1743 2064 formas
1763 2033 1831 2063 illas
1851 2038 2021 2072 oporteret,
2041 2042 2122 2072 quae
2139 2041 2273 2062 numero
2291 2031 2350 2062 dif-

1278 2077 1403 2108 ferrent.
1429 2078 1538 2118 Inepta
1558 2085 1588 2108 et
1606 2077 1705 2118 impia
1725 2084 1755 2108 et
1774 2077 1850 2107 falsa
1870 2076 2072 2116 excogitati03
2097 2086 2134 2106 ex
2157 2086 2221 2117 qua
2244 2082 2350 2106 tamen

1277 2122 1392 2152 thesim
1416 2122 1591 2153 inferebant
1614 2133 1670 2163 per
1693 2132 1759 2152 sese
1783 2121 1946 2151 innoxiam
1965 2120 2174 2161 pluribusque
2193 2120 2350 2160 theologis

1278 2173 1309 2197 et
1327 2166 1528 2207 philosophis
1548 2167 1728 2207 probatam:
1752 2166 1847 2203 Quod
1868 2167 1943 2206 quia
1968 2165 2200 2206 intelligentiae
2215 2174 2277 2195 non
2294 2165 2350 2195 ha-

1278 2211 1351 2242 bent
1374 2213 1559 2249 materiam,
1590 2212 1680 2242 Deus
1711 2221 1773 2241 non
1796 2215 1903 2250 potest
1922 2209 2041 2250 facere
2064 2210 2179 2249 plures
2210 2209 2349 2239 eiusdem

1277 2257 1403 2296 speciei.
1423 2257 1498 2286 Non
1517 2256 1559 2286 ita
1578 2255 1732 2296 Aquinas,
1753 2265 1818 2285 non
1837 2255 1880 2284 ita
1898 2253 2010 2284 caeteri
2030 2253 2172 2283 eiusdem
2189 2263 2263 2283 cum
2279 2253 2350 2293 ipso

1278 2300 1450 2331 sententiae
1479 2307 1632 2331 auctores:
1661 2299 1717 2340 qui
1741 2299 1779 2329 de
1807 2298 1969 2329 numerica
1994 2297 2197 2328 rationalium
2225 2298 2348 2328 animo-

1278 2355 1351 2375 rum
1371 2344 1543 2375 differentia
1571 2344 1797 2384 disceptantes,
1822 2353 1859 2373 ex
1883 2353 1921 2373 eo
1952 2342 2212 2373 individuationis
2236 2341 2350 2382 princi-

1279 2389 1334 2429 pio
1349 2389 1437 2420 illam
1456 2395 1613 2429 repetunt,
1629 2388 1719 2429 quod
1738 2394 1784 2418 est
1803 2387 1933 2418 materia
1957 2387 2008 2417 vel
2030 2387 2110 2417 ordo
2130 2387 2170 2416 ad
2188 2387 2351 2427 portiones

1280 2433 1438 2471 materiae,
1458 2443 1524 2463 non
1544 2443 1581 2463 ex
1599 2443 1663 2474 qua
1683 2432 1774 2463 educi
1793 2432 1937 2470 debeant,
1955 2431 2009 2462 sed
2028 2431 2068 2460 ad
2087 2441 2185 2471 quam
2204 2431 2351 2461 ordinan-

1279 2485 1331 2508 tur
1359 2485 1389 2508 et
1414 2488 1488 2508 cum
1516 2488 1580 2518 qua
1606 2477 1762 2507 uniuntur
1788 2476 1828 2506 ad
1854 2476 2013 2506 humanae
2033 2482 2162 2506 naturae
2181 2475 2350 2515 singularia

1279 2522 1442 2553 individua
1470 2522 1674 2552 efformanda.
1701 2522 1736 2551 In
1763 2531 1813 2559 eo,
1839 2520 1928 2561 quod
1948 2519 2090 2561 Aquinas
2109 2520 2273 2560 amplexus
2293 2526 2349 2558 est,

1279 2566 1501 2607 philosophiae
1526 2566 1695 2604 sistemate,
1716 2565 1795 2595 nihil
1819 2572 1865 2595 est
1884 2564 2021 2603 absurdi,
2038 2565 2127 2605 quod
2146 2564 2351 2595 ecclesiastica

1279 2611 1330 2641 vel
1348 2611 1528 2651 theologica
1546 2620 1678 2641 censura
1696 2609 1798 2640 notari
1818 2609 1939 2640 debeat.

1351 2656 1379 2686 5.
1405 2655 1520 2686 Sordes
1549 2655 1635 2693 alias,
1661 2654 1778 2696 quibus
1804 2653 1996 2694 principium
2022 2652 2282 2683 individuationis
2305 2652 2351 2682 in-

1281 2700 1450 2741 quinatum
1480 2699 1657 2740 promeruit
1681 2708 1846 2730 censuram
1875 2697 2099 2734 parisiensem,
2123 2696 2280 2736 praefatus
2304 2696 2350 2726 in-

1281 2745 1363 2775 dicat
1380 2744 1540 2782 articulus,
1557 2744 1722 2784 magisque
1745 2753 1904 2783 expressas
1921 2741 2067 2772 enunciat
2083 2741 2231 2772 articulus
2254 2747 2351 2770 xcvn:

1285 2789 1380 2826 Quod
1403 2789 1570 2820 individua
1603 2788 1742 2819 eiusdem
1772 2788 1888 2828 speciei
1915 2786 2072 2826 differunt
2102 2785 2171 2816 sola
2193 2786 2353 2825 positione

1281 2834 1439 2864 materiae
1462 2839 1498 2864 ut
1526 2833 1676 2864 Socrates
1700 2838 1731 2863 et
1753 2832 1864 2862 Plato:
1888 2837 1918 2861 et
1940 2830 2044 2871 quod,
2060 2829 2178 2870 forma
2207 2830 2350 2859 humana

1282 2879 1439 2909 existente
1462 2879 1494 2908 in
1520 2883 1656 2918 utroque
1689 2877 1798 2907 eadem
1829 2885 1981 2911 numero,
2015 2884 2077 2904 non
2110 2878 2156 2904 est
2184 2874 2300 2903 mirum
2324 2874 2354 2903 si

1282 2923 1364 2953 idem
1390 2932 1524 2953 numero
1549 2928 1595 2953 est
1614 2923 1646 2952 in
1667 2921 1803 2952 diversis
1822 2921 1909 2950 locis.
1926 2917 2143 2949 Averroisticis
2164 2917 2352 2947 commentis

1282 2967 1396 2998 imbuti
1423 2967 1607 3004 adsertores,
1634 2965 1879 3006 propugnabant
1903 2962 2098 2993 numericam
2123 2968 2153 2992 et
2177 2961 2352 2991 individua-

1282 3012 1356 3049 lem,
1377 3021 1476 3052 quam
1495 3011 1640 3049 dicimus,
1661 3009 1867 3040 differentiam
1889 3008 1922 3038 in
1942 3017 1978 3037 ea
1997 3006 2103 3036 solum
2122 3005 2224 3035 forma
2242 3005 2353 3035 locum
2387 3019 2390 3022 ¹

1282 3056 1396 3086 habere
1424 3065 1506 3096 quae
1526 3055 1564 3085 de
1583 3054 1725 3095 potentia
1748 3053 1895 3083 materiae
1916 3050 2073 3082 educitur:
2094 3050 2189 3090 quod
2202 3050 2227 3079 si
2250 3049 2354 3080 forma

1283 3101 1375 3131 detur
1398 3110 1480 3141 quae
1505 3109 1571 3129 non
1601 3099 1752 3129 educatur
1776 3108 1811 3128 ex
1837 3096 1976 3133 materia,
2001 3095 2070 3125 sola
2095 3101 2171 3124 tunc
2193 3095 2353 3134 positione

1283 3145 1426 3175 eiusdem
1453 3145 1609 3174 materiae
1627 3142 1776 3173 constitui
1795 3140 1968 3178 individua,
1989 3139 2163 3179 eademque
2182 3139 2253 3168 sola
2267 3139 2354 3178 posi-

1283 3190 1369 3219 tione
1391 3189 1548 3218 materiae
1575 3187 1695 3217 differre
1724 3187 1781 3216 sub
1810 3195 1874 3215 una
1902 3183 2022 3224 specie:
2052 3183 2191 3213 formam
2208 3182 2353 3213 videlicet

1282 3233 1386 3273 ipsam
1409 3242 1507 3262 unam
1526 3231 1661 3262 omnino
1680 3239 1851 3268 remanere,
1871 3238 2006 3259 numero
2026 3237 2100 3257 vero
2121 3226 2270 3266 distingui
2286 3237 2352 3256 ma-

1282 3277 1376 3307 teriae
1401 3276 1574 3317 portiones,
1594 3285 1630 3305 ac
1655 3274 1783 3305 diversis
1803 3273 1949 3303 materiae
1969 3271 2169 3312 portionibus
2189 3281 2287 3301 unam
2306 3270 2352 3300 in-

1283 3331 1350 3351 esse
1378 3321 1575 3360 eandemque
1604 3319 1751 3349 formam.
1781 3318 1864 3348 Hinc
1892 3317 2019 3356 vulgata
2047 3315 2132 3355 apud
2159 3315 2230 3344 illos
2257 3314 2353 3344 delira

1283 3365 1447 3402 sententia,
1467 3374 1565 3394 unam
1587 3373 1720 3393 numero
1739 3361 1878 3401 magistri
1898 3360 2059 3391 scientiam
2079 3369 2145 3389 esse
2162 3365 2192 3389 et
2207 3358 2352 3398 discipuli

1283 3416 1314 3439 et
1341 3419 1439 3439 unum
1472 3417 1606 3438 numero
1630 3407 1842 3443 intellectum,
1868 3415 1965 3445 quem
1988 3409 2137 3445 agentem
2163 3408 2193 3433 et
2216 3408 2352 3433 mentem

1282 3454 1448 3490 vocabant,
1468 3452 1501 3481 in
1527 3451 1677 3481 omnibus
1701 3457 1830 3480 naturae
1858 3449 2015 3479 humanae
2034 3446 2216 3477 individuis.
2236 3447 2287 3477 Ad
2306 3457 2352 3477 ra-

1283 3497 1416 3527 tionales
1442 3496 1566 3526 animos
1592 3494 1681 3535 quod
1709 3494 1828 3531 attinet,
1856 3492 2054 3523 dissidebant.
2085 3491 2275 3521 Fatebantur
2302 3491 2354 3521 alii

1283 3551 1350 3571 non
1370 3551 1424 3571 eos
1444 3540 1535 3570 educi
1554 3549 1591 3569 ex
1610 3538 1751 3579 potentia
1770 3537 1927 3574 materiae,
1948 3536 2003 3566 sed
2021 3546 2058 3566 ex
2077 3535 2176 3565 nihilo
2196 3535 2352 3575 procreari

1284 3596 1302 3615 a
1325 3594 1475 3625 supremo
1502 3584 1648 3614 numine:
1668 3582 1753 3613 unde
1772 3582 1880 3612 insana
1899 3581 2043 3621 ipsorum
2063 3586 2126 3610 erat
2150 3579 2353 3618 consecutio,

156 3628 326 3670 principio,
350 3639 414 3670 qua
437 3629 476 3659 ab
500 3638 567 3659 sese
589 3627 753 3658 individua
775 3632 970 3666 separantur,
994 3624 1110 3655 scilicet
1133 3631 1229 3654 mate·
1274 3629 1424 3671 formam
1448 3629 1622 3659 humanam
1647 3628 1785 3658 existere
1809 3627 1841 3656 in
1867 3631 2002 3666 utroque
2025 3623 2167 3667 (Socrate
2194 3631 2225 3654 et
2247 3624 2355 3654 Plato-
