2548 4192
910 272 1647 320 szTHOMMWAQmNNHmt

188 351 305 383 Christi
341 351 422 392 1257
454 350 504 380 die
533 360 564 380 11
594 350 729 390 augusti.
755 351 842 381 Haec
872 351 981 382 omnia
1012 351 1086 382 loco
1110 352 1254 392 superius

187 396 283 426 citato
306 401 463 425 memorat
487 393 678 424 Guillelmus
702 394 740 424 de
763 395 888 426 Tocco:
913 405 995 436 quae
1016 395 1134 426 mirum
1149 403 1195 426 est
1215 396 1255 425 ad

186 439 387 471 Clementem
410 439 453 469 lv
476 437 582 468 referri
606 438 758 478 potuisse.

252 484 359 514 Partes
391 482 555 513 Guillelmi
583 482 622 512 de
653 493 678 513 s.
707 485 827 513 Amore
858 483 1004 514 nondum
1034 483 1158 515 fractae.
1189 486 1255 514 An-

185 538 231 558 no
252 529 334 567 1259
351 526 581 557 controversiae
597 526 739 565 germina
757 526 996 567 repullularunt.
1014 528 1113 558 Datae
1129 528 1167 558 ab
1182 528 1255 558 Ale-

184 571 305 602 xandro
322 571 364 601 IV
387 570 550 610 Epistolae
573 570 688 600 eodem
711 581 808 609 anno,
830 571 1004 612 Anagniae
1027 573 1120 603 nonis
1142 573 1257 612 aprilis

186 613 252 658 (die
278 613 311 657 5)
333 614 543 655 Pontificatus
565 624 652 645 anno
675 616 797 655 quinto,
822 615 862 645 ad
885 615 1084 656 Episcopum
1104 616 1256 647 Parisien-

187 669 265 698 sem,
290 669 331 689 ne
353 658 426 699 quis
449 658 579 698 praefati
603 658 767 689 Guillelmi
791 669 885 690 causa
907 660 1068 690 molestias
1092 660 1185 691 alicui
1208 661 1256 691 in-

186 710 282 743 gerat.
298 702 427 733 Aemuli
443 702 591 733 Fratrum
613 703 785 743 vulgabant
809 703 931 734 libellos
944 703 1096 744 famosos
1118 706 1151 734 in
1176 705 1257 735 litte-

187 747 252 778 rali
275 752 306 778 et
328 747 461 787 vulgari
491 755 659 784 sermone,
692 757 814 778 necnon
845 748 992 788 rythmos
1021 754 1051 779 et
1079 749 1258 780 cantilenas

186 791 386 822 indecentes:
409 801 444 821 ac
468 790 565 821 atiam
597 791 774 829 Guillotus,
798 792 951 824 Bedellus
973 792 1175 823 Scholarium
1200 804 1256 824 na-

187 837 272 866 tione
294 835 518 872 Picardorum,
535 836 567 865 in
583 836 756 866 Dominica
771 836 811 866 de
825 837 938 868 Ramis
946 837 1145 877 palmarum,
1158 848 1256 877 prae-

186 879 314 910 dicante
327 879 444 920 fratre
471 880 591 910 noma
621 879 661 910 de
682 881 821 920 Aquino,
846 881 1014 922 quemdam
1039 881 1179 912 libellum
1198 881 1257 922 fa-

186 933 310 954 mosum
327 925 359 954 in
377 928 545 963 conspectu
569 924 649 954 cleri
663 929 694 954 et
707 925 823 964 populi
845 931 876 956 et
893 927 925 956 in
949 927 1090 965 ipsorum
1104 925 1256 966 fratrum

187 969 342 999 iniuriam
360 968 531 1008 publicare
548 970 777 1008 praesumpsit.
796 970 1010 1000 Aemulorum
1025 970 1156 1000 audacia
1170 979 1257 1000 com-

186 1021 304 1053 pressa,
328 1012 438 1042 litteris
457 1011 536 1042 datis
560 1012 600 1042 ad
627 1012 827 1052 Episcopum
853 1013 1061 1044 Parisiensem
1084 1014 1258 1054 Anagniae

186 1066 220 1086 vi
242 1056 308 1086 kal.
333 1057 420 1093 iulii,
444 1056 654 1096 Pontificatus
683 1066 770 1086 anno
800 1058 911 1098 quinto
939 1067 995 1087 seu
1025 1056 1143 1087 Christi
1174 1058 1255 1097 1259

188 1100 238 1131 die
266 1101 305 1130 26
331 1100 422 1130 iunii.
447 1099 581 1130 Librum
605 1099 743 1140 denique
767 1111 864 1131 suum
886 1100 1050 1132 innovavit
1064 1099 1256 1131 Guillelmus

187 1144 227 1174 de
250 1154 274 1174 s.
300 1145 431 1181 Amore,
456 1153 543 1174 novo
567 1143 668 1174 indito
694 1144 787 1175 titulo
805 1145 1010 1176 Collectionis
1031 1145 1207 1175 catholicae
1227 1150 1257 1175 et

187 1188 363 1219 canonicae
381 1187 570 1227 Scripturae
592 1187 636 1218 ad
663 1188 880 1229 defensionem
908 1189 1155 1220 Ecclesiasticae
1176 1189 1257 1219 Hie-

187 1231 338 1262 rarchiae
360 1236 472 1263 contra
488 1231 877 1272 Pseudo-praedicatores.
893 1233 966 1264 Vita
981 1233 1169 1272 migraverat
1183 1233 1256 1263 Ale-

185 1275 304 1306 xander
328 1275 382 1314 IV,
407 1275 549 1315 itemque
576 1275 746 1307 Successor
769 1277 837 1307 eius
860 1277 1008 1307 Urbanus
1031 1277 1181 1313 Quartus.
1197 1277 1256 1307 Ec-

188 1319 305 1363 clesiae
318 1319 469 1361 „regimen
495 1320 623 1351 tenebat
655 1319 804 1351 Clemens
835 1321 889 1358 lv,
920 1331 1005 1351 anno
1034 1321 1114 1351 1265
1141 1321 1257 1352 electus

159 1377 165 1379 ⁴
187 1364 238 1395 die
264 1363 281 1394 5
305 1363 423 1394 mensis
446 1363 604 1394 februarii.
620 1364 672 1394 Ad
696 1365 782 1395 hunc
798 1364 986 1396 Pontificem
1002 1375 1136 1403 novum,
1152 1372 1188 1396 ut
1204 1376 1258 1406 ap-

187 1409 326 1449 parebat,
352 1418 435 1448 opus
461 1408 691 1439 transmissum.
722 1408 898 1440 Guillelmo
922 1409 1079 1449 rescripsit
1104 1409 1258 1440 Summus

186 1452 343 1491 Pontifex,
367 1452 477 1483 litteris
500 1452 580 1483 datis
609 1453 739 1483 Viterbii
759 1463 800 1483 xv
822 1453 888 1484 kal.
914 1454 1104 1491 novembris,
1128 1454 1258 1495 Pontifi-

188 1502 281 1528 catus
309 1506 397 1528 anno
426 1496 567 1528 secundo
608 1506 664 1527 seu
693 1496 810 1528 Christi
850 1498 931 1528 1266
965 1498 1015 1528 die
1046 1498 1083 1528 18
1109 1498 1257 1529 octobris.

187 1541 276 1575 Haec
299 1541 455 1582 habentur
473 1541 584 1571 verba:
608 1555 622 1570 α
641 1541 722 1572 Sane
737 1541 878 1572 libellum
895 1552 1010 1573 novum
1029 1542 1172 1582 evolvere
1189 1553 1259 1574 coe-

190 1597 207 1614 >
227 1585 347 1626 pimus,
370 1595 468 1625 quem
491 1585 615 1623 misisti;
639 1585 695 1626 qui
717 1585 791 1616 licet
813 1586 973 1616 interdum
996 1586 1072 1617 alias
1096 1597 1186 1617 auras
1203 1587 1259 1618 cir-

187 1641 204 1657 »
227 1629 321 1668 cinet,
345 1634 483 1660 veterem
506 1636 613 1660 tamen
637 1629 777 1660 multum
800 1630 894 1670 sapit:
909 1637 940 1661 et
962 1641 1038 1661 cum
1061 1641 1210 1662 excussus
1229 1638 1259 1663 et

189 1687 205 1702 ι
228 1674 399 1711 discussus,
423 1673 495 1703 licet
518 1673 749 1704 colorationem
772 1673 805 1704 in
828 1674 937 1715 aliquo
962 1675 1105 1706 videatur
1127 1675 1259 1714 habere,

189 1730 205 1746 ι
226 1724 329 1749 totam
345 1718 448 1758 primi
477 1717 686 1748 substantiam
714 1719 941 1758 comprobatur
968 1719 1110 1750 retinere.
1139 1720 1261 1750 Verum

190 1775 206 1791 ›
229 1763 308 1793 dum
331 1768 438 1792 totum
463 1771 528 1792 non
551 1761 699 1802 legimus,
723 1762 803 1792 nihil
828 1763 883 1793 tibi
898 1773 1072 1803 possumus
1088 1764 1261 1803 responde-

190 1819 206 1834 »
228 1816 279 1845 re,
310 1806 371 1836 nisi
394 1806 484 1846 quod
507 1806 640 1846 provida
665 1806 826 1846 diligentia
854 1817 909 1837 cor
932 1814 1026 1838 tuum
1050 1807 1195 1846 munias,
1221 1819 1260 1838 ne

191 1863 206 1879 2
229 1851 288 1881 sub
311 1849 388 1880 boni
416 1850 520 1889 specie
543 1850 595 1880 ille
620 1857 651 1880 te
675 1850 815 1888 seducat,
839 1851 895 1892 qui
916 1861 949 1882 se
964 1858 999 1882 ut
1012 1851 1117 1889 lateat,
1133 1852 1167 1882 in
1182 1852 1261 1883 lucis

191 1908 207 1924 ι
227 1894 390 1934 Angelum
403 1893 613 1933 transfigurat.
622 1894 692 1924 Nos
707 1901 815 1925 autem
831 1905 906 1926 cum
919 1895 1088 1936 legerimus
1103 1896 1166 1927 hoc
1181 1907 1261 1936 opu-

190 1951 207 1966 »
228 1938 356 1969 sculum
380 1943 411 1968 et
428 1937 497 1968 aliis
521 1938 716 1969 amatoribus
738 1939 891 1978 veritatis,
918 1947 948 1970 et
973 1941 1120 1971 eamdem
1147 1941 1262 1972 intelli—

190 1996 206 2012 »
227 1982 374 2023 gentibus
398 1982 759 2021 communicaverimus,
789 1990 864 2015 tunc
885 1985 975 2025 quod
1000 1985 1093 2015 nobis
1118 1985 1261 2024 videtur,

191 2041 207 2056 ›
229 2027 286 2058 tibi
309 2026 456 2057 dabimus
475 2026 631 2057 intimare.
649 2039 663 2054 »

255 2071 308 2102 111.
331 2071 404 2101 Hoc
429 2077 573 2111 tempore
604 2071 738 2101 Ioannes
764 2072 803 2102 de
828 2072 977 2103 Vercellis
1003 2080 1077 2113 post
1102 2073 1261 2104 Humber—

187 2123 259 2148 tum
275 2116 315 2146 de
340 2115 483 2146 Romans
507 2116 634 2155 regebat
658 2115 815 2146 Ordinem
840 2115 973 2147 fratrum
991 2117 1260 2157 Praedicatorum‚

188 2170 274 2192 anno
304 2160 388 2199 1264
401 2159 434 2189 in
457 2159 645 2199 Magistrum
662 2159 850 2191 Generalem
871 2161 998 2192 electus.
1016 2162 1051 2192 In
1068 2161 1191 2192 Italiam
1205 2173 1261 2193 an-

187 2215 232 2236 no
262 2205 339 2235 1261
373 2203 594 2243 remigraverat
625 2215 648 2235 s.
681 2203 842 2235 Thomas:
876 2215 981 2247 neque
1010 2205 1086 2236 abiit
1116 2206 1176 2236 nisi
1205 2217 1261 2237 an-

187 2259 231 2280 no
256 2250 350 2289 1269,
367 2248 463 2279 altera
485 2248 552 2279 vice
577 2248 721 2279 scholam
736 2249 945 2280 Parisiensem
960 2250 1192 2281 moderaturus.
1208 2253 1261 2282 An

187 2303 261 2334 ergo
289 2292 494 2333 Opusculum
518 2302 626 2330 suum,
648 2293 707 2324 hac
730 2293 801 2324 data
825 2295 900 2324 novi
922 2294 1022 2325 libelli
1044 2305 1063 2325 a
1086 2294 1260 2326 Guillelmo

186 2338 226 2369 de
250 2344 359 2368 sancto
382 2339 504 2367 Amore
527 2337 567 2367 ad
592 2336 792 2368 Clementem
818 2338 861 2369 lv
883 2339 1056 2369 transmissi
1081 2339 1259 2377 occasione,

186 2381 344 2422 scripserit
359 2387 485 2412 sanctus
499 2380 644 2412 Thomas
661 2382 783 2412 Contra
798 2383 1026 2424 impugnantes
1040 2384 1230 2424 religionem
1242 2385 1261 2414 P

186 2427 232 2458 lta
255 2426 370 2457 sentire
393 2425 519 2456 videtur
547 2425 739 2457 Guillelmus
763 2426 802 2456 de
828 2427 956 2457 Tocco:
986 2427 1042 2468 qui
1067 2427 1126 2458 sibi
1152 2435 1259 2458 tamen

186 2470 320 2502 minime
344 2475 477 2500 constat.
501 2469 732 2501 Elucubratum
757 2470 905 2501 Thomae
929 2481 1012 2510 opus
1029 2471 1142 2502 diserte
1156 2479 1260 2502 narrat

187 2520 260 2546 ante
283 2514 578 2545 condemnationem
609 2513 643 2544 in
666 2514 818 2544 volumen
841 2514 1003 2545 Guillelmi
1027 2515 1066 2545 de
1088 2526 1112 2546 s.
1139 2518 1259 2546 Amore

187 2559 302 2590 latam:
328 2567 427 2598 quam
451 2567 537 2587 anno
566 2558 647 2588 1256
668 2558 781 2588 tulerat
805 2558 981 2589 Alexander
1002 2559 1045 2590 IV
1067 2559 1116 2590 die
1136 2561 1151 2590 5
1170 2566 1259 2591 octo-

188 2603 261 2634 bris.
285 2602 447 2633 Volumen
471 2601 551 2631 illud
575 2608 611 2632 ut
634 2602 788 2633 refelleret
810 2603 966 2643 Aquinas,
982 2613 1065 2634 onus
1079 2603 1140 2644 ipsi
1154 2604 1259 2644 impo-

187 2647 286 2678 situm
308 2646 416 2684 refert,
442 2656 514 2677 cum
539 2646 713 2687 Anagniae
735 2647 884 2688 degeret,
910 2647 943 2677 id
966 2648 1059 2678 etiam
1085 2649 1260 2679 mandante

187 2691 320 2723 Summo
342 2690 516 2732 Pontifice:
538 2700 620 2731 quae
648 2691 711 2721 loci
734 2690 966 2722 circumstantia
990 2692 1158 2732 negotium
1176 2693 1258 2723 indi-

187 2743 237 2767 cat
263 2736 452 2776 Anagniae,
484 2734 539 2765 ubi
563 2734 741 2765 Alexander
763 2735 807 2766 IV
831 2745 916 2766 anno
942 2737 1023 2766 1256
1050 2737 1187 2775 sedebat,
1213 2737 1258 2767 di-

187 2789 333 2811 scussum
353 2779 625 2820 completumque.
647 2780 898 2810 Monumentum
914 2780 1040 2811 nullum
1056 2781 1154 2819 adest,
1169 2782 1258 2822 quod

133 2842 139 2850 ·
187 2833 311 2855 novum
333 2823 498 2854 Guillelmi
521 2823 560 2853 de
583 2830 692 2854 sancto
715 2826 836 2854 Amore
854 2824 998 2855 libellum
1017 2825 1131 2865 prodat
1149 2836 1167 2855 a
1186 2825 1257 2856 Cle-

187 2874 294 2899 mente
327 2868 370 2898 IV
402 2868 607 2905 damnatum,
641 2875 752 2908 utpote
787 2869 914 2899 nonnisi
949 2874 1084 2900 veterem
1120 2880 1258 2900 errorem

190 2911 420 2943 continentem:
445 2912 530 2942 unde
551 2921 655 2952 neque
671 2922 790 2942 novam
805 2919 841 2943 ut
864 2913 1047 2953 apologiam
1062 2914 1259 2945 elucubraret

190 2955 334 2986 Thomas
355 2965 438 2995 opus
461 2955 530 2986 fuit.

256 2999 319 3029 Res
343 3008 417 3039 ergo
439 2999 483 3029 ita
505 2999 629 3030 videtur
652 3009 685 3030 se
713 3000 869 3031 habuisse.
886 3001 1011 3031 Parisiis
1034 3002 1066 3032 in
1087 3002 1208 3032 ltaliam
1223 3012 1258 3033 ac

189 3043 350 3080 Romam,
382 3049 413 3073 et
435 3043 614 3082 Anagniam
643 3053 728 3074 anno
758 3045 838 3075 1256
871 3052 1013 3076 currente
1039 3046 1259 3077 adventaverat

191 3092 317 3117 sanctus
339 3086 502 3117 Thomas.
521 3087 606 3118 Huic
628 3087 776 3118 Albertus
799 3089 952 3129 Magnus,
976 3090 1032 3130 qui
1056 3090 1090 3120 in
1113 3090 1257 3121 Theuto-

191 3130 278 3161 niam
301 3137 480 3161 reversurus
504 3138 579 3169 erat,
603 3141 722 3162 munus
746 3138 776 3162 et
798 3142 881 3163 onus
897 3133 1023 3174 reliquit
1039 3144 1161 3172 causae,
1177 3145 1258 3175 quae

191 3175 351 3215 agebatur,
367 3175 503 3204 tuendae
519 3185 555 3205 ac
573 3175 822 3215 propugnandae
837 3177 1004 3208 adversum
1020 3178 1187 3218 magistros
1200 3179 1258 3208 Pa-

190 3219 344 3249 risienses.
377 3218 547 3249 Mandante
585 3218 738 3250 Pontifice
769 3220 948 3251 Alexandro
981 3222 1023 3252 1v
1056 3232 1091 3252 ac
1129 3227 1258 3262 urgente

191 3263 371 3293 Humberto
409 3262 448 3292 de
484 3263 627 3292 Romans
659 3263 804 3294 Generali
836 3264 965 3295 Ordinis
1003 3266 1258 3296 Praedicatorum

190 3306 352 3346 Magistro,
377 3316 459 3346 opus
483 3306 535 3336 ille
551 3307 715 3346 adgressus
734 3314 780 3338 est
802 3309 1036 3349 complevitque
1063 3309 1186 3340 Contra
1202 3311 1258 3339 im-

185 3356 375 3392 pugnantes
405 3350 617 3391 Religionem.
646 3351 763 3381 Latum
793 3361 868 3392 ergo
899 3353 938 3382 ab
964 3353 1079 3383 eodem
1106 3353 1259 3383 Pontifice

191 3394 378 3432 anathema,
410 3394 617 3434 redactusque
649 3394 683 3424 in
714 3395 824 3425 ordine
856 3395 1046 3426 Guillelmus
1078 3397 1117 3426 de
1150 3403 1258 3427 sancto

191 3441 322 3470 Amore.
340 3438 468 3476 Quievit
482 3438 549 3478 ipse
566 3438 632 3477 diu,
652 3438 763 3468 volens
783 3439 909 3469 nolens:
933 3439 1077 3470 libellum
1098 3450 1195 3470 suum
1212 3440 1259 3470 in-

191 3483 336 3521 novavit3
360 3482 594 3522 transmisitque
617 3482 749 3512 demum
771 3483 812 3512 ad
836 3482 1036 3513 Clementem
1052 3484 1104 3514 IV.
1121 3483 1256 3513 Nonnisi

194 3532 330 3558 veterem
355 3536 493 3557 errorem
515 3526 665 3557 recautari
689 3526 818 3566 agnovit
845 3526 998 3557 Summus
1022 3527 1175 3557 Pontifex.
1200 3528 1258 3557 Le-

193 3571 334 3610 gendum
357 3571 383 3601 is
407 3570 517 3601 Ioanni
540 3570 729 3601 Vercellensi
753 3580 876 3600 novum
894 3570 1010 3600 librum
1025 3570 1161 3601 tradidit:
1177 3571 1258 3611 ipse-

194 3624 257 3655 que
279 3615 427 3655 Magister
450 3614 610 3646 Generalis
634 3614 784 3655 Aquinati
807 3624 938 3645 examen
964 3614 1142 3654 commisit,
1174 3621 1211 3645 ut
1233 3615 1258 3644 si

2249 291 2379 317 CCXLllI

1310 352 1389 393 quid
1412 362 1513 383 novae
1537 352 1730 385 difficultatis
1753 354 1878 393 inesset,
1895 356 2107 395 responderet.
2124 357 2211 387 Nihil
2233 368 2307 389 vero
2328 359 2380 389 de—

1310 396 1514 436 prehensum,
1532 397 1621 438 quod
1636 407 1720 428 nova
1738 399 1945 439 responsione
1961 399 2164 430 refutandum
2180 401 2271 432 foret:
2287 403 2380 433 adeo-

1311 450 1374 481 que
1398 440 1562 471 Guillelmi
1588 442 1627 472 de
1643 449 1751 473 sancto
1766 445 1886 474 Amore
1900 443 2024 474 libellus
2041 444 2206 475 derelictus
2228 445 2288 476 fuit
2307 457 2382 477 con-

1311 490 1525 525 temptusque.
1550 486 1638 516 Haec
1664 494 1738 517 sunt
1763 487 1871 518 omnia
1893 488 2131 519 verisimillima.

1379 528 1447 559 Cur
1469 539 1544 569 ergo
1570 530 1714 561 Thomas
1740 531 2032 572 Cantimpratensis,
2052 532 2108 573 qui
2134 532 2302 563 Albertum
2316 534 2382 564 Ma-

1312 581 1413 611 gnum
1436 580 1594 604 memorat
1619 581 1649 605 et
1674 582 1819 606 sanctum
1842 576 2114 615 Bonaventuram,
2147 577 2270 607 nullam
2293 577 2381 608 Tho-

1313 626 1383 646 mae
1405 617 1575 657 Aquinatis
1598 619 1796 650 mentionem
1811 618 1994 660 ingesserit?
2008 620 2088 651 Satis
2102 627 2167 651 erat
2180 621 2301 652 Alberti
2314 622 2381 652 Ma-

1312 660 1366 700 gni
1398 661 1601 700 meminisse,
1625 663 1681 703 qui
1704 663 1737 694 in
1769 664 1987 695 Theutoniam
2018 664 2238 705 profecturuS,
2269 676 2381 696 causae

1312 704 1470 735 vindicem
1503 705 1671 746 reliquerat
1696 715 1841 738 sanctum
1869 709 2040 739 Thomam.
2071 709 2191 746 Quidni
2224 716 2383 750 praeterea

1313 748 1460 779 Thomae
1484 759 1566 789 opus
1589 750 1699 781 locum
1724 751 1838 783 habeat
1861 753 1942 783 inter
1963 763 2014 783 eas
2029 763 2222 794 magnorum
2239 755 2381 785 virorum

1312 792 1554 832 disputationes,
1579 804 1658 835 quas
1682 794 1861 827 memorat?
1877 797 1958 827 Sane
1973 797 2059 827 varia
2082 797 2272 838 scriptorum
2288 798 2382 837 dicta,

1313 846 1394 876 quae
1418 837 1510 867 allata
1534 845 1618 876 sunt,
1643 839 1780 870 invicem
1804 840 1917 871 collata
1942 851 1978 871 ac
2003 841 2084 872 serio
2101 852 2247 882 expensa,
2260 849 2383 873 senten-

1313 880 1390 910 tiam
1413 887 1555 911 nostram
1578 882 1769 914 validissime
1793 884 1990 916 confirmant.

1689 1003 2007 1042 CAPUTIH.

1383 1096 1440 1120 Alia
1459 1097 1510 1121 duo
1529 1097 1622 1130 scripta
1641 1098 1672 1123 ab
1687 1099 1814 1131 Aquinate
1833 1100 1966 1133 opuscula
1984 1102 2107 1126 adversus
2127 1102 2267 1128 Geraldum
2287 1104 2318 1128 de

1464 1131 1654 1158 Abbatis-villa.
1674 1134 1867 1167 Opusculorum
1886 1136 2039 1168 praestantia
2058 1145 2087 1161 ac
2105 1137 2228 1163 soliditas.

1314 1236 1336 1266 I.
1361 1229 1463 1312 Per
1486 1234 1563 1264 haec
1587 1242 1731 1275 tempora
1755 1235 1888 1275 scriptor
1910 1236 2051 1276 quidam,
2070 1237 2198 1268 Ordinis
2221 1238 2384 1269 Minorum

1431 1278 1593 1316 alumnus,
1617 1279 1734 1309 librum
1759 1279 1896 1310 ediderat
1912 1287 2019 1310 contra
2036 1281 2246 1312 Guillelmum
2261 1283 2299 1313 de
2314 1293 2383 1313 san-

1315 1331 1366 1355 cto
1389 1327 1522 1361 Amore,
1546 1323 1602 1364 qui
1628 1323 1754 1363 incipit:
1779 1324 1912 1361 Manus,
1937 1334 2020 1365 quae
2042 1331 2154 1355 contra
2182 1325 2384 1366 Omnipoten-

1315 1374 1376 1399 tem
1400 1367 1554 1405 tenditur,
1570 1367 1678 1408 facile
1699 1367 1858 1398 deiicitur.
1883 1368 2114 1399 Doctissimum
2136 1369 2318 1401 Echardum
2337 1381 2383 1401 se-

1314 1423 1408 1454 quor,
1433 1411 1489 1454 qui
1512 1411 1593 1442 hanc
1617 1411 1764 1442 historiae
1788 1418 1910 1452 partem
1939 1413 2174 1453 diligentissime
2203 1421 2323 1445 enarrat
2347 1425 2383 1445 ex

1314 1457 1429 1497 insigni
1461 1466 1520 1486 ms.
1552 1455 1660 1486 codice
1695 1455 1866 1496 Gymnasii
1898 1458 2048 1497 magistri
2077 1457 2234 1488 Gervasii.
2259 1458 2386 1498 Duplici

1315 1501 1427 1532 libello
1460 1500 1602 1540 reposuit
1634 1499 1788 1531 Geraldus
1826 1501 1864 1530 de
1894 1501 2133 1540 Abbatis-villa,
2166 1508 2202 1532 ut
2234 1502 2385 1541 creditur,

1315 1545 1463 1586 magister
1485 1543 1683 1575 parisiensis:
1710 1544 1808 1575 altero
1837 1545 1896 1575 sub
1919 1545 1981 1576 hoc
2007 1545 2111 1584 titulo,
2131 1559 2146 1573 α
2164 1546 2322 1586 Incipiunt
2339 1556 2385 1576 er-

1318 1602 1333 1616 »
1355 1600 1462 1628 rores,
1496 1589 1552 1629 qui
1587 1588 1787 1619 continentur
1810 1589 1844 1619 in
1867 1589 1975 1619 libello
2001 1600 2019 1619 a
2043 1590 2186 1630 quodam
2209 1590 2300 1621 fratre
2326 1590 2386 1621 Mi-

1319 1646 1334 1661 »
1356 1644 1434 1664 nore
1458 1633 1638 1673 composito
1663 1640 1693 1663 et
1715 1633 1754 1663 ab
1779 1633 1855 1672 ipsis
1881 1633 2052 1672 Fratribus,
2070 1641 2105 1664 ut
2132 1634 2256 1673 dicitur,
2273 1644 2386 1675 appro-

1320 1690 1334 1704 »
1357 1678 1451 1716 bato,
1475 1677 1531 1718 qui
1555 1676 1666 1717 incipit
1688 1676 1752 1715 sic,
1781 1678 1904 1708 Manus
1925 1687 2009 1718 quae
2041 1683 2153 1709 contra
2181 1678 2383 1719 Omnipoten-

1319 1735 1334 1749 »
1357 1728 1438 1752 tem:
1463 1733 1478 1748 »
1515 1728 1546 1751 et
1578 1721 1696 1759 altero,
1737 1721 1792 1762 qui
1825 1721 1857 1751 in
1892 1721 2021 1752 laudato
2060 1722 2168 1753 codice
2202 1722 2251 1752 his
2285 1722 2387 1753 verbis

1316 1766 1491 1803 indicatur,
1517 1778 1532 1792 ‹
1555 1765 1667 1805 Incipit
1689 1764 1767 1795 liber
1785 1775 1930 1805 praesens
1956 1772 2065 1796 contra
2088 1767 2300 1797 adversarium
2314 1776 2384 1807 per-

1320 1823 1334 1838 »
1357 1809 1501 1840 fectionis
1525 1808 1724 1846 christianae,
1744 1809 1880 1840 maxime
1902 1810 2118 1840 Praelatorum
2137 1810 2386 1851 facultatumque

1320 1867 1335 1882 »
1357 1853 1647 1885 Ecclesiasticarum
1671 1853 1848 1884 inimicum.
1872 1866 1886 1881 x·
1914 1854 2015 1894 Ipsius
2039 1854 2142 1894 operis
2166 1854 2294 1885 initium
2317 1855 2385 1885 aliis

1318 1898 1464 1938 exprimit
1485 1897 1587 1928 verbis
1611 1907 1636 1928 s.
1660 1897 1882 1928 Bonaventura
1905 1898 1937 1928 in
1960 1898 2122 1939 Apologia
2144 1909 2323 1939 pauperum
2338 1909 2385 1929 re—

1318 1953 1426 1983 spons.
1451 1952 1472 1981 1,
1497 1951 1566 1982 cap.
1590 1952 1612 1980 1,
1636 1949 1767 1981 nempe:
1797 1943 1934 1972 Tantum
1958 1943 2017 1973 sibi
2037 1944 2312 1983 praesumptionis
2334 1953 2385 1974 as-

1317 1991 1524 2027 sumpserunt
1545 1986 1675 2026 quidam
1699 1986 1858 2017 homines:
1881 1993 2033 2027 notatque
2056 1997 2139 2027 opus
2160 1987 2245 2017 istud
2259 1987 2386 2018 concin-

1318 2037 1429 2062 natum
1452 2031 1491 2060 ab
1515 2036 1644 2061 auctore
1669 2029 1765 2061 fuisse
1794 2035 1906 2061 contra
1931 2031 2154 2062 adversarium
2176 2031 2386 2071 perfectionis

1317 2076 1514 2106 christianae
1546 2079 1577 2105 et
1594 2074 1819 2114 praelatorum
1852 2080 1883 2105 et
1898 2074 2102 2116 facultatum
2132 2076 2307 2106 Ecclesiae.
2332 2075 2384 2106 Li-

1317 2119 1407 2150 bellis
1430 2119 1515 2149 hisce
1538 2118 1624 2148 idem
1647 2125 1773 2149 sanctus
1788 2119 2010 2149 Bonaventura
2026 2119 2179 2159 opposuit
2193 2120 2384 2161 Apologiam

1310 2171 1517 2204 pauperum:
1547 2172 1646 2203 quam
1675 2162 1809 2193 refutare
1841 2163 1994 2194 Geraldus
2023 2164 2186 2203 adgressus
2209 2170 2274 2201 est,
2301 2163 2385 2194 edito

1316 2208 1414 2239 Libro
1429 2207 1629 2248 apologetico
1652 2208 1796 2238 auctoris
1814 2212 1844 2237 et
1859 2208 1933 2238 libri
1947 2213 2059 2238 contra
2075 2208 2297 2238 adversarium
2306 2217 2384 2247 per-

1307 2252 1465 2293 fectionis
1488 2252 1692 2282 christianae.

1382 2297 1528 2335 Pugnam
1558 2295 1638 2325 hanc
1662 2295 1782 2334 ingredi
1811 2295 1949 2334 pretium
1977 2305 2091 2335 operae
2119 2295 2207 2326 duxit
2223 2295 2382 2336 Aquinas:

1316 2340 1520 2380 vulgavitque
1551 2339 1773 2379 Opusculum,
1801 2339 1891 2379 quod
1914 2339 2091 2370 inscribitur
2112 2340 2163 2370 De
2184 2339 2386 2380 perfectione

1317 2386 1401 2415 vitae
1423 2383 1611 2424 spiritualis.
1636 2383 1711 2413 Non
1732 2382 1819 2413 siluit
1846 2383 2010 2414 Geraldus.
2035 2384 2239 2423 Responsum
2255 2383 2322 2414 eius
2338 2393 2384 2414 re-

1316 2434 1421 2459 censet
1444 2437 1537 2467 saepe
1562 2427 1708 2457 laudatus
1732 2427 1831 2457 codex
1850 2427 2055 2466 Gervasaeus,
2073 2428 2123 2458 cui
2139 2427 2249 2458 titulus
2263 2427 2383 2458 inditus

1314 2472 1443 2512 legitur:
1467 2472 1518 2502 De
1534 2470 1736 2511 perfectione
1758 2476 1862 2502 status
1884 2472 2085 2502 clericorum.
2105 2472 2218 2502 Libelli
2234 2472 2324 2502 initio
2341 2471 2384 2502 ita

1315 2516 1473 2556 praefatur
1495 2522 1620 2546 auctor:
1648 2529 1662 2543 α
1682 2514 1768 2546 Cum
1790 2515 1823 2545 in
1846 2525 1960 2546 manus
1984 2522 2106 2546 nostras
2138 2516 2269 2556 quidam
2297 2515 2383 2546 libel-

1317 2573 1332 2588 »
1354 2560 1415 2598 lus,
1439 2559 1495 2601 qui
1517 2559 1695 2590 intitulatur
1716 2560 1767 2590 De
1779 2559 1980 2600 perfectione
2003 2561 2087 2590 vitae
2108 2560 2305 2600 spiritualis,
2331 2560 2382 2590 de-

1317 2617 1332 2632 »
1354 2604 1506 2642 venisset,
1533 2614 1550 2634 a
1573 2603 1711 2644 quodam
1729 2603 1846 2644 fratre
1867 2604 2095 2635 Praedicatore
2118 2602 2260 2646 (Thoma
2282 2603 2383 2644 Aqui-

1317 2661 1332 2676 »
1354 2647 1440 2691 nate)
1465 2648 1567 2679 editus
1591 2654 1621 2678 et
1644 2647 1773 2688 publico
1797 2647 1927 2678 traditus
1952 2648 2130 2688 exemplari:
2150 2649 2183 2678 in
2197 2658 2263 2689 quo
2279 2657 2382 2678 sacro-

1316 2705 1332 2720 »
1354 2699 1461 2723 sancta
1474 2691 1664 2723 subvertitur
1679 2691 1885 2723 ecclesiastica
1894 2692 2086 2730 Hierarchia,
2101 2699 2199 2723 status
2208 2692 2383 2732 periculose

1317 2750 1332 2764 ›
1354 2737 1498 2767 deiicitur
1513 2736 1714 2767 sacerdotum
1727 2736 1901 2774 minorum,
1912 2743 1948 2767 ut
1962 2737 2000 2767 de
2015 2736 2096 2767 facili
2110 2737 2143 2766 in
2161 2742 2382 2775 contemptum

1316 2794 1331 2808 ›
1354 2781 1481 2811 veniant
1503 2780 1723 2818 subditorum;
1746 2780 1852 2811 visum
1876 2787 1922 2811 est
1944 2781 2036 2811 nobis
2059 2787 2167 2811 contra
2190 2780 2275 2810 hunc
2294 2779 2382 2809 libel-

1317 2838 1331 2852 »
1352 2826 1423 2856 lum
1453 2825 1585 2856 scribere
1616 2831 1772 2865 oportere.
1795 2836 1810 2851 »
1837 2825 1955 2855 Levem
1985 2824 2134 2865 opellam,
2158 2831 2194 2854 ut
2217 2833 2381 2854 exsuccam

1314 2869 1504 2910 contempsit
1526 2869 1679 2909 Aquinas.
1704 2869 1834 2899 Novum
1852 2868 1999 2908 procudit
2015 2879 2096 2908 opus
2111 2868 2274 2906 Geraldus,
2291 2867 2380 2908 quod

1313 2920 1360 2944 est
1382 2920 1582 2954 postremum
1605 2913 1637 2943 in
1662 2913 1769 2943 codice
1793 2912 1979 2943 Gervasaeo.
2005 2912 2134 2952 Incipit:
2158 2913 2320 2952 Magister
2340 2911 2378 2951 G.

1312 2958 1353 2988 de
1376 2958 1410 2988 T.
1429 2958 1467 2988 L.
1485 2957 1742 2988 Archidiaconus
1759 2957 1799 2987 de
1819 2957 1853 2987 T.
1869 2957 1907 2987 L.
1927 2957 2061 2986 Parisiis
2077 2966 2194 2996 regens
2210 2957 2242 2986 in
2262 2955 2378 2986 theolo-

1311 3003 1381 3043 gia,
1388 3002 1587 3042 praedilecto
1598 3007 1628 3031 et
1630 3001 1729 3042 fideli
1744 3002 1845 3031 amico
1859 3010 1918 3031 suo
1932 3001 2088 3041 magistro
2101 3000 2137 3030 C.
2148 3002 2188 3030 de
2200 3001 2233 3030 T.
2244 3000 2281 3030 L.
2292 3004 2381 3039 optat

1312 3046 1459 3077 salutem.
1485 3046 1520 3075 In
1544 3055 1583 3075 eo
1607 3045 1774 3085 praecipue
1804 3051 1943 3075 versatur
1975 3044 2134 3084 quaestio:
2159 3044 2209 3074 An
2238 3044 2382 3074 homines

1314 3089 1485 3120 exercendi
1507 3090 1571 3120 sint
1594 3090 1715 3120 diutius
1731 3090 1763 3119 in
1780 3089 1998 3119 observatione
2011 3093 2271 3128 praeceptorum,
2283 3089 2380 3128 prius

1312 3144 1407 3174 quam
1424 3135 1508 3164 viam
1526 3133 1732 3164 consiliorum
1749 3134 1781 3163 in
1796 3132 2018 3173 Religionibus
2031 3133 2178 3172 arripere
2186 3133 2379 3172 permittan-

1313 3184 1376 3208 tur.
1394 3177 1542 3208 Aientem
1564 3177 1784 3217 opinationem
1806 3183 1912 3207 tuetur
1936 3176 2084 3206 acerrime
2101 3176 2264 3207 Geraldus:
2282 3185 2379 3216 quem

1312 3222 1435 3252 invictis
1452 3221 1644 3261 argumentis
1660 3220 1837 3260 profligavit
1860 3231 1883 3251 s.
1902 3221 2056 3258 Thomas,
2073 3220 2164 3250 tertio
2184 3220 2268 3250 edito
2288 3220 2378 3259 Opu-

1313 3266 1402 3296 sculo
1424 3265 1546 3295 Contra
1563 3265 1755 3305 pestiferam
1779 3264 1957 3295 doctrinam
1982 3265 2212 3294 retrahentium
2236 3264 2380 3294 homines

1311 3319 1331 3339 a
1354 3309 1533 3349 Religionis
1555 3310 1716 3349 ingressu.

1380 3352 1684 3393 Geraldum,'quem
1707 3352 1920 3383 adversarium
1943 3352 2025 3382 nacti
2048 3358 2122 3382 sunt
2144 3357 2269 3381 sanctus
2288 3350 2378 3380 Tho—

1313 3406 1380 3426 mas
1404 3402 1434 3426 et
1457 3402 1582 3426 sanctus
1611 3396 1849 3434 Bonaventura,
1872 3395 2059 3435 magistrum
2086 3395 2196 3435 utique
2224 3394 2377 3424 Parisien-

1313 3450 1391 3477 sem,
1416 3446 1629 3479 cognomento
1652 3439 1692 3469 de
1707 3440 1939 3476 Abbatis-villa‚
1956 3439 2054 3478 vulgo
2069 3439 2182 3469 ferunt.
2200 3438 2377 3468 Adversarii

1312 3493 1431 3513 nomen
1454 3483 1503 3512 vel
1527 3493 1563 3512 ex
1587 3483 1741 3513 modestia
1763 3483 1813 3513 vel
1836 3493 1872 3513 ex
1892 3483 2079 3522 ignorantia,
2095 3482 2257 3522 Wadingo
2278 3482 2376 3512 adno-

1312 3533 1396 3557 tante
1420 3526 1460 3556 ad
1483 3536 1605 3556 annum
1633 3527 1725 3567 1269,
1750 3537 1839 3557 num.
1857 3537 1888 3567 7,
1906 3526 2024 3567 ubique
2040 3526 2163 3557 reticuit
2176 3533 2301 3557 sanctus
2314 3526 2377 3556 Bo—

1312 3577 1484 3601 naventura
1507 3570 1540 3600 in
1563 3580 1619 3600 sua
1634 3580 1812 3610 paupemm
1825 3570 1993 3610 Apologia:
2010 3570 2098 3611 quod
2114 3570 2208 3601 etiam
2222 3571 2261 3600 ab
2274 3569 2376 3611 Aqui—

1312 3621 1384 3645 nate
1403 3614 1599 3654 praestitum.
1615 3617 1657 3645 At
1666 3616 1807 3655 posteris
1822 3615 1937 3655 ubique
1951 3615 2089 3645 innotuit
2104 3614 2297 3645 adversarius
2311 3614 2376 3653 ille,
