2788 4204
115 2344 237 2414 gnoti*

57 3576 74 3587 '⁸
87 3571 126 3597 Ad
136 3575 217 3597 scient.
228 3581 276 3597 om.

61 3602 233 3650 ss'ssffiessm
241 3602 277 3623 in-

1107 273 1217 310 CAP.
1248 274 1406 322 XXVII,
1437 276 1587 312 LECT.
1618 277 1703 313 XLI

2419 280 2492 317 303

768 541 986 598 LECT
988 543 1071 598 10
1110 544 2029 621 QUADRAGESIMAPRIMA

680 679 765 720 DE
799 680 1284 722 COMPARATIONE
1317 681 1638 723 SCIENTIAE
1672 684 1758 723 AD
1793 683 2121 725 SCIENTIAM

547 754 888 796 SECUNDUM
924 756 1401 805 CERTITUDINEM,
1441 758 1520 797 ET
1556 757 1893 800 SECUNDUM
1931 759 2250 800 UNITATEM

1101 831 1180 871 ET
1213 831 1693 873 PLURALITATEM

369 1021 434 1041 frou
461 1008 514 1042 ὅτι
538 1012 596 1041 καὶ
621 1005 712 1041 διότι
737 1010 758 1046 ἠ
785 1010 892 1051 αὐτή,
921 1010 1012 1041 ἀλλοὶ
1032 1009 1080 1052 μή
1112 1011 1211 1055 χωρὶς
1235 1012 1298 1042 τοῦ
1318 1010 1372 1042 ὅτι

371 1055 433 1091 τῆς
460 1056 522 1086 τοῦ
546 1049 658 1095 διότι,
684 1056 742 1086 καὶ
760 1054 780 1089 ἡ
826 1054 847 1090 ἡ
872 1052 947 1085 καθ’
969 1055 1190 1098 ὑποκειμένου
1208 1055 1270 1092 τῆς
1287 1053 1369 1086 καθ’

371 1097 614 1141 ὑποκειμένου,
641 1099 709 1130 οἷον
737 1066 942 1142 &paiz-unum}
973 1099 1172 1141 ἁρμονικῆς,
1198 1101 1256 1130 καὶ
1282 1100 1302 1135 η
1337 1097 1371 1139 ἐξ

371 1142 567 1175 ἐλαττόνων
585 1143 648 1180 τῆς
667 1143 702 1175 ἑκ.
726 1142 947 1186 προσθέσεως,
967 1143 1035 1174 οἷον
1053 1146 1262 1188 γνωμετρίας
1283 1141 1372 1186 ἀριθ-

370 1185 514 1230 μητική.
546 1186 644 1232 Λέγω
675 1182 705 1217 δ’
734 1187 771 1218 ἐκ.
796 1186 1023 1231 προσθέσεως,
1052 1188 1119 1219 οἷον
1145 1187 1248 1231 μονάς
1275 1187 1372 1219 οὐσία

372 1229 506 1271 ἄθετος,
525 1230 653 1277 στιγμή
678 1226 716 1263 δὲ
742 1231 841 1263 οὐσία
867 1230 978 1268 θετός·
1005 1230 1139 1268 ταύτην
1168 1232 1205 1263 ἐκ
1234 1231 1375 1276 προσθέ-

371 1287 465 1312 σεως.
584 1281 590 1287 ’

303 1358 375 1388 Μία
398 1350 427 1390 δ’
458 1354 632 1399 ἐπιστήμη
659 1356 751 1388 ἐστὶν
777 1357 798 1393 ἡ
825 1356 905 1394 ἑνὸς,
920 1356 1049 1402 γένους,

288 1400 378 1433 ’ὃὸ-σῖ
393 1399 429 1432 ἔκ
454 1401 521 1433 τῶν
546 1399 686 1444 πρώτων
715 1399 893 1447 σύγκειται
923 1402 982 1432 καὶ
1006 1400 1088 1445 μέρη
1116 1401 1206 1434 ἐστὶν
1232 1400 1253 1438 ἦ
1278 1401 1371 1439 πάθη

370 1443 504 1477 τούτων
529 1443 603 1476 καθ’
633 1443 739 1477 αὐτά.

256 1516 259 1518 .
296 1487 422 1533 Ἑτέρα
447 1484 475 1520 δ’
505 1488 680 1534 ἐπιστήμη
707 1491 798 1522 ἐστὶν
826 1489 958 1532 ἑτέρας,
984 1489 1067 1521 ὅσων
1094 1492 1128 1521 αἱ
1156 1490 1257 1536 ἀρχαὶ
1283 1489 1368 1535 μήτ’

368 1534 406 1565 ὲκ.
430 1534 497 1566 τῶν
524 1533 637 1567 αὐτῶν
662 1533 741 1579 μήθ’
772 1534 886 1578 ἕτεραι
912 1535 948 1566 ἐκ
973 1535 1040 1566 τῶν
1066 1534 1201 1576 ἑτέρων.

300 1577 433 1612 Τούτου
457 1573 496 1610 δὲ
519 1583 670 1623 σημεῖον,
697 1579 782 1612 ὅταν
808 1579 852 1616 εἰς
871 1578 920 1611 τοὶ
939 1574 1175 1612 ἀναπόδεικτα
1201 1578 1294 1622 ἔλθῃ·
1321 1574 1374 1610 δεῖ

366 1623 433 1669 γάρ
460 1623 556 1655 αὐτοὶ
579 1624 612 1656 ὲν
639 1625 686 1665 τῷ
713 1625 809 1665 αὐτῷ
851 1622 915 1655 ε’νει
935 1620 1110 1662 εἶναιτοῖς
1129 1619 1374 1669 ἀποδεδειγμέ-

368 1678 447 1705 νοις.
476 1669 618 1712 Σημεῖον
641 1664 754 1701 δὲκαὶ
778 1681 918 1709 τουτου,
939 1667 1024 1700 ὅταν
1044 1669 1090 1701 τά
1110 1664 1308 1713 δεικνύμενα
1327 1665 1370 1700 δι’

369 1712 483 1745 αὐτῶν
510 1714 544 1745 ἑν
570 1713 690 1755 ταύτῷ
715 1713 804 1760 γένει
829 1712 888 1746 ὦσι
912 1715 970 1745 καὶ
995 1714 1155 1759 συγγενῆ.

298 1757 436 1795 Πλείους
461 1752 491 1788 δ’
516 1753 706 1799 ἀποδείξεις
724 1756 809 1790 εἶναι
827 1759 890 1792 τοῦ
908 1758 1018 1790 αὐτοῦ
1043 1759 1187 1804 ἐγχωρεῖ
1215 1757 1253 1789 οὐ
1270 1756 1370 1800 μόνον

368 1803 405 1834 ἐκ
431 1803 494 1840 τῆς
520 1803 629 1841 αὐτῆς
655 1805 855 1848 συστοιχίας
879 1803 1095 1847 λαμβάνοντι
1112 1802 1158 1846 μή
1178 1802 1219 1834 τὸ
1237 1802 1370 1847 συνεχὲς

368 1846 483 1892 μέσον,
511 1847 580 1879 οἷον
605 1848 673 1881 τῶν
691 1848 716 1879 Α
732 1850 756 1879 Β
774 1849 816 1881 τὸ
837 1850 858 1879 Γ
878 1850 936 1879 καὶ
955 1849 978 1877 Δ
994 1850 1052 1879 καὶ
1070 1850 1110 1888 Ζ,
1139 1846 1229 1879 ἀλλοὶ
1251 1850 1309 1878 καὶ
1337 1846 1370 1887 ἐξ

368 1890 502 1935 ἑτέρας·
530 1893 598 1924 οἷον
623 1893 712 1925 ἔστω
737 1893 779 1925 τὸ
801 1895 826 1924 Α
844 1891 1090 1936 μεταβάλλειν,
1113 1891 1154 1924 τὰ
1171 1886 1200 1922 δ’
1234 1891 1276 1934 ἐφ’
1300 1890 1323 1932 ᾧ
1349 1895 1372 1921 Δ

366 1935 548 1978 κινεῖσθαι,
576 1936 617 1968 τὸ
642 1932 680 1969 δὲ
699 1938 724 1967 Β
746 1933 907 1978 ἥδεσθαι,
932 1939 990 1968 καὶ
1017 1936 1119 1969 πάλιν
1146 1936 1186 1969 τὸ
1204 1937 1234 1966 Η
1259 1935 1371 1979 ἠρεμί-

367 1979 496 2024 ζεσθαι.
518 1979 659 2020 Ἀληθές
688 1979 744 2013 οὖν
769 1984 827 2014 καὶ
854 1981 895 2014 τὸ
913 1982 936 2012 Δ
955 1983 1017 2013 τοῦ
1035 1983 1059 2012 Β
1074 1982 1133 2013 καὶ
1158 1980 1199 2012 τὸ
1224 1980 1249 2010 Α
1267 1980 1329 2013 τοῦ
1348 1981 1371 2010 Δ

365 2030 585 2072 κατηγορεῖν·
614 2027 630 2057 ὁ
660 2026 724 2072 γάρ
751 2022 915 2070 ἡδόμενος
940 2030 1086 2058 κινεῖται
1110 2028 1168 2057 καὶ
1199 2024 1240 2056 τό
1264 2024 1371 2056 κινού-

367 2082 465 2115 μενον
484 2070 710 2114 μεταβάλλει.
730 2071 834 2104 Πάλιν
853 2071 894 2104 τὸ
912 2071 938 2102 A
955 2072 1018 2103 τοῦ
1035 2072 1065 2102 H
1081 2072 1138 2102 καὶ
1160 2069 1202 2102 τὸ
1219 2070 1249 2100 Η
1266 2070 1328 2101 τοῦ
1346 2071 1370 2100 Β

370 2115 491 2153 ἀληθὲς
515 2120 734 2160 κατηγορεῖν·
765 2117 832 2154 πᾶς
857 2115 921 2163 γάρ
950 2117 965 2148 ὀ
984 2110 1147 2159 ἡδόμενος
1175 2114 1371 2158 ἠρεμίζεται

366 2162 426 2192 καὶ
448 2161 464 2192 ὁ
482 2159 721 2205 ἠρεμιζόμενος
746 2160 974 2205 μεταβάλλει.
993 2160 1096 2192 Ὥστε
1113 2155 1150 2191 δι’
1174 2158 1296 2202 ἑτέρων
1314 2158 1372 2202 με’-

367 2217 432 2238 σων
456 2207 514 2237 καὶ
533 2205 592 2237 οὐκ
610 2207 646 2239 ἐκ
665 2207 727 2243 τῆς
747 2206 857 2243 αὐτῆς
884 2207 1081 2250 συστοιχίας
1101 2206 1117 2236 ὁ
1135 2202 1370 2259 συλλογισμός.

366 2250 412 2281 Οὐ
438 2249 505 2294 μην
535 2249 624 2283 ὥστε
655 2246 840 2295 μηδέτερον
870 2250 967 2283 κατά
995 2244 1182 2293 μηδετέρου
1212 2247 1372 2294 λεγεσθαι

367 2295 435 2328 τῶν
457 2293 580 2339 μέσων·
609 2295 677 2328 ἀνά
701 2307 742 2332 κη
768 2295 833 2341 γαρ
863 2296 910 2335 τῷ
930 2294 1025 2336 αὐτῷ·
1051 2295 1117 2327 τινὶ
1144 2293 1240 2337 ἄμφω
1267 2292 1372 2336 ὑπάρ-

366 2350 452 2384 χειν.
470 2308 743 2384 Ἐπισκέψασξαι
760 2336 798 2372 δὲ
814 2342 872 2371 καὶ
886 2335 944 2372 διαὶ
959 2340 1025 2372 τῶν
1046 2339 1154 2371 ἄλλων
1169 2337 1370 2382 σχημάτων,

368 2385 501 2429 ὁσαχῶς
529 2379 708 2432 ἐνδέχεται
733 2386 796 2418 τοῦ
823 2384 933 2417 αὐτοῦ
950 2383 1107 2430 γενέσθαι
1133 2381 1368 2428 συλλογισμόν.
1398 2403 1402 2421 ,

364 2480 516 2508 Simops1s.
529 2497 564 2500 —
581 2489 603 2508 1.
618 2481 831 2517 Argumentum
846 2485 874 2507 et
888 2479 991 2507 divisio
1006 2485 1108 2507 textus.
1121 2496 1139 2500 -
1154 2486 1181 2506 2.
1197 2478 1295 2506 Prima
1308 2488 1374 2515 pars

301 2519 443 2549 lectionis.
465 2536 484 2542 -
502 2521 575 2548 Tres
603 2520 685 2548 modi
714 2519 819 2557 quibus
846 2528 906 2547 una
932 2518 1050 2547 scientia
1077 2525 1120 2547 est
1145 2519 1233 2547 altera
1261 2518 1374 2547 certior.

301 2560 417 2589 Primus
439 2561 560 2588 modus:
590 2559 717 2588 Scientia
745 2569 819 2596 quae
847 2559 914 2587 facit
939 2568 1115 2596 cognoscere
1140 2565 1202 2586 tum
1224 2558 1290 2596 quia
1311 2565 1373 2586 tum

295 2606 424 2639 propter
445 2600 514 2638 quid
534 2599 592 2635 rei,
615 2606 658 2628 est
679 2599 759 2636 prior
780 2606 807 2627 et
825 2599 930 2627 certior
951 2599 999 2627 illa
1020 2608 1094 2635 quae
1116 2599 1212 2627 solum
1238 2598 1304 2627 facit
1325 2608 1374 2626 co-

300 2649 441 2678 gnoscere
463 2640 538 2677 quia‚
561 2640 715 2676 separatim
736 2640 772 2668 ab
795 2649 829 2668 ea
850 2648 924 2676 quae
946 2638 1095 2676 cognoscit
1117 2644 1242 2676 propter
1262 2638 1339 2675 quid.
1355 2655 1374 2659 -

302 2680 328 2708 3.
352 2681 503 2709 Secundus
532 2681 654 2708 modus:
685 2679 811 2708 Scientia
839 2688 914 2716 quae
939 2688 1001 2707 non
1029 2685 1071 2706 est
1099 2679 1135 2706 de
1160 2678 1303 2712 subiecto,
1332 2684 1374 2706 est

246 2719 249 2721 ’
301 2720 406 2749 certior
426 2720 475 2748 illa
495 2729 570 2757 quae
591 2727 634 2748 est
655 2720 691 2748 de
712 2720 848 2751 subiecto.
870 2720 927 2747 hoc
949 2725 991 2747 est
1010 2719 1046 2746 de
1072 2718 1192 2746 materia
1206 2717 1373 2746 sensibili.-

300 2770 329 2795 4.
343 2759 460 2788 Tertius
479 2761 600 2788 modus:
616 2759 742 2788 Scientia
760 2768 835 2796 quae
854 2765 897 2787 est
915 2768 949 2787 ex
963 2757 1156 2795 paucioribus,
1171 2758 1250 2794 prlor
1264 2764 1292 2786 et
1313 2767 1374 2786 cer-

300 2799 359 2828 tior
379 2806 422 2828 est
442 2799 491 2828 illa
511 2809 586 2837 quae
611 2809 642 2828 se
663 2800 750 2827 habet
771 2809 805 2827 ex
832 2799 981 2827 additione
1002 2799 1039 2827 ad
1061 2807 1105 2826 ea.
1117 2807 1191 2835 quae
1212 2804 1279 2826 sunt
1304 2798 1373 2826 alte-

300 2839 360 2868 rius
375 2839 519 2868 scientiae.
535 2857 555 2861 -
570 2840 596 2868 5.
613 2839 826 2868 Corollarium:
848 2840 925 2876 Ergo
948 2838 1067 2867 scientia
1081 2847 1155 2875 quae
1170 2844 1213 2866 est
1227 2838 1263 2865 de
1278 2847 1372 2873 causa,

301 2879 383 2916 prior
403 2886 431 2907 et
452 2879 556 2908 certior
584 2886 626 2908 est
653 2879 702 2908 illa
728 2888 802 2916 quae
831 2885 873 2907 est
898 2880 934 2907 de
964 2878 1067 2906 effectu
1089 2880 1155 2914 (1¹¹s
1176 2878 1316 2913 modus);
1346 2884 1373 2905 et

301 2921 368 2955 (2¹¹³
381 2925 410 2947 et
425 2920 471 2947 3¹¹³
492 2920 616 2954 modus)
636 2919 755 2947 scientia
776 2928 851 2956 quae
873 2925 915 2946 est
936 2919 972 2946 de
993 2919 1096 2953 forma,
1117 2917 1199 2954 prior
1219 2924 1247 2945 et
1268 2917 1373 2946 certior

301 2965 345 2987 est
358 2958 406 2986 illa
425 2967 500 2995 quae
521 2965 564 2987 est
585 2959 620 2986 de
643 2959 780 2994 materia;
802 2967 870 2986 nam
888 2958 982 2986 forma
1003 2964 1045 2985 est
1066 2957 1239 2994 principium
1262 2966 1371 2994 cogno-

301 2997 400 3026 scendi
414 2997 660 3027 materiam.-De
682 2997 790 3034 duplici
811 2997 947 3032 materia,
969 2997 1096 3025 sensibili
1116 3004 1143 3025 et
1164 2996 1341 3034 intelligibili.
1353 3014 1372 3018 -

302 3039 330 3066 6.
345 3038 443 3066 Altera
463 3047 531 3074 pars
551 3037 699 3066 lectionis:
724 3038 760 3066 de
782 3037 890 3065 unitate
912 3043 939 3065 et
960 3037 1122 3065 diversitate
1143 3036 1336 3065 scientiarum.
1353 3053 1372 3057 -

301 3078 410 3106 Textus
437 3077 602 3105 divisiones.
623 3094 642 3099 —
659 3087 686 3113 7.
709 3077 836 3105 Scientia
863 3076 967 3104 dicitur
994 3086 1054 3105 una
1081 3086 1116 3104 ex
1143 3077 1199 3105 hoc
1227 3077 1307 3113 quod
1329 3082 1372 3103 est

301 3117 387 3145 unius
408 3117 521 3154 generis
543 3117 662 3145 subiecti
684 3116 798 3151 scibilis,
821 3116 896 3144 circa
917 3117 998 3153 quod
1017 3123 1156 3151 versatur,
1178 3122 1206 3144 et
1227 3117 1308 3153 quod
1330 3121 1372 3143 est

301 3157 366 3185 finis
388 3157 447 3185 sive
468 3156 609 3185 terminus
630 3156 700 3184 eius.
723 3157 850 3193 Ideoque
865 3165 899 3184 ex
912 3155 1111 3184 universaliori
1133 3156 1241 3184 unitate
1259 3155 1372 3192 generis

302 3196 422 3224 subiecti
443 3203 486 3224 est
507 3196 594 3224 etiarn
619 3194 808 3224 universalior
828 3205 888 3223 una
908 3195 1027 3224 scientia
1048 3205 1136 3232 quam
1157 3195 1221 3223 alia.
1237 3211 1255 3216 -
1270 3195 1297 3222 8.
1314 3196 1371 3222 Ge-

301 3246 372 3265 nera
387 3236 524 3271 subiecta,
540 3237 575 3264 de
591 3235 696 3273 quibus
709 3241 832 3272 possunt
847 3244 909 3263 esse
931 3235 1066 3264 scientiae
1087 3244 1139 3271 per
1159 3244 1194 3262 ea
1214 3243 1288 3271 quae
1302 3240 1370 3261 sunt

506 3355 533 3378 ·,
569 3344 744 3385 ostquam
765 3335 1021 3384 Philosophus
1046 3334 1283 3383 comparavit
1302 3334 1365 3370 de-

569 3389 862 3427 monstrationes
882 3389 931 3426 ad
945 3388 1122 3434 invicem,
1147 3387 1208 3424 hic
1227 3387 1301 3434 agit
1320 3386 1366 3423 de

513 3441 552 3489 ’ᾗ
569 3442 853 3491 comparatione
878 3441 1067 3487 scientiae,
1097 3452 1195 3489 quae
1224 3447 1280 3476 est
1304 3440 1367 3476 de-

370 3520 393 3526 --
458 3533 461 3537 ⁴
515 3486 551 3519 ’Ψ
569 3494 851 3533 monstrationis
871 3494 1038 3531 effectus.
1065 3494 1114 3530 Et
1133 3492 1310 3530 dividitur
1328 3493 1367 3529 in

305 3552 399 3590 duas
426 3557 570 3599 partes:
600 3550 638 3586 in
665 3548 789 3598 prima
815 3555 922 3596 parte
948 3553 1144 3595 comparat
1172 3546 1366 3582 scientiam

305 3606 354 3643 ad
373 3603 568 3641 scientiam
585 3603 621 3649 *3
643 3602 681 3640 in
700 3601 879 3650 secunda,
892 3607 1088 3649 comparat
1107 3599 1302 3636 scientiam
1318 3598 1366 3636 ad

144 965 252 1009 970151
301 964 540 1009 ’A2‘P²i3³⁶'²'4?2
564 960 593 996 δ’
624 963 797 1008 ἐπιστήμη
824 964 1016 1009 ἐπιστήμης
1040 968 1097 997 καὶ
1124 965 1274 1010 προτέρα
1292 965 1312 1003 ἥ
1334 979 1371 998 τε
1426 966 1443 986 *
1456 966 1579 998 Certior
1594 974 1701 997 autem
1717 967 1844 998 scientia
1867 974 1912 998 est
1929 975 1959 998 et
1975 968 2060 1008 prior
2078 979 2286 1011 quaecunque
2305 970 2403 1010 ipsius
2416 972 2492 1012 quia
2518 986 2530 997 ι
2545 985 2601 1013 Cap.
2616 992 2686 1008 xxvn.

416 1010 434 1018 ⁸
1494 1017 1525 1041 et
1552 1018 1681 1051 propter
1708 1011 1786 1052 quid
1816 1012 1926 1041 eadem
1956 1019 2015 1050 est;
2039 1014 2092 1042 sed
2121 1023 2187 1043 non
2214 1021 2260 1044 est
2292 1014 2390 1054 ipsius
2418 1016 2493 1056 quia
2518 1012 2586 1034 Text.
2596 1018 2632 1039 ⁴²·

2536 1059 2645 1109 37ae
2675 1066 2788 1128 &El—ff

1495 1061 1579 1085 extra
1603 1065 1673 1084 earn
1696 1065 1777 1095 quae
1801 1062 1846 1086 est
1875 1063 2004 1095 propter
2026 1057 2116 1097 quid:
2141 1064 2172 1087 et
2194 1067 2275 1098 quae
2299 1068 2363 1089 non
2390 1066 2436 1090 est
2454 1060 2492 1090 de

1494 1098 1647 1137 subiecto,
1671 1098 1723 1128 illa
1742 1108 1822 1139 quae
1847 1106 1893 1130 est
1916 1100 1954 1129 de
1978 1101 2135 1139 subiecto,
2159 1108 2195 1131 ut
2213 1102 2405 1134 arithmetica
2422 1103 2491 1134 har-

1494 1142 1634 1172 monica:
1666 1149 1696 1173 et
1728 1152 1809 1182 quae
1833 1150 1879 1173 est
1908 1153 1944 1173 ex
1974 1144 2168 1183 minoribus,
2200 1155 2235 1175 ea
2265 1156 2345 1186 quae
2379 1154 2425 1178 est
2457 1158 2493 1178 ex

1493 1185 1710 1225 appositione,
1735 1193 1770 1216 ut
1797 1187 1990 1218 arithmetica
2016 1189 2196 1228 geometria.
2221 1189 2300 1220 Dico
2328 1197 2434 1221 autem
2457 1202 2494 1222 ex

1494 1229 1680 1268 minoribus,
1707 1240 1777 1260 eam
1805 1240 1886 1271 quae
1914 1241 1980 1261 non
2007 1239 2052 1262 est
2075 1242 2112 1262 ex
2135 1233 2309 1272 additione3
2333 1241 2368 1265 ut
2392 1236 2493 1266 unitas

1494 1273 1666 1304 substantia
1681 1281 1727 1304 est
1745 1274 1811 1304 sine
1827 1275 1995 1315 positione,
2020 1283 2175 1316 punctum
2198 1284 2304 1308 autem
2323 1279 2494 1310 substantia

1494 1317 1612 1357 posita;
1635 1318 1697 1348 hoc
1721 1325 1827 1348 autem
1851 1326 1896 1350 est
1916 1329 1952 1350 ex
1975 1320 2183 1360 appositione.

1426 1362 1527 1392 *Una
1550 1363 1657 1392 autem
1680 1362 1808 1393 scientia
1831 1370 1887 1401 est,
1911 1374 1992 1404 quae
2017 1371 2062 1395 est
2085 1364 2179 1395 unius
2202 1366 2339 1405 generis:

1426 1416 1636 1456 quaecunque
1671 1417 1707 1437 ex
1734 1407 1843 1447 primis
1872 1415 2126 1448 componuntur;
2160 1415 2191 1440 et
2218 1416 2319 1449 partes
2347 1418 2402 1442 aut
2425 1422 2494 1452 pas-

1493 1461 1597 1481 sloneS
1621 1461 1733 1481 eorum
1757 1458 1832 1482 sunt
1854 1462 1910 1492 per
1933 1463 1975 1483 se.

1427 1495 1533 1526 Altera
1555 1501 1662 1525 autem
1686 1496 1814 1526 scientia
1842 1503 1888 1526 est
1915 1497 1953 1527 ab
1977 1496 2089 1536 altera,
2119 1507 2383 1539 quarumcunque
2411 1499 2494 1540 prin-

1495 1539 1575 1579 cipia
1598 1549 1702 1580 neque
1726 1550 1763 1570 ex
1786 1540 1905 1570 eisdem
1929 1551 2032 1581 neque
2055 1552 2092 1572 ex
2115 1542 2268 1572 alterutris
2291 1549 2374 1574 sunt.

1427 1583 1623 1614 Huiusmodi
1646 1591 1753 1614 autem
1769 1584 1895 1624 signum
1915 1592 1960 1616 est
1983 1595 2058 1616 curn
2080 1586 2112 1615 in
2135 1586 2424 1618 indemonstrabilia
2442 1598 2492 1618 ve-

1493 1628 1595 1666 niant;
1616 1635 1742 1668 oportet
1758 1629 1843 1659 enim
1865 1629 1933 1669 ipsa
1948 1629 1980 1659 in
2000 1630 2114 1660 eodem
2128 1640 2240 1670 genere
2267 1640 2334 1661 esse
2348 1632 2396 1662 his
2413 1642 2494 1672 quae

1494 1673 1758 1703 demonstrantur.
1775 1673 1908 1713 Signum
1920 1680 2027 1704 autem
2039 1674 2132 1704 huius
2145 1682 2205 1713 est,
2222 1676 2350 1715 quando
2363 1676 2494 1707 demon-

1493 1716 1629 1747 strabilia
1652 1727 1707 1757 per
1729 1717 1797 1757 ipsa
1812 1717 1844 1747 in
1860 1718 1974 1748 eodem
1996 1728 2108 1758 genere
2131 1725 2205 1749 sunt
2223 1726 2254 1750 et
2273 1729 2441 1760 congenea.

1425 1761 1443 1780 *
1457 1761 1566 1792 Plures
1589 1767 1695 1791 autem
1717 1761 2000 1793 demonstrationes
2024 1773 2090 1793 esse
2114 1763 2255 1793 eiusdem
2275 1764 2438 1804 possibile:
2463 1772 2494 1796 et

1493 1815 1559 1836 non
1583 1806 1689 1836 solum
1717 1816 1753 1836 ex
1777 1807 1890 1836 eodem
1914 1806 2022 1837 ordine
2051 1807 2223 1847 accipienti,
2248 1809 2403 1839 sumendo
2427 1819 2494 1840 non

1493 1850 1683 1881 continuum
1706 1851 1859 1889 medium,
1872 1857 1908 1881 ut
1923 1861 2035 1881 eorum
2058 1862 2138 1892 quae
2162 1859 2235 1883 sunt
2252 1854 2282 1882 A
2299 1853 2336 1890 B,
2356 1853 2383 1884 C
2400 1859 2430 1883 et
2448 1854 2493 1892 D;

1492 1895 1547 1925 sed
1570 1901 1601 1925 et
1624 1904 1660 1924 ex
1683 1894 1798 1933 altero,
1822 1902 1857 1926 ut
1876 1895 1915 1926 sit
1932 1898 1961 1926 A
1984 1896 2202 1934 transmutari,
2236 1896 2268 1926 in
2302 1907 2368 1937 quo
2387 1904 2494 1928 autem

1493 1939 1521 1968 D
1546 1938 1682 1977 moven',
1707 1939 1761 1969 sed
1779 1939 1804 1970 B
1823 1939 1939 1978 laetari,
1956 1946 1986 1970 et
2007 1940 2121 1971 iterum
2139 1941 2165 1970 E
2185 1940 2352 1981 quiescere.
2373 1942 2494 1972 Verum

1492 1982 1588 2022 igitur
1604 1989 1650 2013 est
1666 1989 1696 2013 et
1711 1984 1739 2014 D
1757 1983 1795 2014 de
1814 1984 1855 2022 B,
1873 1990 1903 2014 et
1921 1986 1950 2014 A
1966 1984 2004 2014 de
2022 1985 2050 2014 D
2070 1984 2254 2025 praedicari:
2271 1985 2388 2016 laetans
2408 1986 2494 2016 enim

1493 2034 1650 2066 movetur,
1662 2034 1692 2057 et
1708 2028 1797 2068 quod
1812 2035 1958 2059 movetur
1973 2035 2208 2060 transmutatur.
2220 2029 2337 2060 Iterum
2352 2032 2382 2060 A
2399 2031 2437 2060 de
2453 2030 2491 2069 E,

1495 2078 1526 2102 et
1549 2072 1575 2102 E
1595 2072 1633 2101 de
1656 2071 1682 2102 B
1706 2082 1817 2102 verum
1846 2080 1892 2103 est
1918 2073 2103 2113 praedicari:
2133 2073 2237 2104 omnis
2265 2074 2349 2104 enim
2376 2074 2493 2105 laetans

1495 2116 1636 2156 quiescit,
1668 2122 1698 2146 et
1728 2117 1891 2157 quiescens
1921 2124 2155 2148 transmutatur.
2180 2118 2285 2155 Quare
2314 2128 2370 2158 per
2399 2119 2494 2150 altera

1495 2161 1599 2191 media
1623 2167 1653 2191 et
1675 2170 1741 2191 non
1765 2171 1801 2191 ex
1825 2162 1938 2192 eodem
1957 2162 2065 2192 ordine
2085 2162 2285 2203 syllogismus
2309 2170 2363 2193 est.
2387 2163 2493 2200 Quare

1496 2212 1526 2236 et
1545 2212 1694 2235 neutrum
1714 2206 1752 2235 de
1771 2213 1883 2236 neutro
1903 2206 1963 2236 dici
1983 2206 2134 2247 contingit
2153 2207 2347 2237 mediorum:
2367 2217 2492 2237 necesse

1496 2256 1543 2280 est
1566 2249 1651 2280 enim
1675 2249 1778 2280 eidem
1801 2250 1893 2281 alicui
1916 2257 2047 2291 utraque
2070 2251 2180 2284 inesse.
2204 2251 2365 2281 Intendere
2387 2257 2493 2282 autem

1495 2301 1542 2325 est
1559 2304 1615 2334 per
1634 2294 1708 2324 alias
1726 2294 1841 2335 figuras
1870 2302 1950 2335 quot
1973 2295 2077 2326 modis
2097 2295 2249 2335 contingit
2268 2295 2408 2326 eiusdem
2426 2295 2492 2326 fieri

1494 2338 1724 2380 syllogismum.

1433 2478 1530 2515 priora
1556 2478 1736 2515 simpliciter,
1765 2485 1832 2507 sunt
1858 2478 2020 2515 composita
2044 2479 2203 2507 secundum
2229 2487 2259 2507 se
2287 2488 2320 2507 ex
2350 2478 2492 2516 aliquibus

1431 2518 1594 2555 prioribus:
1624 2528 1698 2555 quae
1719 2527 1788 2546 vero
1809 2525 2025 2556 cognoscuntur
2048 2528 2100 2555 per
2121 2518 2218 2555 priora
2237 2519 2335 2555 quoad
2355 2528 2419 2554 nos,
2441 2519 2493 2547 etsi

1431 2558 1462 2586 in
1483 2558 1583 2594 seipsis
1605 2558 1661 2586 sint
1682 2558 1830 2595 simplicia,
1846 2564 2063 2595 componuntur
2079 2568 2112 2586 ex
2126 2558 2270 2595 prioribus
2289 2559 2386 2595 quoad
2400 2567 2462 2586 nos.
2475 2576 2493 2580 -

1431 2608 1458 2634 9.
1479 2600 1630 2626 Praeterea
1650 2604 1717 2626 sunt
1738 2604 1832 2634 partes
1853 2605 1903 2626 aut
1928 2598 2078 2635 passiones
2099 2608 2150 2635 per
2170 2607 2200 2626 se
2222 2598 2355 2633 subiecti,
2378 2607 2411 2625 ex
2433 2608 2491 2635 quo

1430 2638 1549 2666 infertur
1563 2638 1711 2666 conclusio
1726 2637 1979 2666 scientifica.-.1o.
1998 2638 2114 2666 Thesis:
2137 2638 2275 2672 Quamvis
2296 2638 2332 2665 ad
2353 2637 2493 2666 unitatem

1430 2677 1565 2706 scientiae
1593 2684 1748 2714 utrumque
1776 2677 1951 2714 requiratur,
1982 2684 2044 2705 tum
2072 2677 2166 2705 unitas
2193 2677 2399 2714 principiorum
2430 2684 2492 2705 tum

1429 2718 1524 2746 unitas
1546 2717 1666 2746 subiecti
1687 2717 1801 2752 scibilis,
1819 2718 1856 2745 ad
1878 2717 2070 2745 diversitatem
2090 2723 2186 2745 tamen
2208 2717 2390 2745 scientiarum
2411 2715 2491 2745 suffi-

1429 2757 1468 2786 cit
1488 2757 1636 2785 diversitas
1657 2757 1875 2794 principiorum.
1892 2774 1912 2778 —
1932 2767 1975 2784 11.
1991 2757 2073 2785 Ratio
2095 2764 2150 2792 est,
2172 2756 2240 2793 quia
2260 2757 2399 2793 principia
2425 2763 2492 2785 sunt

1429 2797 1502 2825 ratio
1524 2797 1653 2825 formalis
1670 2796 1791 2832 scibilis;
1813 2806 1881 2834 ergo
1903 2797 1926 2824 si
1948 2797 2059 2825 diversa
2073 2796 2108 2824 sit
2122 2796 2195 2824 ratio
2217 2796 2432 2833 principiorum,
2448 2796 2491 2823 di-

1429 2847 1511 2865 versa
1532 2837 1585 2865 erit
1606 2836 1680 2865 ratio
1695 2837 1784 2873 ipsius
1799 2837 1912 2871 scibilis,
1929 2843 1956 2864 et
1971 2836 2102 2864 scientiae
2117 2836 2197 2864 cuius
2212 2836 2310 2864 scibile
2325 2842 2367 2864 est
2387 2835 2460 2863 finis.
2472 2852 2491 2857 -

1433 2885 1477 2905 12.
1499 2878 1601 2913 Neque
1614 2883 1713 2905 tamen
1727 2876 1822 2904 unitas
1840 2876 2045 2913 principiorum
2067 2885 2306 2912 quorumcunque
2327 2873 2433 2903 sufficit
2453 2875 2490 2903 ad

1428 2917 1568 2945 unitatem
1601 2916 1799 2951 scientiarum;
1828 2917 1878 2944 sed
1899 2915 2053 2952 requiritur
2078 2915 2173 2943 unitas
2189 2915 2355 2952 primorum
2384 2914 2489 2951 princi-

1427 2957 1544 2993 piorum
1567 2956 1596 2983 in
1616 2956 1712 2993 aliquo
1735 2965 1838 2992 genere
1862 2955 1959 2984 scibili.
1982 2957 2094 2983 Genera
2107 2961 2203 2983 autem
2225 2954 2365 2982 scibilium
2387 2963 2488 2982 secun-

1428 2997 1498 3024 dum
1520 2996 1648 3024 diversos
1670 2997 1775 3023 modos
1797 2995 2049 3032 cognoscibilitatis
2063 2995 2315 3031 distinguuntur.—
2330 2994 2373 3022 13.
2395 2995 2486 3022 Porro

1427 3042 1496 3064 tunc
1517 3035 1610 3072 prima
1631 3035 1772 3072 principia
1793 3042 1860 3063 sunt
1880 3035 1965 3063 unius
1986 3034 2105 3071 generis,
2126 3035 2243 3070 quando
2264 3033 2294 3061 in
2315 3034 2419 3062 eodem
2440 3042 2488 3070 ge·

1427 3085 1495 3104 nere
1517 3082 1583 3103 sunt
1610 3084 1644 3103 ea
1665 3084 1738 3111 quae
1760 3084 1811 3111 per
1831 3074 1972 3111 principia
1992 3074 2040 3102 illa
2060 3075 2300 3102 demonstrantur.
2321 3090 2339 3094 —
2358 3082 2400 3108 14.
2423 3074 2487 3101 Una

1427 3115 1576 3143 conclusio
1598 3121 1693 3151 potest
1714 3124 1766 3151 per
1786 3114 1898 3143 diversa
1918 3114 2013 3142 media
2028 3113 2233 3142 demonstrari:
2256 3122 2329 3149 quae
2351 3119 2399 3141 aut
2420 3119 2486 3140 sunt

1427 3154 1610 3187 coordinata3
1626 3152 1646 3175 -'
1660 3155 1703 3182 15.
1718 3155 1777 3182 Aut
1798 3163 1859 3182 non
1880 3160 1946 3181 sunt
1967 3154 2142 3182 coordinata.
2153 3171 2172 3174 -
2187 3154 2229 3180 16.
2246 3153 2370 3187 Quando
2392 3152 2488 3180 media

1426 3200 1494 3222 sunt
1510 3193 1688 3228 coordinata,
1704 3200 1827 3229 possunt
1846 3193 1988 3230 pertinere
2009 3194 2045 3221 ad
2066 3193 2198 3221 eamdem
2219 3192 2381 3220 scientiam:
2405 3201 2487 3220 secus

1426 3233 1449 3261 si
1470 3242 1531 3261 non
1553 3233 1609 3261 sint
1630 3233 1807 3261 coordinata.

1424 3333 1516 3370 alios
1545 3333 1683 3370 modos
1719 3333 1993 3380 cognoscendi;
2027 3332 2098 3369 ibi:
2135 3332 2268 3368 Scihile
2299 3337 2423 3368 autem
2452 3338 2489 3368 et

1422 3387 1575 3423 scientia
1603 3386 1783 3435 differunt
1800 3386 1820 3406 *
1841 3394 1908 3422 etc.
1940 3385 2049 3422 Circa
2071 3385 2239 3433 primum
2273 3385 2349 3421 duo
2375 3384 2484 3422 facit:
2512 3397 2521 3405 ·
2537 3395 2671 3418 Lectama

1422 3439 1560 3488 primo,
1573 3446 1769 3487 comparat
1783 3438 1976 3475 scientiam
1992 3438 2040 3475 ad
2060 3438 2253 3474 scientiam
2274 3437 2484 3475 secundum

1424 3491 1707 3538 certitudinem3
1746 3491 1934 3538 secundo,
1973 3491 2184 3528 secundum
2219 3490 2403 3527 unitatem
2449 3498 2485 3529 et

1422 3545 1690 3594 pluralitatem;
1720 3544 1786 3580 ibi:
1821 3546 1905 3581 Una
1932 3545 2084 3581 scientia
2111 3550 2236 3581 autem
2255 3544 2275 3565 ³*
2294 3552 2362 3581 etc.

1478 3610 1512 3635 2.
1544 3597 1653 3634 Circa
1671 3597 1839 3646 primum
1857 3597 1964 3646 ponit
1981 3605 2055 3634 tres
2076 3597 2225 3645 modos,
2252 3597 2389 3645 quibus
2406 3609 2483 3634 una

2521 1381 2531 1392 ⁵
2547 1381 2603 1409 Cap.
2618 1388 2696 1404 xxvm.

2521 1407 2589 1429 Text.
2597 1414 2634 1436 43.

2519 1779 2530 1788 ⁸
2548 1777 2606 1805 Cap.
2626 1783 2689 1799 xxix.

2520 1804 2574 1832 Seq.
2586 1807 2641 1826 text.
2650 1810 2685 1832 43.

2512 3559 2520 3567 ·
2536 3557 2606 3579 Num.
2620 3558 2643 3579 6.
