2788 4204
31 450 41 461 ³
49 449 124 471 Codd.
132 451 188 474 (exc.
198 451 243 475 Qs):

30 475 68 502 !s‚·
82 482 107 498 s:
121 475 178 497 Hic.

29 555 39 566 ⁸
52 561 79 576 n:
95 555 164 576 enim.

31 1829 44 1841 ⁴
56 1833 102 1851 m
110 1835 116 1850 t
131 1828 237 1857 aliquod.

33 2093 73 2116 ὀι
83 2091 247 2122 oleumcum.

0 2267 4 2272 ·
33 2256 45 2268 ⁸
57 2261 108 2278 uo:
123 2255 247 2284 significa-

1044 258 1155 294 CAP.
1184 258 1311 305 XXII,
1341 258 1492 295 LECT.
1522 259 1684 294 XXXIII

270 336 511 386 praedicatur
539 336 586 373 de
615 335 800 382 subiecto,
830 335 891 372 cui
919 335 1054 372 accidit
1082 347 1163 372 esse
1193 336 1337 382 album,

271 389 411 427 scilicet
439 389 486 426 de
514 390 590 427 hoc
607 387 822 438 particulari
850 387 962 434 ligno,
983 388 1022 424 in
1047 400 1124 436 quo
1154 395 1209 424 est
1237 389 1337 424 albe-

273 442 335 480 do.
358 442 465 479 Idem
484 443 505 464 *
524 443 626 480 enim
655 448 711 478 est
738 452 871 477 sensus
891 452 979 476 curn
1000 440 1103 487 dico,
1131 441 1258 477 album
1287 447 1342 478 est

273 495 432 545 lignum,
453 507 498 531 ac
517 495 548 532 si
568 495 747 539 dicerem,
765 494 836 529 hoc
855 493 1013 542 lignum,
1035 494 1098 530 cui
1110 494 1244 530 accidit
1261 506 1340 530 esse

273 548 414 594 album,
435 553 489 584 est
515 548 662 597 lignum
671 559 685 590 ,·
703 557 783 582 non
802 553 931 582 autem
952 547 972 567 ²¹²
997 554 1052 583 est
1071 559 1205 597 sensus
1233 547 1339 595 quod

274 601 402 638 album
428 601 477 637 sit
505 600 711 637 subiectum
749 598 853 647 ligni.
884 599 933 634 Et
959 599 1035 635 hoc
1062 600 1219 648 probat,
1250 600 1339 648 quia

274 652 488 690 subiectum
502 658 523 680 Ι*
539 652 583 689 fit
601 652 677 688 hoc
691 651 797 698 quod
814 651 1054 699 praedicatur
1074 652 1121 689 de
1140 652 1223 700 ipso
1244 653 1340 689 sicut

274 707 322 743 de
349 705 532 751 subiecto,
551 704 613 741 vel
641 704 853 740 seeundum
881 711 1016 750 totum,
1036 706 1098 741 vel
1127 706 1338 742 secundum

272 764 433 806 partem,
468 757 564 793 sicut
586 757 699 793 homo
717 757 771 803 fit
796 756 921 793 albus.-
942 757 1009 794 sed
1041 770 1167 806 neque
1195 758 1337 805 album,

272 821 399 858 neque
436 809 563 858 aliqua
598 821 686 857 pars
715 809 809 855 albi,
844 822 943 858 quae
979 822 1071 847 vere
1109 811 1154 847 sit
1186 811 1337 858 album,

272 861 370 899 idest
400 874 499 911 quae
532 862 578 898 sit
610 862 658 899 de
687 862 895 899 substantia
926 862 1043 911 ipsius
1071 863 1267 910 albedinis,
1297 865 1340 901 fit

271 915 435 963 lignum;
463 927 544 952 non
573 914 676 951 enim
696 914 872 952 accidens
897 923 952 952 est
980 916 1192 953 subiectum
1220 924 1338 954 trans-

273 968 504 1015 mutationis,
530 980 606 1016 qua
635 968 683 1004 de
711 979 791 1004 non
819 968 921 1016 ligno
952 969 995 1005 fit
1023 969 1177 1016 lignum.
1209 969 1338 1006 Omne

274 1028 403 1058 autem
430 1021 536 1070 quod
573 1020 704 1068 incipit
738 1032 820 1057 esse
848 1022 938 1066 hoc,
972 1022 1015 1057 fit
1042 1022 1137 1068 hoc;
1167 1021 1198 1058 si
1230 1022 1340 1069 igitur

273 1086 353 1111 non
371 1074 415 1111 fit
441 1075 528 1120 hoc,
548 1085 628 1110 non
652 1079 664 1092 ⁹
692 1079 747 1109 est
765 1074 856 1119 hoc,
883 1074 954 1110 nisi
979 1075 1088 1111 detur
1115 1075 1220 1123 quod
1239 1087 1338 1112 sem-

271 1139 342 1175 per
359 1128 435 1164 hoc
461 1126 587 1172 fuerit;
612 1138 692 1163 non
712 1133 839 1163 autem
860 1138 1012 1175 semper
1031 1127 1099 1163 fuit
1125 1140 1263 1164 verum
1285 1128 1338 1165 di-

273 1191 370 1226 cere,
390 1180 518 1217 album
537 1185 593 1216 est
609 1179 773 1229 lignum,
794 1179 883 1228 quia
903 1179 1108 1228 aliquando
1129 1193 1208 1217 non
1228 1181 1340 1218 simul

271 1232 423 1270 fuerunt
450 1233 588 1270 albedo
617 1240 654 1268 et
680 1232 837 1280 lignum.
860 1233 960 1269 Cum
985 1244 1074 1280 ergo
1103 1245 1182 1269 non
1211 1233 1256 1270 sit
1274 1246 1340 1271 ve-

272 1298 359 1324 rum
388 1285 513 1323 dicere
533 1285 638 1335 quod
666 1286 796 1322 album
823 1285 890 1321 fiat
917 1286 1074 1333 lignum,
1095 1286 1339 1324 manifestum

273 1345 328 1376 est
355 1340 461 1388 quod
480 1339 610 1387 album
639 1350 719 1375 non
739 1345 795 1374 est
822 1338 966 1386 lignum
979 1339 1136 1387 proprie
1164 1347 1199 1376 et
1211 1352 1284 1388 per
1301 1352 1341 1377 se

271 1392 489 1442 loquendo:
519 1392 587 1429 sed
614 1390 645 1428 si
672 1391 747 1428 hoe
776 1392 1024 1438 concedatur,
1054 1392 1181 1428 album
1215 1399 1269 1429 est
1297 1393 1340 1429 li-

270 1456 404 1495 gnum,
425 1444 638 1493 intelligitur
658 1456 732 1493 per
758 1445 946 1490 accidens,
967 1445 1056 1493 quia
1084 1445 1222 1482 scilicet
1249 1446 1340 1483 illud

271 1498 495 1547 particulare
524 1497 758 1543 subiectum,
786 1497 845 1534 cui
874 1498 1008 1535 accidit
1036 1498 1184 1544 album,
1217 1507 1271 1535 est
1299 1499 1339 1535 li-

272 1563 403 1600 gnum.
425 1552 497 1588 Iste
527 1563 617 1599 ergo
652 1558 708 1587 est
736 1562 869 1587 sensus
897 1551 1118 1588 huiusmodi
1144 1552 1339 1600 praedica-

271 1604 396 1650 tionis,
417 1604 459 1641 in'
484 1616 562 1653 qua
589 1604 801 1640 subiectum
830 1605 1068 1652 praedicatur
1091 1605 1139 1641 de
1167 1605 1339 1642 acciden-

272 1664 321 1694 te.
347 1657 425 1694 Sed
445 1669 533 1694 cum
559 1657 657 1704 dico,
677 1656 825 1706 lignum
853 1663 908 1694 est
923 1658 1064 1704 album,
1084 1658 1340 1706 praedicando

274 1709 450 1748 accidens
479 1711 526 1748 de
546 1710 729 1756 subiecto,
750 1722 829 1746 non
858 1710 1029 1758 significo
1050 1710 1145 1747 sicut
1171 1711 1210 1747 in
1233 1723 1340 1759 prae-

275 1763 375 1801 dicto
395 1764 515 1800 modo
534 1763 837 1812 praedicationis,
857 1765 964 1812 quod
983 1764 1144 1801 alterum
1164 1764 1305 1813 aliquid
1320 1765 1340 1784 ⁴*

275 1816 320 1853 sit
347 1816 639 1854 substantialiter
665 1816 807 1861 album,
830 1817 890 1852 cui
909 1816 1044 1854 accidit
1072 1828 1154 1853 esse
1181 1817 1338 1864 lignum.

275 1869 393 1916 Quod
411 1869 569 1918 quidem
589 1869 821 1916 significatur
838 1876 917 1906 tam
937 1870 975 1906 in
994 1869 1186 1918 praedicto
1207 1870 1339 1916 modo,

273 1933 352 1971 quo
381 1923 595 1960 subiectum
631 1922 870 1971 praedicatur
898 1922 944 1959 de
978 1922 1192 1969 accidente,
1222 1935 1340 1971 quam

275 1974 389 2013 etiam
418 1975 456 2013 in
484 1975 558 2013 alio
586 1976 719 2022 modo,
739 1987 817 2024 quo
837 1975 1012 2013 accidens
1035 1976 1273 2024 praedicatur
1292 1976 1339 2012 de

273 2028 481 2075 accidente,
501 2037 543 2066 ut
562 2041 651 2066 cum
671 2029 769 2074 dico,
790 2029 974 2066 musicum
994 2035 1048 2066 est
1069 2029 1195 2066 album
1216 2025 1229 2052 ε
1241 2042 1250 2065 :
1279 2028 1340 2065 hic

275 2081 378 2119 enim
407 2082 498 2119 nihil
518 2083 620 2120 aliud
643 2082 814 2130 significo
834 2082 874 2128 *,
895 2082 967 2119 nisi
994 2082 1100 2131 quod
1127 2082 1188 2118 isse
1215 2083 1336 2118 homo

274 2135 522 2184 particularis,
548 2142 640 2185 puta
670 2136 862 2181 Socrates,
893 2135 953 2172 cui
981 2135 1116 2172 accidit
1144 2147 1226 2171 esse
1255 2147 1338 2171 mu—

274 2188 418 2235 sicum,
449 2196 503 2226 est
531 2189 652 2226 albus.
683 2188 761 2225 Sed
789 2189 944 2237 quando
975 2188 1080 2234 dico,
1112 2188 1256 2237 lignum
1286 2194 1340 2225 est

275 2241 415 2287 album,
437 2242 610 2290 significo
624 2243 644 2264 *
657 2243 763 2291 quod
777 2241 903 2290 ipsum
923 2241 1067 2289 lignum
1086 2254 1176 2278 vere
1196 2242 1338 2278 factum

276 2300 332 2332 e'st
351 2294 565 2333 subiectum
586 2295 673 2342 albi,
694 2307 772 2332 non
788 2295 894 2343 quod
909 2295 1050 2344 aliquid
1070 2294 1171 2331 aliud
1187 2307 1209 2331 a
1223 2294 1336 2342 ligno,

274 2348 337 2384 vel
356 2360 379 2384 a
397 2356 504 2397 parte
523 2349 627 2397 ligni,
653 2361 752 2397 quae
777 2355 833 2384 est
851 2348 995 2395 lignum
1020 2347 1190 2396 aliquod,
1216 2348 1261 2384 sit
1285 2348 1337 2384 fa-

276 2407 379 2438 ctum
408 2401 550 2439 album.
580 2403 649 2439 Est
674 2413 763 2449 ergo
789 2401 999 2438 differentia
1018 2401 1055 2437 in
1074 2401 1192 2437 tribus
1212 2401 1337 2438 modis

274 2453 492 2503 praedictis:
513 2455 603 2504 quia
623 2467 711 2492 curn
730 2454 968 2503 praedicatur
987 2453 1162 2490 accidens
1182 2453 1228 2490 de
1249 2454 1336 2490 sub-

275 2507 384 2555 iecto,
397 2519 476 2545 non
489 2508 730 2557 praedicatur
743 2520 812 2556 per
823 2507 977 2556 aliquod
992 2507 1094 2543 aliud
1109 2507 1334 2552 subiectum;

327 2643 356 2678 μ.)
377 2643 448 2674 Quia
471 2643 614 2668 subiectum
634 2648 682 2667 etc.
697 2656 716 2663 -·
728 2643 815 2667 GHR:
835 2643 906 2675 quod
923 2643 1083 2672 subiectum;
1101 2643 1136 2668 C:
1155 2644 1218 2675 quia
1237 2641 1339 2675 (marg.:

274 2679 316 2704 vel
327 2680 408 2712 quod)
421 2679 581 2708 subiectum;
599 2679 623 2703 I:
642 2678 786 2703 subiectum
803 2679 839 2703 sit
851 2678 900 2703 hoc
912 2679 1066 2703 moda—G:
1081 2679 1144 2711 quia
1154 2679 1339 2710 praedicatur.

327 2715 351 2747 ν)
371 2715 403 2739 Si
421 2714 506 2747 igitur
525 2721 577 2738 non
590 2714 627 2747 fit
645 2714 705 2743 hoc,
726 2721 778 2738 non
798 2717 838 2738 est
855 2714 912 2738 hoc.
924 2714 1001 2738 *Est
1019 2714 1095 2738 lectio
1114 2715 1201 2743 codd.‚
1222 2722 1275 2738 exc.
1294 2714 1339 2743 IQ.

273 2750 335 2775 -Pz
355 2750 387 2774 Si
405 2750 490 2783 igitur
509 2756 561 2774 non
574 2750 611 2782 fit
628 2749 689 2778 hoc,
709 2749 758 2774 hoc
777 2756 829 2773 non
848 2752 889 2774 est
907 2749 964 2774 hoc.
984 2750 1007 2773 1:
1027 2749 1119 2781 incipit
1137 2757 1192 2774 esse
1215 2749 1271 2777 hoc,
1291 2749 1340 2774 hoc

267 2785 306 2818 fit
322 2785 387 2814 hoc,·
397 2786 494 2818 figura
507 2783 584 2818 (corr.
599 2785 625 2809 in
638 2784 676 2818 si)
693 2792 744 2809 non
758 2787 798 2809 est
811 2785 867 2814 hoc,
883 2792 934 2809 non
949 2788 989 2809 est
1002 2785 1058 2813 hoc,
1074 2785 1126 2809 nisi
1139 2785 1218 2809 detur
1227 2790 1289 2815 etc.;
1301 2785 1339 2814 Q:

274 2820 368 2852 incipit
384 2827 440 2845 esse
458 2820 520 2850 hoc,
538 2820 577 2853 fit
595 2820 656 2849 hoc,
681 2827 732 2844 non
751 2823 812 2845 erat
830 2821 879 2845 hac
898 2819 982 2848 ratio,
1003 2820 1055 2845 nisi
1069 2820 1130 2844 dmr
1149 2820 1219 2852 quod
1236 2827 1341 2851 semper

274 2855 324 2881 hoc
340 2855 404 2880 silit.
429 2855 517 2888 Inepta
536 2855 620 2880 lectio.
634 2869 654 2874 ·—
666 2855 766 2880 Deinde
790 2856 864 2880 codd.
884 2854 953 2888 (exc.
973 2855 1072 2887 HQR):
1097 2856 1149 2880 nisi
1171 2856 1251 2880 detur
1269 2855 1340 2887 quod

273 2897 379 2923 semper
397 2890 446 2915 hoc
456 2890 559 2923 suerit3
577 2891 600 2914 H
620 2898 673 2914 om.
693 2890 756 2921 hoc;
775 2891 811 2915 R:
831 2891 884 2915 nisi
901 2891 980 2915 detur
999 2891 1071 2923 quod
1084 2898 1153 2922 pars
1165 2891 1229 2916 haec
1240 2891 1337 2924 suerit.

274 2926 308 2950 P:
328 2926 381 2951 nisi
398 2926 478 2950 detur
495 2925 566 2958 quod
584 2925 634 2950 hoc
650 2933 754 2957 semper
764 2926 862 2958 fuerit.

329 2959 353 2993 ξ)
365 2961 498 2986 Musicum
511 2963 552 2985 est
563 2961 713 2985 album-P
727 2961 796 2985 addit
805 2979 811 2990 ‚
825 2961 1010 2992 praedicando
1028 2961 1159 2986 accidens.
1175 2961 1248 2991 Quae
1260 2961 1339 2985 verba

275 3003 322 3021 cur
339 3001 513 3028 apponantur,
539 3003 593 3020 non
612 3000 726 3028 apparet.
751 2996 803 3020 Illis
828 2997 930 3020 codices
954 2997 1036 3020 nostri
1054 3002 1155 3028 carent;
1175 2997 1245 3021 unde
1264 3002 1289 3021 et
1308 3004 1339 3020 ea

323 3039 357 3056 un
385 3038 453 3055 mus.

275 3039 414 3100 expo)g¹Et
431 3066 503 3091 ratio
516 3072 599 3098 quare
613 3065 736 3090 debemus
750 3071 824 3091 etc.—-
833 3066 857 3090 R
871 3073 993 3090 erronee:
1013 3066 1077 3099 (om.
1097 3067 1134 3091 Et
1145 3066 1227 3099 ratio)
1250 3067 1339 3097 Quare

278 3102 303 3127 si
321 3101 443 3126 debemus
449 3108 458 3130 ‚·
476 3101 514 3125 G:
534 3101 574 3125 uti
591 3101 630 3125 sic
647 3100 785 3129 debemus;
803 3102 827 3125 H
842 3109 895 3125 non
914 3106 997 3126 recte:
1015 3101 1053 3126 sic
1066 3102 1206 3127 debeamus
1221 3103 1247 3127 in
1262 3109 1338 3126 voca-

276 3137 336 3162 bulo
342 3143 352 3166 ,·
370 3137 396 3161 M
414 3144 468 3160 om.
486 3136 524 3161 sic
530 3143 539 3166 ,·
558 3140 616 3160 cett.
635 3136 724 3160 codd.:
743 3136 782 3161 sic
800 3136 922 3161 debemus
941 3136 1092 3161 utut—Infra
1110 3142 1197 3161 autem
1217 3145 1276 3161 cum
1296 3145 1339 3161 co-

276 3172 374 3197 dicibus
389 3171 514 3204 legimus:
533 3178 585 3195 non
601 3173 713 3195 utuntur
732 3171 784 3196 nisi
798 3172 902 3196 talibus.
920 3171 940 3195 P
959 3179 1012 3196 om.
1032 3172 1097 3200 rusi,-
1115 3173 1184 3196 unde
1198 3172 1266 3196 hunc
1280 3179 1339 3196 sen-

276 3207 335 3232 s'um
350 3206 458 3236 exhibet,
478 3213 584 3238 nempe:
600 3206 832 3230 demonstrationes
847 3214 900 3230 non
912 3212 1019 3231 utuntur
1032 3207 1278 3238 praedicationibus
1287 3214 1340 3238 per

275 3242 412 3271 accidens,·
424 3246 450 3266 et
463 3242 521 3266 ideo
540 3241 615 3265 lectio
633 3241 659 3265 in
678 3249 707 3265 se
726 3246 766 3266 est
778 3249 847 3266 vera.
861 3242 981 3266 Attamen
1000 3242 1076 3266 lectio
1095 3243 1170 3266 codd.
1189 3247 1228 3267 est
1240 3242 1338 3274 praefe—

275 3278 363 3308 renda,
381 3282 472 3310 utpote
490 3284 558 3309 quae
576 3276 659 3308 magis
678 3277 795 3309 congruit
813 3284 874 3301 cum
892 3277 1071 3301 antecedenter
1090 3277 1172 3301 dictis.

329 3312 359 3347 π)
381 3313 422 3337 De
440 3312 533 3344 quibus
550 3314 639 3336 actum
664 3314 704 3336 est
728 3312 755 3336 in
774 3312 1077 3337 &aedicamentismm
1096 3313 1121 3336 in
1140 3312 1207 3336 libro
1226 3311 1339 3336 Prdedi-

275 3351 466 3374 camentorum.
485 3347 590 3379 Scripsit
607 3347 774 3377 Aristoteles,
792 3352 821 3371 ut
838 3355 931 3371 omnes
950 3352 1052 3377 norunt,
1071 3347 1165 3371 librum
1184 3347 1224 3371 cui
1243 3354 1339 3370 nomen

276 3389 316 3409 est
337 3383 508 3416 &tegor-iae,
527 3387 553 3407 et
571 3390 650 3414 quem
670 3381 818 3406 scholastici
836 3387 929 3406 vocant
947 3382 1024 3406 etiam
1044 3382 1086 3406 De
1104 3382 1338 3410 &aedicamentia

276 3424 301 3444 et
320 3418 484 3451 Gumposch‚
503 3418 629 3442 referente
646 3417 729 3442 Waitz
750 3415 869 3450 (Organ.
889 3417 918 3441 P.
934 3417 959 3447 1,
978 3417 1063 3441 Schol.
1083 3424 1129 3441 seu
1148 3417 1293 3441 Comment.
1313 3417 1338 3440 in

276 3455 432 3487 Categorias,
449 3461 507 3486 pag.
522 3452 597 3486 265),
617 3453 707 3477 maluit
726 3452 866 3476 inscribere
885 3453 927 3476 De
941 3452 1028 3476 decem
1047 3452 1194 3484 generibus,
1208 3449 1273 3484 Περὶ
1288 3453 1338 3475 τῶν

275 3489 336 3514 δέκα
354 3490 464 3523 γενῶν.-
446 3489 620 3513 -Praemissa
638 3488 705 3519 (cap.
717 3486 738 3522 1)
761 3488 864 3512 notione
883 3487 915 3511 de
934 3487 1080 3511 nominibus
1099 3487 1274 3519 homonymis,
1293 3493 1339 3519 sy·-

276 3525 401 3558 nonymis
419 3529 444 3548 et
463 3523 625 3556 Ρανοιιγηιίε
638 3521 694 3556 (Cf.
712 3523 722 3547 1
742 3523 837 3552 Perih„
858 3523 915 3546 lect.
928 3530 953 3551 v,
973 3527 1026 3546 not.
1046 3520 1088 3553 ξ),
1108 3522 1195 3546 dividit
1213 3521 1339 3553 imprimis

276 3559 349 3593 (cap.
362 3561 396 3592 ιι)
416 3567 446 3584 ea
465 3567 532 3592 quae
550 3559 656 3583 veniunt
673 3558 699 3582 in
718 3563 833 3582 nostram
853 3558 1038 3589 cognitionem·
1063 3564 1154 3581 eorum
1172 3557 1240 3581 enim
1260 3564 1340 3588 quae-

276 3596 336 3621 dam
348 3603 395 3628 per
407 3595 614 3620 coniunctionem
627 3595 753 3623 dicuntur,
763 3601 788 3618 v.
799 3601 838 3626 g.‚
853 3593 930 3626 homo
943 3595 983 3617 est
995 3590 1077 3622 albus,
1093 3592 1170 3617 homo
1182 3591 1269 3617 currit
1282 3596 1338 3621 etc-3

418 3648 487 3681 Opp.
502 3648 533 3672 D.
552 3647 666 3671 Τιιοιιᾼε
685 3646 716 3671 T.
736 3647 752 3670 1.

2381 260 2455 306 273

1394 348 1483 373 cum
1512 343 1641 373 autem
1670 335 1908 385 praedicatur
1931 335 2143 372 subiectum
2168 336 2215 373 de
2244 336 2456 384 accidente,

1392 390 1454 425 vel
1484 389 1661 426 accidens
1686 389 1733 425 de
1758 388 1969 434 accidente,
1993 388 2036 424 fit
2058 388 2288 436 praedicatio
2313 390 2457 427 ratione

1395 441 1474 477 eius
1503 442 1609 490 quod
1637 441 1831 478 subiicitur
1859 441 2022 477 termino
2047 441 2172 489 posito
2201 442 2240 478 in
2268 442 2456 489 subiecto;

1394 494 1441 530 de
1457 506 1534 542 quo
1550 492 1707 542 quidem
1722 494 1960 543 praedicatur
1975 494 2077 530 aliud
2092 494 2268 531 accidens
2283 495 2457 532 acciden-

1393 547 1523 592 taliter,
1553 547 1635 595 ipsa
1662 559 1755 583 vero
1784 547 1929 596 species
1957 546 2114 583 subiecti
2143 548 2397 584 essentialiter.

1451 600 1483 636 5.
1505 600 1554 635 Et
1581 600 1670 648 quia
1689 600 1727 636 in
1756 599 1924 648 quolibet
1942 599 2225 648 praedictorum
2248 601 2458 638 modorum

1393 651 1534 688 utimur
1575 652 1733 688 nomine
1767 653 2083 710 praedicationis,
2124 660 2160 689 et
2197 653 2292 690 sicut
2323 666 2458 703 possu-

1393 716 1480 741 mus
1498 705 1657 741 nomina
1675 717 1830 763 ponere,
1851 705 1902 741 ita
1918 717 2124 753 possumus
2149 718 2194 742 ea
2217 706 2456 755 restringere3

1393 757 1639 815 imponamus
1672 758 1691 777 ’¹‘
1725 758 1778 793 sic
1810 757 1969 794 nomina
2001 758 2039 794 in
2067 759 2108 779 ³²*
2141 759 2368 807 probatione
2401 772 2457 796 se-

1393 810 1533 858 quenti,
1559 817 1600 846 ut
1620 810 1841 857 praedicari
1866 811 1992 847 solum
2021 811 2192 848 dicamus
2219 813 2330 859 illud,
2351 812 2457 862 quod

1394 862 1527 899 dicitur
1563 863 1638 898 hoc
1674 863 1815 909 modo,
1846 863 1984 899 scilicet
2011 876 2091 900 non
2125 865 2268 902 ratione
2307 841 2456 903 a⁷lterius

1394 914 1561 951 subiecti.
1584 915 1680 951 Illud
1707 927 1801 952 vero
1831 915 1936 963 quod
1965 915 2098 952 dicitur
2115 917 2179 954 illo
2208 918 2339 965 modo,
2361 919 2456 955 scili-

1395 975 1452 1004 cet
1480 967 1624 1004 ratione
1645 967 1794 1004 alterius
1814 968 1983 1015 subiecti,
2002 970 2107 1005 velut
2127 982 2214 1006 cum
2243 971 2456 1009 subiectum

1393 1020 1632 1069 praedicatur
1670 1020 1716 1056 de
1745 1020 1960 1066 accidente,
1985 1022 2046 1057 vel
2075 1022 2251 1059 accidens
2284 1024 2332 1060 de
2360 1025 2456 1062 acci-

1395 1073 1518 1119 dente,
1539 1085 1618 1109 non
1638 1072 1783 1109 dicatur
1795 1073 2041 1121 *praedicata
2058 1075 2119 1110 vel
2139 1075 2169 1111 si
2189 1076 2332 1113 dicatur
2349 1090 2493 1125 prae--·

1395 1126 1522 1171 dicari,
1543 1138 1622 1162 non
1651 1125 1795 1162 dicatur
1822 1126 2030 1184 praedicari
2056 1127 2286 1175 simpliciter,
2317 1131 2384 1167 sed
2401 1143 2456 1167 se-

1394 1178 1558 1214 cundum
1573 1178 1755 1215 accidens.
1768 1179 1817 1214 Et
1831 1178 2062 1227 accipiamus
2077 1191 2228 1229 semper
2242 1182 2332 1219 illud
2336 1184 2458 1232 ,quod

1395 1243 1434 1267 se
1455 1232 1570 1272 habet
1596 1243 1666 1279 per
1694 1231 1855 1267 modurn
1884 1232 1971 1276 albi,
1998 1243 2043 1267 ex
2061 1240 2166 1280 parte
2185 1235 2401 1283 praedicati,
2418 1237 2457 1273 id

1395 1291 1536 1331 autem,
1556 1283 1662 1332 quod
1681 1284 1700 1304 ’¹‘
1715 1296 1754 1319 se
1774 1284 1890 1320 habet
1906 1297 1976 1332 per
1990 1285 2152 1322 modurn
2171 1286 2277 1336 ligni,
2298 1288 2494 1337 accipia—

1395 1344 1454 1373 tur
1481 1337 1501 1358 *
1532 1349 1577 1373 ex
1608 1344 1714 1385 parte
1747 1337 1916 1374 subiecti.
1954 1338 2040 1374 Hoc
2074 1350 2162 1386 ergo
2193 1352 2455 1388 supponamus

1393 1389 1603 1438 praedicari
1632 1402 1794 1438 semper,
1823 1390 1862 1427 in
1889 1390 2115 1439 probatione
2144 1393 2327 1441 sequenti,
2352 1391 2497 1442 quodP

1393 1443 1634 1492 praedicatur
1654 1443 1700 1479 de
1722 1455 1780 1489 eo,
1799 1443 1846 1479 de
1865 1455 1942 1493 quo
1962 1444 2212 1492 praedicatur,
2231 1446 2457 1494 simpliciter,

1395 1504 1431 1533 et
1445 1508 1524 1533 non
1538 1496 1741 1532 secundum
1757 1497 1938 1533 accidens.
1957 1498 2006 1533 Et
2025 1497 2118 1533 ratio
2139 1510 2256 1546 quare
2272 1499 2458 1537 debemus

1395 1549 1448 1586 sic
1466 1549 1520 1586 uti
1538 1554 1551 1569 ⁰
1565 1549 1757 1586 vocabulo
1772 1549 2074 1597 praedicationis,
2090 1551 2185 1587 haec
2208 1559 2277 1588 est:
2297 1553 2386 1601 quia
2405 1555 2459 1590 lo-

1396 1602 1549 1651 quimur
1568 1602 1606 1638 in
1621 1602 1642 1622 *
1657 1602 1814 1638 materia
1834 1603 2148 1650 demonstrativa,
2167 1604 2456 1644 demonstratio·
2485 1622 2495 1632 ·

1395 1668 1464 1692 nes
1480 1662 1606 1691 autem
1620 1667 1698 1691 non
1707 1663 1862 1692 utuntur
1872 1655 1942 1692 nisi
1953 1656 2088 1693 talibus
2098 1657 2455 1705 praedicationibus.

1450 1709 1485 1745 6.
1506 1708 1655 1744 Deinde
1676 1721 1764 1744 cum
1780 1708 1884 1745 dicit:
1909 1709 2036 1750 Quare
2054 1715 2179 1746 autem
2199 1711 2235 1747 in
2255 1712 2357 1758 quod
2375 1720 2456 1753 etc..

1396 1761 1560 1797 ostendit
1598 1761 1849 1798 differentiam
1886 1762 2190 1810 praedicatorum
2221 1775 2294 1811 per
2333 1776 2373 1801 se
2409 1766 2457 1802 ad

1395 1813 1572 1851 invicem.
1594 1815 1643 1850 Et
1672 1814 1769 1851 eirca
1788 1815 1862 1851 hoc
1883 1815 1959 1852 duo
1988 1816 2088 1852 facit:
2108 1816 2246 1864 primo,
2269 1817 2459 1865 distinguit

1393 1866 1609 1915 praedicata
1637 1866 1686 1903 ad
1705 1867 1869 1904 invicem
1898 1869 2110 1905 secundum
2132 1869 2281 1906 diversa
2299 1882 2455 1918 genera3

1394 1921 1576 1966 secundo,
1598 1921 1761 1957 ostendit
1781 1921 2031 1958 differentiam
2046 1922 2367 1970 praedicatorum;
2387 1924 2456 1961 ibi:

1393 1973 1566 2021 Amplius
1601 1974 1845 2010 substantiam
1884 1975 2031 2023 quidem
2061 1976 2082 1996 '¹‘
2109 1983 2176 2012 etc.
2225 1976 2325 2013 Dicit
2366 1989 2454 2024 ergo

1393 2026 1539 2075 primo,
1561 2027 1666 2074 quod
1686 2027 1773 2075 quia
1798 2039 1868 2064 nos
1894 2028 2103 2076 praedicari
2137 2028 2297 2066 dicimus
2331 2030 2456 2067 solum

1393 2079 1504 2126 illud,
1535 2080 1640 2128 quod
1671 2080 1909 2128 praedicatur
1944 2093 2022 2117 non
2060 2081 2272 2119 secundum
2309 2083 2411 2120 aliud
2434 2084 2455 2105 *

1393 2133 1605 2169 subiectum
1623 2162 1632 2178 ,
1670 2134 1745 2170 hoc
1773 2140 1900 2170 autem
1936 2134 2210 2171 diversificatur
2242 2136 2455 2173 secundum

1393 2186 1527 2223 decem
1555 2186 1877 2235 praedicamenta,
1899 2187 2066 2235 sequitur
2091 2188 2195 2236 quod
2215 2201 2330 2225 omne
2351 2190 2455 2237 quod

1393 2239 1445 2276 sic
1463 2239 1712 2288 praedicatur,
1732 2240 1970 2287 praedicetur
1983 2241 2077 2276 *aut
2100 2241 2136 2277 in
2158 2242 2258 2289 quod
2275 2242 2365 2290 quid
2382 2248 2453 2289 est,

1392 2293 1488 2330 idest
1514 2305 1583 2340 per
1612 2293 1774 2329 modum
1793 2293 2042 2330 substantialis
2069 2294 2285 2342 praedicati⁷
2307 2302 2370 2331 aut
2387 2308 2456 2344 per

1392 2346 1553 2382 modum
1574 2345 1714 2393 qualis,
1743 2346 1805 2382 vel
1833 2346 1982 2394 quanti,
2009 2347 2071 2382 vel
2100 2346 2290 2384 alicuius*
2305 2349 2494 2385 alterius

1390 2398 1800 2447 praedicamentorum,
1823 2399 1870 2436 de
1895 2399 2033 2447 quibus
2052 2407 2179 2436 actum
2200 2408 2255 2437 est
2283 2401 2321 2437 in
2340 2402 2455 2438 Prae-

1390 2452 1607 2488 dicamentis
1630 2456 1659 2487 π.
1689 2452 1737 2488 Et
1764 2451 1868 2488 addit
1896 2464 1982 2488 cum
2012 2465 2128 2489 unum
2148 2453 2194 2489 de
2213 2466 2287 2490 uno
2307 2455 2457 2501 praedi-

1390 2511 1515 2541 cetur:
1549 2505 1636 2553 quia
1670 2505 1700 2540 si
1737 2505 1997 2553 praedicatum
2035 2517 2113 2542 non
2152 2506 2197 2542 sit
2231 2519 2353 2543 unum
2391 2508 2459 2544 sed

1393 2643 1522 2675 quaedam
1547 2648 1635 2667 autem
1658 2643 1776 2666 dicuntur
1801 2643 1855 2666 sine
1879 2642 2067 2672 coniunctione,
2086 2647 2122 2671 ut,
2142 2650 2164 2666 e.
2183 2650 2216 2675 g„
2236 2643 2326 2672 homo,
2347 2644 2400 2672 leo,
2419 2645 2458 2668 al-

1392 2678 1461 2706 bum,
1481 2683 1554 2702 etc.—-
1564 2678 1630 2707 Quia
1647 2685 1710 2702 vero
1729 2682 1817 2702 nostra
1835 2677 1946 2710 cognitio
1961 2677 1992 2701 ad
2005 2677 2105 2701 obiecta
2123 2679 2274 2702 terminatur
2293 2686 2359 2710 quae
2383 2684 2458 2710 sunt

1391 2713 1507 2737 obiecta
1501 2718 1550 2737 ista
1559 2713 1665 2737 dividit'
1660 2721 1685 2737 ιιι
1699 2718 1810 2745 quatuor
1828 2713 1939 2742 classes
1952 2712 2069 2736 videlicet
2084 2713 2107 2736 1⁰
2134 2713 2159 2736 in
2173 2721 2203 2737 ea
2216 2720 2282 2745 quae
2297 2714 2328 2737 de
2343 2714 2458 2738 subiecto

1393 2749 1518 2778 dicuntur,
1532 2749 1579 2772 sed
1598 2756 1650 2772 non
1670 2748 1769 2772 suntin
1783 2748 1911 2772 subiecto:
1931 2745 1962 2772 τὰ
1983 2745 2027 2781 μὲν
2046 2746 2105 2771 καθ
2119 2746 2286 2781 ὑποκειμένου
2306 2745 2373 2777 τινὸς
2387 2748 2457 2782 λέγε-

1393 2791 1449 2815 ται,
1470 2781 1495 2808 ἐν
1515 2782 1674 2817 ὑποκειμένῳ
1693 2780 1719 2807 δὲ
1739 2780 1820 2807 οὐδενί
1840 2780 1917 2807 ἐστιν.
1943 2783 1979 2807 Ita
1998 2783 2077 2807 homo
2096 2782 2132 2814 (et
2150 2783 2218 2807 idem
2238 2784 2334 2808 dicatur
2352 2785 2384 2808 de
2400 2785 2457 2809 aliis

1393 2819 1542 2843 substantiis
1561 2819 1764 2850 universalibus)
1784 2819 1874 2842 dicitur
1886 2819 1918 2842 de
1937 2818 2067 2842 individuo
2085 2818 2208 2848 humano,
2221 2826 2244 2842 e.
2258 2827 2291 2850 g.,
2305 2819 2400 2844 Petrus
2418 2823 2458 2844 est

1392 2855 1483 2885 homo;
1498 2854 1545 2878 sed
1559 2862 1636 2878 nemo
1650 2854 1738 2878 dixerit
1751 2854 1884 2878 hominem
1897 2861 1956 2878 esse
1969 2853 1994 2877 in
2004 2853 2081 2877 Petro
2095 2854 2161 2877 sicut
2172 2853 2197 2877 in
2210 2854 2326 2878 subiecto
2339 2854 2457 2879 distincto

1393 2890 1424 2914 ab
1444 2889 1548 2914 homine
1567 2890 1660 2922 ipso.—
1642 2891 1705 2919 —'2
1725 2890 1751 2913 in
1770 2897 1800 2913 ea
1819 2896 1894 2921 quae,
1914 2896 1959 2920 per
1977 2889 2129 2929 oppositum
2143 2889 2174 2912 ad
2193 2889 2376 2920 praecedentia,
2397 2894 2457 2913 sunt

1393 2925 1418 2949 in
1433 2925 1557 2955 subiecto,
1572 2925 1618 2949 sed
1638 2925 1670 2948 de
1685 2924 1800 2948 subiecto
1819 2932 1870 2948 non
1886 2924 2017 2948 dicuntur:
2033 2921 2064 2947 τὰ
2079 2920 2106 2946 δὲ
2119 2920 2144 2947 ἐν
2158 2922 2314 2957 ὑποκειμένῳ
2328 2921 2397 2957 μέν
2387 2932 2455 2955 εστι,

1392 2958 1464 2984 καθ’
1455 2959 1575 2993 υποκειμὲ
1578 2968 1622 2984 νου
1636 2957 1662 2983 δὲ
1677 2957 1734 2983 οὗδ;
1736 2956 1778 2988 νὸς
1792 2958 1901 2992 λέγεται.
1918 2959 1988 2983 Haec
2003 2964 2063 2982 sunt
2077 2958 2214 2982 accidentia
2228 2959 2373 2988 individua,
2387 2967 2455 2991 quae

1393 3000 1453 3020 sunt
1472 2996 1577 3027 quidem
1593 2996 1619 3019 in
1639 2995 1762 3024 subiecto,
1782 2999 1909 3026 quatenus
1929 2998 2044 3025 separata
2063 2993 2094 3017 ab
2114 2994 2157 3017 illo
2176 2994 2284 3018 existere
2308 3002 2338 3018 ex
2357 3002 2385 3018 se
2404 3002 2456 3018 non

1392 3035 1515 3062 possunt3
1535 3035 1560 3054 at
1572 3038 1624 3054 non
1639 3035 1699 3054 sunt
1713 3031 1738 3054 in
1752 3030 1866 3054 subiecto
1886 3029 1959 3061 quasi
1973 3037 2032 3060 pars
2047 3029 2161 3058 subiecti,
2177 3037 2262 3060 neque
2280 3034 2389 3060 possunt
2408 3030 2455 3053 dici

1392 3073 1439 3090 seu
1458 3064 1578 3089 affirmari
1597 3066 1629 3089 de
1648 3065 1758 3089 inferiori
1778 3065 1902 3089 subiecto.
1921 3065 1963 3093 Ita,
1983 3072 2006 3088 e.
2021 3072 2054 3095 g.,
2074 3064 2146 3087 color
2159 3065 2182 3087 A
2201 3069 2241 3088 est
2254 3065 2279 3088 in
2292 3064 2409 3088 subiecto
2423 3065 2453 3094 B,

1392 3101 1438 3125 sed
1458 3101 1490 3125 de
1502 3101 1523 3124 B
1543 3108 1595 3124 non
1614 3100 1786 3132 praedicatur;
1805 3108 1857 3124 non
1876 3099 1945 3124 enim
1964 3099 2011 3123 dici
2031 3104 2123 3130 potest,
2139 3099 2163 3123 B
2176 3102 2215 3123 est
2233 3100 2312 3128 color,
2332 3100 2452 3131 quamvis

1392 3136 1497 3165 dicatur,
1518 3136 1542 3159 Β
1559 3139 1599 3160 est
1616 3136 1776 3160 coloratum.-
1796 3143 1880 3167 neque
1899 3134 1940 3158 hic
1959 3135 2030 3158 color
2049 3134 2080 3158 de
2099 3134 2149 3158 alio
2163 3134 2210 3158 dici
2229 3139 2315 3166 potest
2332 3139 2455 3166 tanquam

1393 3171 1425 3195 de
1443 3170 1591 3194 inferiori.--
1603 3170 1635 3199 3⁰,
1650 3170 1675 3194 in
1691 3178 1720 3194 ea
1739 3178 1806 3202 quae
1825 3176 1850 3194 et
1863 3170 1895 3194 de
1908 3170 2023 3194 subiecto
2034 3169 2152 3193 dicuntur
2164 3174 2189 3193 et
2207 3175 2267 3193 sunt
2280 3169 2305 3193 in
2325 3170 2455 3194 subiecto·

1392 3203 1424 3230 τὰ
1439 3202 1465 3229 δὲ
1481 3204 1537 3229 καθ’
1553 3204 1720 3238 ὑποκειμένου
1735 3213 1761 3229 τε
1776 3204 1888 3238 λέγεται,
1903 3213 1945 3229 και
1966 3202 1991 3229 ἐν
2010 3203 2087 3228 ὗποκε
2091 3201 2191 3237 ιμένῳ’
2181 3202 2263 3228 εστίνῖ
2279 3210 2304 3229 et
2317 3204 2379 3229 haec
2394 3210 2455 3229 sunt

1392 3240 1529 3265 accidentia
1548 3240 1725 3264 universaliter
1748 3245 1858 3271 sumpta.
1878 3240 1927 3268 Ita,
1946 3247 1969 3264 e.
1983 3248 2020 3272 g.,
2047 3239 2151 3264 scientia
2170 3239 2253 3263 estin
2272 3245 2371 3270 mente,
2390 3241 2456 3264 sicut

1391 3277 1416 3300 in
1437 3275 1565 3304 subiecto,
1585 3282 1631 3299 nec
1649 3280 1718 3299 extra
1737 3280 1852 3299 mentem
1871 3276 1978 3299 existere
1997 3282 2043 3306 per
2063 3282 2091 3298 se
2110 3275 2192 3306 ipsam
2211 3275 2338 3299 ullatenus
2357 3280 2454 3306 potest3

1392 3316 1417 3335 et
1436 3311 1491 3342 ipsa
1508 3318 1569 3334 vere
1588 3310 1746 3341 praedicatur
1761 3310 1793 3334 de
1815 3311 1902 3342 aliquo
1921 3310 2033 3334 inferiori
2053 3309 2183 3339 subiecto,
2207 3310 2273 3334 sicut
2291 3317 2359 3341 cum,
2380 3318 2402 3335 e
2415 3318 2455 3342 g.,

1393 3345 1490 3372 dicitur
1501 3345 1688 3369 mathematica
1698 3348 1738 3369 est
1746 3345 1864 3369 scientia.
1875 3346 1930 3375 —-4⁰
1940 3345 2059 3376 denique,
2077 3345 2101 3368 in
2117 3352 2146 3368 ea
2157 3352 2223 3376 quae
2233 3353 2318 3376 neque
2330 3345 2355 3369 in
2369 3345 2455 3370 subie-

1392 3386 1432 3405 cto
1452 3385 1512 3404 sunt
1535 3387 1620 3412 neque
1639 3380 1671 3404 de
1690 3380 1805 3404 subiecto
1825 3380 1954 3404 dicuntur:
1974 3388 2005 3404 τα
2025 3377 2051 3403 δὲ
2071 3376 2129 3403 οὔτε
2154 3377 2179 3404 ἐν
2203 3378 2361 3413 ὑποκειμένῳ
2388 3377 2456 3405 ἐστιν

1393 3413 1450 3439 οὔτε
1466 3413 1521 3439 καθ
1535 3414 1613 3439 ὑποκε
1604 3414 1654 3448 ιειμῖ
1645 3422 1702 3438 .νου
1716 3411 1784 3443 τινὸς
1794 3413 1905 3447 λέγεται.
1920 3414 2074 3438 Huiusmodi
2089 3419 2149 3438 sunt
2163 3415 2292 3439 individua
2301 3415 2457 3440 substantia—

1394 3451 1434 3480 lia,
1447 3458 1494 3474 seu
1504 3450 1661 3474 substantiae
1675 3450 1784 3490 primae.
1799 3457 1852 3474 non
1865 3451 1933 3474 enirn
1948 3450 1995 3473 dici
2010 3454 2102 3481 potest,
2114 3457 2136 3473 e.
2150 3458 2183 3482 g„
2195 3450 2290 3475 Petrus
2300 3453 2339 3475 est
2348 3451 2456 3476 Paulus.

1447 3486 1472 3509 Si
1501 3485 1576 3517 igitur
1610 3485 1762 3516 accipiamus
1796 3492 1845 3514 ea,
1871 3492 1938 3516 quae
1970 3485 2024 3509 sine
2052 3485 2230 3509 coniunctione
2259 3486 2390 3515 dicuntur,
2414 3494 2457 3511 res

1393 3528 1486 3545 omnes
1508 3528 1522 3544 a
1545 3520 1620 3544 nobis
1640 3520 1755 3552 cognitae
1782 3525 1851 3544 recte
1875 3520 2019 3544 dividuntur
2038 3519 2063 3543 in
2091 3520 2246 3545 substantias
2259 3539 2265 3551 ,
2289 3528 2355 3553 quae
2369 3521 2457 3546 dicun-

1393 3561 1435 3580 tur
1454 3556 1486 3579 de
1505 3555 1620 3579 subiecto
1639 3561 1664 3580 et
1682 3563 1733 3579 non
1753 3560 1812 3579 sunt
1831 3556 1855 3579 in
1875 3555 2002 3584 subiecto,
2023 3559 2048 3579 et
2066 3555 2091 3578 in
2110 3556 2247 3580 accidentia
2263 3564 2330 3588 quae
2349 3561 2409 3581 sunt
2432 3557 2458 3581 in

1395 3591 1523 3621 subiecto,
1543 3596 1568 3615 et
1586 3590 1618 3614 de
1637 3590 1752 3615 subiecto
1775 3590 1902 3615 dicuntur.
1925 3591 1995 3615 Haec
2013 3597 2088 3622 erg0,
2113 3591 2260 3616 substantia
2279 3596 2305 3616 et
2327 3592 2456 3622 accidens,

2257 3644 2313 3668 35*

2486 770 2635 792 ·-codd.-:1›
2654 772 2698 793 im-

2557 798 2644 823 etiam;
2666 805 2698 820 a:

2483 823 2553 844 ettam
2555 829 2681 850 ponamus
2679 831 2699 846 ·ι;

2485 849 2700 904 ίΨθῗοζὸἓέἔέἳ

2487 907 2537 923 exc.
2539 908 2583 924 exn
2594 906 2616 924 et
2623 909 2641 924 s.
2644 909 2675 925 m.
2678 909 2699 925 c

2480 802 2539 827 pon.

2509 1097 2608 1117 ΛΒῦικος
2626 1095 2648 1113 et
2668 1092 2700 1114 ita

2485 1117 2520 1137 bis
2531 1121 2552 1138 et
2565 1118 2642 1139 tertio.
2653 1130 2662 1134 —
2673 1125 2698 1141 P:

2484 1142 2578 1165 dicitur.

2505 1311 2632 1332 DnlLNOQS.
2638 1319 2648 1322 -
2653 1314 2697 1329 scu

2483 1338 2526 1353 nr:
2543 1333 2602 1353 illud
2621 1336 2698 1355 autem

2483 1358 2521 1404 qd.
2531 1365 2560 1379 Λε
2574 1359 2627 1381 hab.
2637 1360 2698 1381 lac.-

2504 1387 2544 1406 ἐι
2552 1385 2578 1405 id
2587 1386 2657 1413 quod.

2484 1411 2583 1438 'Accip
2589 1418 2636 1433 om.
2648 1419 2698 1433 nu.-

2486 1443 2505 1458 1:
2520 1443 2535 1458 a
2546 1440 2627 1465 parte.

2507 1621 2591 1647 Codd..
2603 1627 2651 1642 exc.
2663 1627 2700 1643 coi

2486 1651 2507 1669 et
2518 1654 2541 1674 p.
2550 1654 2581 1669 m.
2589 1654 2650 1669 x--rz
2661 1648 2698 1669 de.

2483 1995 2494 2006 ⁴
2509 1994 2579 2016 Num.
2595 2001 2645 2023 seq.

2484 2095 2530 2117 ’Co
2534 2095 2580 2120 dd.
2587 2102 2636 2117 exc.
2644 2103 2697 2122 qn.-

2484 2122 2685 2174 ΣΙιαῖΙξηῖῗΙιιά.

2483 2250 2493 2258 “
2503 2255 2529 2270 1³:
2545 2251 2588 2270 aut
2597 2249 2696 2276 praedi-

2483 2277 2551 2296 catur
2569 2276 2593 2297 in
2608 2282 2636 2297 eo
2650 2277 2698 2307 qd,-

2483 2307 2555 2323 cnon:
2566 2303 2696 2329 praedica-

2484 2363 2540 2384 oi:
2552 2364 2598 2384 vel
2593 2370 2639 2391 per
2648 2370 2697 2385 mo-

2484 2389 2536 2410 dum
2551 2390 2618 2411 alia·
2627 2397 2697 2412 Gom.

2484 2416 2592 2438 alterius.
