2788 4204
916 219 1300 258 POSTERIORUM
1327 218 1755 256 ANALYTICORUM
1783 220 1877 256 LIB.
1909 221 1923 256 I

1444 298 1549 345 quod
1567 304 1763 345 geometra
1782 311 1861 335 non
1881 299 2061 348 supponit
2092 299 2230 336 falsum
2247 307 2402 348 propter
2423 301 2510 338 hoc.

1446 349 1547 386 Cum
1576 350 1678 387 enim
1697 358 1892 398 geometra
1911 351 2003 388 nihil
2031 353 2265 389 demonstret
2284 353 2331 389 de
2350 353 2510 402 particu-

331 234 410 270 214

92 314 237 339 *omum
257 319 303 334 non
332 314 378 338 eo
407 303 511 351 quod
539 314 619 339 non
646 303 811 339 habeant
838 301 1009 338 medium
1031 299 1106 336 *in
1135 299 1195 334 illa
1223 297 1388 334 scientia.

90 339 303 397 ffssffniaffi‘niI-co
331 355 522 392 Differunt
541 362 669 392 autem
689 356 738 392 ad
752 354 918 391 invicem
931 353 967 388 *ε
988 351 1077 400 quia
1092 351 1122 387 si
1137 350 1294 399 quidem
1309 349 1389 387 talis

2537 407 2614 430 *Lech
2619 409 2750 431 xva-Codri.

90 525 102 534 ⁸
109 530 187 546 υικκο
194 527 215 545 et
224 530 302 545 s.m.x:

91 551 231 582 aliquem;in
241 557 254 572 c
262 550 305 571 ali-

93 577 150 604 quid
157 583 170 598 Ρ
179 577 263 604 corrig.
273 578 301 598 ab

91 609 167 625 aman.
201 603 223 624 in
257 604 301 625 ali-

92 636 168 657 quem.

88 1101 179 1123 *Nunm
211 1117 218 1122 .

75 1896 92 1923 ⁸,
123 1896 231 1918 uamdam
242 1902 290 1918 om.

75 1928 108 1945 co
126 1939 140 1951 .,
156 1929 206 1945 exc.
226 1929 262 1945 oa.

92 399 136 415 '¹²¹²
152 392 182 414 “⁶
198 398 303 414 ''mm''
329 408 537 456 propositio
558 408 602 444 sit
620 407 823 456 probabilis
851 403 1069 450 addiscenti,
1091 403 1150 439 cui
1168 403 1211 447 fit
1230 403 1389 439 demon-

330 460 468 506 stratio,
490 460 622 497 dicitur
646 460 856 508 suppositio.
879 459 927 494 Et
946 456 999 493 sic
1017 455 1227 504 suppositio
1257 455 1391 492 dicitur

330 525 410 549 non
430 513 654 561 simpliciter,
676 513 743 549 sed
762 513 811 548 ad
831 511 997 558 aliquem
1008 508 1040 544 ⁸.
1063 508 1102 545 Si
1122 521 1216 545 vero
1240 507 1298 544 ille
1318 520 1390 544 nec

330 565 376 601 sit
404 566 573 602 eiusdem
603 564 803 613 opinionis,
833 574 957 610 neque
988 561 1211 608 contrariae,
1242 568 1390 609 oportet

330 619 434 666 quod
462 619 739 654 demonstrator
764 617 839 653 hoc
867 616 914 651 ab
945 626 990 650 eo
1018 621 1132 662 petat,
1154 621 1190 650 et
1216 620 1307 650 tune
1336 614 1389 651 di-

330 670 423 706 citur
448 671 588 718 petitio.
624 670 663 706 Si
692 676 819 706 autem
848 668 894 704 sit
932 667 1140 704 contrariae
1176 667 1388 715 opinionis,

328 729 417 759 tunc
446 722 512 759 erit
538 723 713 770 quaestio,
735 722 782 758 de
811 733 887 769 qua
915 727 1063 769 oportet
1086 720 1267 768 disputari
1294 719 1390 756 inter

329 787 405 811 eos.
423 775 508 810 Hoc
521 781 650 811 tamen
670 774 850 811 omnibus
866 785 1073 810 commune
1090 779 1155 819 est,
1172 774 1278 822 quod
1292 785 1388 809 uno-

327 839 479 875 quoque
509 839 642 864 eorum
669 828 783 864 utitur
811 828 1090 864 demonstrator
1120 838 1200 863 non
1229 827 1388 863 demon-

326 887 456 925 strans,
478 892 565 916 cum
594 880 639 916 sit
667 880 973 918 demonstrabile.

381 933 412 968 5.
421 932 581 979 Deinde,
591 946 679 970 cum
690 933 788 970 dicit:
801 934 970 970 Termini
982 933 1099 982 igitur
1108 944 1182 968 non
1192 937 1280 968 sunt
1291 938 1387 979 ‘etc.‚

325 984 513 1032 distinguit
540 986 771 1034 definitiones
803 999 825 1023 a
856 986 1166 1035 suppositionibus
1193 997 1262 1033 per
1294 986 1388 1022 duas

323 1037 504 1084 rationes;
525 1051 688 1087 quarum
708 1040 876 1077 secunda
896 1033 1025 1088 incipit
1051 1039 1120 1076 ibi:
1136 1038 1308 1086 Amplius
1321 1050 1388 1086 pe-

323 1090 398 1126 titio
428 1098 485 1127 etc
507 1091 537 1128 *.
559 1092 669 1129 Circa
686 1092 854 1141 primum
883 1093 960 1129 duo
985 1092 1087 1129 facit:
1115 1091 1253 1140 primo,
1281 1091 1389 1140 ponit

322 1142 520 1190 rationem,
550 1157 648 1194 quae
675 1146 758 1182 talis
787 1152 858 1182 est:
880 1145 1019 1182 Omnis
1042 1145 1181 1194 petitio,
1211 1144 1274 1180 vel
1301 1156 1386 1192 sup-

315 1196 452 1244 positio
472 1197 560 1234 dicit
578 1198 719 1247 aliquid
747 1210 825 1235 esse
841 1199 904 1235 vel
933 1210 1006 1235 non
1027 1210 1123 1242 esse‚·
1145 1197 1297 1234 termini
1321 1210 1388 1234 au-

85 1260 95 1271 ·
111 1258 147 1281 cf.
174 1258 184 1279 1
205 1258 294 1285 Perih.
321 1255 416 1296 tem,
450 1249 546 1287 idest
572 1251 803 1299 definitiones
821 1253 851 1299 *,
875 1263 956 1288 non
985 1251 1114 1288 dicunt
1141 1249 1283 1299 aliquid
1310 1262 1389 1287 esse

84 1286 135 1306 lect.
150 1291 180 1311 tv,
195 1291 219 1306 n.
234 1290 254 1306 2.

320 1302 382 1338 vel
411 1314 485 1339 non
514 1315 592 1340 esse
610 1310 642 1348 ’‘,·
659 1304 810 1342 termini
839 1316 927 1352 ergo
946 1316 1027 1340 non
1046 1310 1133 1340 sunt
1156 1302 1385 1351 suppositio-

321 1366 390 1391 nes
409 1367 534 1404 neque
562 1357 773 1405 petitiones,
800 1369 869 1406 per
893 1369 933 1393 se
957 1356 1109 1404 sumpti.
1137 1356 1213 1393 Sed
1233 1356 1272 1392 in
1298 1367 1386 1404 pro-

319 1407 571 1456 positionibus
599 1410 783 1459 assumpti
810 1417 897 1447 sunt
916 1409 1211 1458 suppositiones;
1231 1415 1273 1445 ut
1296 1420 1385 1446 cum

322 1460 469 1508 dicitur,
502 1463 614 1500 homo
643 1469 697 1500 est
726 1463 871 1500 animal
897 1461 1082 1499 rationale
1112 1461 1284 1499 mortale.
1308 1461 1386 1499 Sed

319 1514 501 1551 terminos
529 1527 597 1563 per
624 1528 664 1552 se
693 1523 884 1565 sumptos,
919 1521 1067 1564 oportet
1094 1515 1219 1552 solum
1252 1514 1383 1551 intelli-

319 1578 424 1614 gere;
454 1567 654 1616 intelligere
684 1576 812 1606 autem
840 1581 919 1605 non
949 1574 1004 1605 est
1033 1579 1260 1616 supponere,
1290 1567 1386 1604 sicut

319 1631 391 1656 nec
418 1620 558 1658 audire.
590 1622 667 1659 Sed
694 1622 754 1659 illa
783 1628 1049 1671 supponuntur
1076 1632 1386 1669 quorumcunque

319 1673 565 1720 existentium,
586 1674 682 1711 idest
697 1687 741 1711 ex
756 1675 1060 1724 quibuscumque
1082 1673 1324 1710 existentibus
1342 1674 1385 1710 fit

320 1726 524 1774 conclusio,
546 1727 582 1763 in
604 1739 647 1764 eo
667 1728 768 1776 quod
785 1728 848 1765 illa
875 1733 971 1774 sunt,
992 1727 1088 1765 idest
1105 1733 1260 1775 propter
1276 1738 1384 1775 prae-

318 1790 445 1816 m1ssa.

373 1832 408 1868 6.
431 1832 627 1880 Secundo,
648 1833 716 1871 ibi:
735 1834 873 1882 Neque
898 1838 1094 1883 geometra
1118 1838 1200 1879 ete„
1223 1831 1385 1869 excludit

318 1886 527 1933 quamdam
544 1886 563 1906 *
580 1886 867 1924 dubitationem.
888 1886 1076 1923 Dicebant
1105 1884 1207 1922 enim
1226 1885 1383 1934 quidam

317 1938 423 1985 quod
450 1946 643 1986 geometra
669 1940 761 1977 falsa
789 1938 1049 1989 suppositione
1077 1938 1262 1985 utebatur,
1294 1950 1382 1976 cum

318 1990 458 2028 diceret
495 1991 635 2029 lineam
674 2005 755 2030 esse
783 1992 896 2030 unius
923 1991 1049 2041 pediS,
1075 2004 1174 2041 quae
1211 2003 1290 2028 non
1328 1998 1384 2028 est

316 2043 429 2080 unius
465 2044 591 2093 pedis;
619 2052 683 2082 aut
710 2046 851 2083 lineam
886 2044 1114 2093 descriptam
1148 2045 1188 2082 in
1225 2044 1381 2093 pulvere

318 2108 399 2133 esse
428 2104 585 2145 rectam,
606 2111 704 2147 quae
733 2111 813 2136 non
842 2105 897 2136 est
924 2104 1036 2135 recta.
1071 2098 1149 2134 Sed
1176 2097 1256 2146 ipse
1294 2096 1382 2134 dicit

369 2282 389 2318 ι)
409 2283 513 2308 Deinde
530 2290 590 2309 cum
615 2283 693 2309 dicit:
716 2283 824 2309 termini
842 2283 927 2317 igitur
951 2291 1003 2309 non
1027 2287 1090 2309 sunt
1110 2286 1187 2309 ete.-
1199 2284 1270 2309 Haec
1288 2283 1382 2315 verba,

316 2326 383 2352 quae
402 2319 427 2344 in
446 2318 524 2343 Piana
542 2318 725 2349 desiderantur,
744 2319 904 2344 restituimus
924 2326 954 2344 ex
973 2319 1048 2344 codd.
1189 2325 1193 2328 ·

369 2353 395 2388 κ)
414 2353 532 2379 Termini
541 2357 629 2379 autem
641 2359 708 2379 etc.-
718 2355 782 2379 Cod.
793 2355 815 2379 1:
826 2354 934 2379 termini
944 2354 1029 2387 igitur
1038 2355 1079 2379 vel
1093 2354 1258 2387 definitiones
1272 2359 1319 2379 etc.
1330 2355 1382 2380 Sed

316 2389 401 2423 igitur
410 2389 475 2414 falso
485 2389 601 2422 ponitur:
616 2398 676 2414 nam
687 2390 794 2415 termini
803 2395 860 2420 etc.‚
873 2398 926 2414 non
938 2390 1017 2415 illatio
1027 2395 1074 2419 est,
1085 2390 1132 2414 sed
1142 2390 1227 2414 minor
1236 2390 1382 2422 argumenti

315 2433 330 2450 a
344 2433 366 2450 s.
376 2425 479 2449 Thoma
493 2425 626 2458 propositi.
637 2425 719 2450 Codd.
730 2425 776 2450 CG
786 2430 811 2450 et
820 2433 846 2458 p.
855 2433 891 2450 m.
901 2425 943 2450 DS
955 2426 1014 2450 loco
1028 2425 1194 2458 definitiones
1204 2426 1331 2450 mendose
1343 2426 1380 2450 le-

315 2465 379 2493 gunt
392 2460 620 2492 suppositiones.-·
632 2460 656 2484 K
669 2468 722 2486 non
737 2460 803 2485 bene
820 2461 961 2486 concludit:
977 2460 1085 2486 termini
1097 2468 1163 2494 ergo
1177 2467 1229 2485 non
1243 2463 1307 2486 sunt
1318 2468 1381 2493 sup-

309 2495 457 2528 positiones
471 2502 553 2528 neque
562 2502 615 2528 per
627 2502 655 2521 se
668 2496 795 2528 sumptiae-
802 2496 925 2528 Legimus
936 2504 996 2521 cum
1005 2495 1311 2526 ABCDEGHILMQST:
1328 2503 1380 2521 non

314 2534 377 2556 sunt
385 2538 499 2563 suppos„
510 2538 593 2564 neque
597 2531 676 2563 petit.
682 2536 739 2562 etc.;
749 2531 784 2556 N:
793 2538 878 2563 supp„
889 2531 930 2556 vel
933 2534 990 2563 pet.
998 2536 1047 2556 etc.
1058 2531 1091 2555 P:
1096 2531 1175 2563 petit.
1182 2538 1266 2563 neque
1274 2538 1381 2564 suppos.

368 2566 426 2590 Non
443 2574 495 2591 una
519 2566 620 2591 videtur
643 2574 703 2591 esse
721 2565 884 2599 significatio,
911 2574 963 2599 qua
984 2566 1140 2591 vocabulum
1163 2566 1311 2598 suppositio
1333 2574 1381 2591 seu

315 2601 469 2633 hrpothesis
493 2606 600 2634 usurpat
617 2602 779 2627 Aristoteles.
798 2601 857 2632 Qua
879 2602 906 2626 in
928 2609 957 2626 re
974 2602 1070 2626 videsis
1089 2609 1157 2634 quae
1176 2601 1279 2626 adnotat
1296 2601 1380 2626 Waitz

314 2637 340 2661 in
353 2637 363 2661 Ι
378 2637 503 2662 Ηίονιιηι
517 2637 655 2670 analytic„
670 2644 726 2670 cap.
743 2644 813 2667 xxm,
828 2636 969 2669 sch—Op.
983 2637 1033 2667 cit.,
1048 2637 1077 2662 P.
1091 2637 1114 2667 1,
1133 2644 1190 2669 pag.
1200 2644 1261 2669 427,
1276 2644 1351 2669 seqq.
1361 2650 1382 2656 -

315 2671 556 2704 Impraesentiarum
566 2671 674 2697 sufficiat
684 2672 886 2697 animadvertere
899 2679 959 2697 cum
968 2671 1089 2697 Caietano
1099 2671 1136 2704 (in
1145 2672 1272 2700 1Poster.,
1283 2679 1338 2704 cap.
1345 2679 1379 2702 n,

315 2707 332 2740 5
349 2707 487 2737 Quomodo
497 2707 617 2739 passio...
629 2707 708 2733 Circa
721 2707 924 2740 descriptionem
939 2707 1081 2740 dignitatis
1095 2711 1156 2738 ete-3
1171 2707 1215 2732 fol.
1227 2706 1268 2737 53,
1283 2707 1333 2732 cdl.
1342 2707 1381 2740 4),

316 2743 387 2774 quod
401 2749 548 2774 supponere
563 2742 695 2775 dupliciter
708 2743 777 2768 sumi
791 2747 890 2775 potest:
904 2750 958 2767 uno
971 2742 1051 2767 modo
1064 2742 1203 2774 improprie
1217 2746 1243 2766 et
1257 2742 1340 2775 large,
1355 2747 1381 2767 et

315 2778 353 2802 sic
371 2777 533 2810 distinguitur
551 2783 640 2803 contra
652 2785 781 2811 quaerere
799 2782 825 2803 et
838 2777 1036 2803 dmonstrare:
1055 2784 1109 2809 quo
1122 2784 1203 2802 sensu
1217 2777 1301 2802 dicere
1319 2784 1381 2802 con-

316 2813 449 2837 suevimus
463 2813 535 2845 quod
548 2813 596 2838 tria
609 2818 669 2838 ante
682 2813 930 2838 demonstrationem
948 2812 1194 2845 praesupponimus,
1209 2819 1303 2844 nempe
1315 2811 1381 2844 quid

316 2852 342 2872 et
359 2848 423 2880 quia
441 2848 561 2878 subiecti,
585 2848 648 2881 quia
671 2849 836 2881 dignitatum,
856 2853 882 2873 et
905 2847 971 2881 quid
988 2847 1125 2880 passionis.
1149 2847 1220 2872 Haec
1238 2847 1308 2872 euim
1328 2854 1380 2872 non

315 2883 467 2915 quaerimus
481 2891 565 2916 neque
585 2883 806 2912 demonstramus,
821 2883 868 2908 sed
886 2888 915 2908 ut
933 2883 1066 2915 supposita
1079 2882 1218 2915 accipimus
1232 2882 1258 2907 in
1272 2882 1380 2907 demon·

316 2918 575 2944 straticum-Altero
594 2916 674 2944 modo
692 2925 840 2951 supponere
858 2918 970 2943 sumitur
987 2917 1103 2950 proprie,
1123 2922 1149 2942 et
1162 2917 1199 2942 sic
1218 2917 1381 2950 distinguitur

316 2958 404 2978 conti-a
417 2954 549 2979 evidenter
561 2954 683 2988 proponi:
695 2961 748 2987 quo
762 2961 843 2979 sensu
858 2953 1004 2987 dignitates
1017 2960 1065 2979 seu
1075 2953 1200 2978 axiomata
1209 2953 1318 2978 dicimus
1327 2959 1380 2977 non

316 2995 375 3014 esse
393 2989 598 3021 suppositiones,
622 2990 683 3022 quia
700 2997 754 3014 non
771 2989 830 3014 ideo
849 2993 1017 3014 assumuntur
1038 2993 1064 3012 et
1088 2992 1281 3021 proponuntur,
1305 2988 1379 3020 quasi

315 3029 493 3056 supponantur
506 3031 565 3049 esse
578 3032 639 3050 vera
647 3042 654 3055 ,
674 3025 737 3057 quin
750 3029 837 3050 tamen
850 3029 938 3049 utrum
957 3024 991 3048 ita
1010 3023 1061 3048 sint
1074 3030 1122 3048 nec
1139 3030 1173 3048 ne
1187 3027 1257 3048 certo
1270 3027 1379 3054 constet,

315 3059 362 3083 sed
381 3059 441 3092 quia
460 3059 585 3084 evidentia
603 3060 706 3092 propria
724 3064 786 3084 sunt
802 3067 864 3084 vera
882 3063 908 3084 et
925 3058 1047 3091 principia
1066 3058 1281 3091 consequentium
1294 3063 1320 3083 et
1335 3065 1380 3083 eo—

317 3101 375 3118 rum
389 3101 456 3126 quae
470 3094 687 3120 demonstrantur.
698 3095 733 3120 At
746 3099 835 3120 eontra
853 3094 1044 3127 suppositiones
1062 3093 1166 3126 proprie
1184 3093 1300 3124 dicimus,
1313 3101 1380 3126 quas

316 3130 486 3161 supponimus
504 3129 540 3163 ita
558 3137 617 3155 esse
634 3130 677 3155 vel
695 3137 748 3155 non
766 3137 839 3161 esse;
859 3134 885 3154 et
903 3134 1030 3162 quatenus
1049 3127 1099 3154 hoc
1117 3136 1196 3154 sensu
1215 3127 1380 3162 hypothetico

315 3169 495 3195 assumuntur,
514 3169 540 3190 et
553 3172 606 3190 non
619 3165 680 3198 quia
693 3172 755 3190 vera
769 3169 830 3190 sunt
843 3165 968 3190 evidentia
982 3164 1092 3197 propria,
1106 3163 1203 3189 habent
1221 3164 1292 3197 quod
1305 3171 1380 3196 prae-

316 3199 427 3224 seferant
445 3200 570 3225 rationem
588 3200 772 3233 principiorum
794 3201 820 3224 in
837 3200 1037 3225 ratiocinatione.

367 3232 395 3267 λ)
411 3234 453 3259 De
466 3235 507 3260 his
520 3235 595 3260 Iineis
609 3235 675 3260 nihil
689 3235 890 3261 demonstrat.-
899 3235 947 3260 Est
960 3234 1035 3260 lectio
1049 3234 1216 3260 codd.—Exc.
1230 3234 1260 3265 Ε,
1275 3234 1319 3267 qui
1338 3241 1379 3259 er·

315 3276 406 3294 ronee:
431 3269 464 3295 de
481 3269 556 3296 lineis
581 3270 760 3300 demonstrat,
786 3277 868 3302 neque
886 3274 935 3295 etc.
947 3282 966 3290 —-
980 3270 1001 3295 L
1019 3270 1158 3295 oscitanter
1174 3269 1268 3295 omittit
1289 3269 1378 3299 lineis,

316 3310 398 3336 neque
415 3305 495 3330 etiam
513 3312 551 3330 ex
568 3305 683 3331 eia-P:
703 3306 736 3331 de
754 3305 795 3331 his
813 3305 888 3331 lineis
907 3313 958 3331 non
979 3305 1144 3331 demonstrat
1161 3304 1272 3337 aliquid.

368 3338 399 3375 μ.)
418 3339 494 3365 Nihil
506 3340 620 3373 ponitur
636 3341 691 3366 sive
710 3340 888 3374 praedicatur
906 3340 1085 3366 etc.·-AGlL:
1104 3340 1170 3366 nihil
1188 3340 1316 3373 ponitur,
1334 3346 1379 3366 ne-

1443 403 1594 450 laribus,
1612 405 1680 441 sed
1700 404 1747 440 de
1762 404 2050 452 universalibus,
2066 412 2107 441 ut
2122 417 2236 453 supra
2256 405 2400 442 dictum
2411 413 2466 443 est
2476 407 2508 452 ”3

1444 455 1517 492 hae
1540 463 1670 492 autem
1688 456 1809 493 lineae
1830 464 1917 494 sunt
1944 458 2135 506 quaedam
2154 458 2408 506 particularia3
2429 471 2509 496 ma-

1445 508 1623 546 nifestum
1644 515 1698 546 est
1717 509 1822 557 quod
1842 510 1889 547 de
1908 510 1966 546 his
1994 510 2101 547 lineis
2125 511 2216 548 nihil
2236 509 2509 558 demonstrat),

1444 572 1569 610 neque
1604 561 1717 598 etiam
1753 574 1798 598 ex
1827 562 1897 609 eis,
1933 563 2001 600 sed
2027 564 2143 600 utitur
2171 564 2223 600 eis
2251 571 2293 600 ut
2327 564 2509 613 exemplis

1443 614 1726 661 universalium,
1742 627 1840 663 quae
1859 627 1929 664 per
1954 616 2050 653 haec
2064 617 2085 638 '²‘
2099 617 2273 666 exempla
2302 617 2510 665 intelligun-

1443 673 1513 714 tur,
1543 666 1590 704 de
1618 667 1756 715 quibus
1786 674 1821 703 et
1850 680 1895 704 ex
1922 668 2060 717 quibus
2089 669 2334 707 demonstrat.

1498 731 1533 767 7.
1554 720 1716 766 Deinde,
1739 732 1827 757 cum
1851 721 1959 758 dicit:
1983 721 2156 770 Amplius
2177 723 2305 771 petitio
2335 730 2416 771 etc.‚
2441 735 2510 772 po-

1444 771 1498 808 nit
1516 773 1726 810 secundam
1746 773 1944 821 rationem,
1964 787 2062 823 quae
2083 775 2165 812 talis
2180 775 2251 826 estL:
2269 776 2407 813 Omnis
2422 789 2509 825 sup—

1442 824 1580 873 positio
1609 825 1671 862 vel
1698 825 1829 873 petitio
1854 833 1909 862 est
1939 826 1979 863 in
2006 834 2085 864 toto
2113 828 2176 864 vel
2205 827 2243 865 in
2270 835 2387 877 parte,
2415 828 2511 866 idest

1445 884 1499 914 est
1517 877 1726 926 propositio
1743 877 1996 915 *universalis
2014 880 2076 917 vel
2094 880 2342 929 particularis3
2363 882 2431 919 sed
2445 882 2509 919 de-

1443 930 1635 967 finitiones
1663 937 1840 968 neutrum
1868 932 2006 969 horum
2036 940 2134 980 sunt,
2155 933 2244 982 quia
2267 934 2306 971 in
2337 933 2390 970 eis
2418 934 2509 971 nihil

1441 984 1596 1032 ponitur
1615 983 1695 1020 sive
1713 984 1951 1033 praedicatur
1964 991 1994 1031 μ,
2011 997 2136 1035 neque
2155 986 2427 1034 universaliter,
2443 999 2509 1024 ne-

1442 1049 1517 1085 que
1545 1037 1827 1086 particulariter;
1850 1049 1938 1085 ergo
1968 1044 2036 1075 etc.

1497 1091 1532 1127 8.
1553 1090 1715 1138 Deinde,
1737 1102 1825 1127 cum
1845 1090 1950 1128 dicit:
1971 1091 2118 1139 Species
2146 1091 2295 1140 quidem
2320 1104 2398 1130 esse
2425 1099 2508 1140 etc.‚

1443 1143 1606 1180 ostendit
1626 1155 1672 1180 ex
1698 1143 1916 1192 praemissis
1936 1145 2043 1193 quod
2070 1156 2150 1181 non
2170 1151 2226 1182 est
2249 1145 2509 1183 necessarium

1441 1208 1585 1245 ponere
1605 1196 1721 1243 ideas,
1741 1203 1783 1233 ut
1801 1197 1909 1234 Plato
1928 1196 2065 1245 posuit.
2088 1197 2298 1235 Ostensum
2327 1205 2382 1236 est
2406 1200 2509 1236 enim

1442 1261 1555 1298 supra
1585 1249 1605 1270 *
1633 1249 1740 1298 quod
1769 1250 2114 1287 demonstrationes
2147 1251 2194 1288 de
2231 1251 2509 1289 universalibus

1441 1309 1540 1349 sunt,
1562 1308 1598 1338 et
1615 1302 1691 1339 hoc
1709 1303 1830 1340 modo
1851 1309 1938 1340 sunt
1953 1304 2000 1341 de
2016 1303 2267 1352 sempiternis.
2288 1305 2382 1342 Non
2398 1304 2510 1352 igitur

1440 1366 1596 1392 necesse
1616 1362 1672 1391 est
1690 1355 1740 1395 ad
1758 1356 1833 1392 hoc
1853 1357 1959 1405 quod
1979 1356 2252 1394 demonstratio
2281 1357 2344 1404 sit,
2369 1357 2509 1406 species

1441 1419 1544 1454 esse,
1573 1407 1670 1445 idest
1698 1408 1820 1454 ideas,
1850 1415 1914 1445 aut
1941 1410 2199 1458 quodcunque
2229 1422 2347 1447 unum
2371 1416 2383 1431 ¹³
2407 1417 2509 1448 extra

1439 1460 1569 1508 multa,
1589 1460 1686 1497 sicut
1711 1462 1908 1509 ponebant
1936 1462 2121 1499 Platonici
2154 1463 2423 1501 mathematica
2451 1475 2508 1500 se-

1438 1520 1568 1561 parata
1597 1525 1685 1550 cum
1714 1513 1819 1560 ideis,
1839 1521 1881 1550 ut
1909 1514 1961 1551 sic
1990 1516 2334 1553 demonstrationes
2362 1515 2509 1565 possint

1439 1577 1520 1602 esse
1531 1566 1578 1603 de
1590 1565 1840 1614 sempiternis.
1853 1567 1930 1604 Sed
1944 1568 2200 1605 necessarium
2217 1576 2272 1606 est
2286 1581 2368 1606 esse
2386 1582 2510 1607 unum

1437 1618 1476 1655 in
1496 1618 1622 1655 multis
1638 1625 1674 1655 et
1693 1619 1740 1656 de
1761 1619 1904 1667 multis,
1925 1620 1956 1656 si
1981 1621 2256 1658 demonstratio
2277 1622 2390 1659 debet
2414 1634 2509 1670 esse,

1438 1671 1526 1720 quia
1554 1683 1634 1709 non
1663 1672 1730 1709 erit
1756 1671 1988 1719 universale,
2013 1673 2086 1710 nisi
2114 1673 2159 1711 sit
2185 1686 2309 1711 unum
2337 1674 2385 1712 de
2412 1674 2510 1712 mul-

1437 1724 1499 1771 tis;
1530 1731 1566 1761 et
1584 1724 1615 1761 si
1643 1737 1723 1761 non
1742 1724 1789 1762 sit
1806 1725 2031 1773 universale,
2058 1738 2138 1763 non
2158 1726 2226 1767 erit
2251 1726 2424 1765 medium
2445 1728 2510 1765 de·
2554 1764 2557 1765 γ

1438 1777 1743 1823 monstrationis;
1774 1790 1863 1826 ergo
1902 1790 1973 1816 nec
2006 1779 2293 1818 demonstratio.
2327 1780 2378 1817 Et
2403 1780 2510 1830 quod

1438 1837 1612 1879 oporteat
1629 1831 1802 1868 medium
1829 1831 2162 1870 demonstrationis
2183 1845 2264 1870 esse
2279 1832 2506 1880 universale,

1437 1890 1540 1932 patet
1553 1884 1574 1903 ¹*
1588 1895 1657 1933 per
1683 1884 1758 1921 hoc
1777 1885 1884 1933 quod
1903 1891 2052 1933 oportet
2073 1885 2247 1923 medium
2271 1886 2508 1924 demonstra-

1436 1936 1549 1974 tionis
1578 1948 1661 1973 esse
1688 1949 1810 1974 unum
1840 1944 1876 1973 et
1903 1937 2006 1974 idem
2036 1939 2084 1975 de
2112 1938 2282 1987 pluribus
2313 1939 2508 1988 praedica-

1436 1996 1519 2026 tum
1539 2002 1619 2026 non
1639 1989 1861 2039 aequivoce,
1878 1991 1946 2028 sed
1965 1991 2178 2028 secundum
2198 1992 2385 2029 rationem
2405 2004 2508 2030 eam-

1437 2043 1544 2080 dem:
1565 2042 1670 2091 quod
1685 2042 1706 2064 *
1726 2049 1781 2079 est
1800 2043 1894 2079 ratio
1913 2043 2147 2081 universalis.
2170 2044 2211 2081 Si
2229 2051 2358 2081 autem
2378 2045 2507 2095 aequi-

1435 2107 1580 2132 vocum
1595 2095 1616 2116 *
1632 2102 1745 2143 esset,
1765 2102 1895 2144 posset
1909 2096 2080 2134 accidere
2094 2097 2231 2135 vitium
2245 2097 2285 2135 in
2299 2098 2508 2145 arguendo.

1435 2292 1486 2317 que
1505 2285 1692 2310 universaliter
1708 2290 1769 2316 etc.;
1789 2284 2061 2315 BCDEHKOQRST:
2076 2283 2143 2310 »nihil
2154 2284 2333 2317 praedicatur
2347 2291 2431 2318 neque
2449 2285 2509 2313 unii,-

1435 2320 1576 2345 versaliter
1593 2325 1671 2345 etc.—-
1683 2320 1708 2345 G
1725 2320 1820 2345 omittit
1838 2327 1954 2351 erronee,
1974 2327 2056 2352 neque
2069 2319 2284 2353 partiqlan'ter.

1488 2355 1641 2380 Aristoteles
1656 2355 1756 2380 videtur
1765 2355 1883 2380 hocloco
1897 2354 2025 2380 affirmare
2039 2355 2160 2388 opposita
2168 2355 2210 2380 hia
2221 2363 2288 2388 quae
2299 2356 2386 2381 docuit
2394 2362 2506 2389 oap.vm

1436 2389 1493 2424 (Cf.
1507 2391 1565 2416 lect.
1579 2391 1651 2423 xvr):
1671 2398 1732 2416 nam
1750 2390 1792 2416 hic
1810 2389 1920 2416 affirmat
1937 2389 2114 2416 definitionem
2128 2398 2181 2415 non
2195 2398 2255 2416 esse
2273 2391 2447 2417 universalem
2461 2399 2507 2419 no·

1435 2434 1487 2459 que
1500 2426 1688 2459 particularem,
1702 2426 1753 2451 hoc
1766 2430 1807 2451 est
1820 2425 1978 2459 singularem
1984 2434 1992 2458 ;
2007 2431 2103 2457 contra,
2118 2433 2174 2458 cap.
2183 2433 2229 2451 vm
2243 2426 2331 2453 docuit
2344 2425 2506 2453 definition-

1435 2469 1494 2486 esse
1512 2461 1696 2486 universalium
1715 2466 1741 2486 et
1759 2461 1977 2494 sempiternorum
1992 2469 2044 2486 non
2059 2465 2147 2486 autem
2164 2461 2372 2494 singularium.—-
2383 2462 2427 2487 Ad
2439 2461 2507 2489 hanc

1435 2495 1609 2522 difficultatem
1627 2497 1768 2530 respondet
1786 2497 1932 2527 Caietanus,
1951 2497 2023 2529 quod
2041 2497 2110 2521 aliud
2124 2501 2164 2523 est
2177 2495 2352 2522 definitionem
2371 2504 2431 2523 ease
2449 2497 2506 2523 uni-

1434 2532 1551 2560 versalis.
1569 2532 1638 2557 idest
1655 2532 1691 2557 rei
1710 2531 1885 2557 conditionem
1902 2531 2100 2557 universalitatis
2119 2530 2249 2562 habentis,
2268 2537 2295 2556 et
2313 2531 2383 2557 aliud
2401 2536 2443 2558 est
2459 2532 2506 2558 de-

1434 2566 1576 2592 finitionem
1590 2575 1643 2592 non
1656 2567 1788 2592 includere
1803 2567 1906 2600 signum
1920 2567 2067 2592 universale
2075 2571 2120 2591 aut
2129 2567 2290 2599 particulare.
2304 2567 2422 2592 Primum
2434 2567 2505 2594 afim

1435 2601 1561 2635 significat
1578 2610 1635 2628 rem
1653 2609 1722 2635 quae
1739 2601 1866 2633 definitur,
1885 2602 1918 2628 ad
1936 2601 1986 2627 hoc
2003 2606 2033 2626 ut
2047 2600 2190 2632 definiatur,
2207 2606 2329 2634 oportere
2347 2602 2505 2629 abstractam

1434 2645 1494 2662 esse
1513 2645 1528 2662 a
1546 2637 1721 2662 materialibus
1739 2637 1939 2662 conditionibus.
1958 2637 2107 2662 Secundum
2125 2641 2214 2663 autem
2227 2637 2332 2662 denotat
2345 2637 2371 2662 in
2385 2637 2443 2670 ipsa
2457 2638 2505 2663 de-

1433 2671 1548 2697 finitione
1557 2673 1661 2705 signum
1671 2673 1773 2697 nullum
1783 2672 1884 2704 (omne,
1895 2671 2005 2704 aliquod
2013 2676 2071 2702 etc.‚
2081 2671 2115 2696 de
2124 2671 2220 2704 quibus
2230 2671 2263 2698 cf.
2273 2672 2283 2697 1
2292 2672 2390 2702 Periti„
2398 2672 2459 2699 lect.
2467 2679 2503 2704 π,

1434 2715 1460 2733 n.
1474 2707 1503 2739 3,
1521 2712 1575 2732 not.
1584 2715 1613 2741 γ,
1635 2712 1660 2732 et
1678 2708 1736 2732 lect.
1749 2715 1778 2739 x,
1796 2715 1823 2732 n.
1845 2706 1896 2740 13).
1921 2707 1993 2732 Haec
2011 2712 2099 2732 autem
2117 2707 2170 2732 duo
2192 2715 2246 2732 non
2268 2707 2356 2732 solum
2374 2707 2422 2732 sibi
2440 2708 2505 2733 invi-

1434 2750 1492 2768 cem
1510 2750 1563 2767 non
1582 2743 1766 2773 contradicunt,
1780 2742 1827 2767 sed
1845 2742 1992 2767 necessario
2011 2741 2167 2767 conveniunt
2185 2742 2289 2768 cuilibet
2307 2741 2455 2768 definitioni.
2469 2742 2505 2769 Et

1433 2778 1547 2811 primum
1566 2777 1672 2810 quidem
1694 2777 1814 2810 superius
1833 2777 1971 2802 declaravit
1987 2777 2149 2808 Aristoteles,
2168 2785 2229 2803 cum
2248 2776 2410 2803 definitiones
2432 2785 2505 2804 aem-

1434 2813 1593 2846 pita-norum
1619 2819 1678 2838 esse
1701 2813 1806 2844 docuit;
1831 2812 1975 2838 secundum
1999 2819 2062 2837 vero
2083 2812 2125 2838 hic
2150 2813 2226 2838 dicit:
2251 2813 2298 2838 sed
2321 2819 2426 2838 causam
2450 2820 2505 2839 non

1434 2848 1560 2881 assignat,
1570 2847 1631 2880 quia
1643 2847 1719 2873 valde
1733 2848 1839 2873 evidens
1853 2852 1902 2873 est.
1920 2847 1988 2872 Nam
2001 2855 2062 2872 cum
2075 2847 2102 2872 in
2116 2846 2263 2873 definitione
2275 2847 2339 2873 nihil
2353 2848 2504 2881 ponendum

1434 2883 1468 2908 sit
1485 2887 1587 2916 praeter
1605 2882 1669 2908 illud
1682 2883 1754 2915 quod
1772 2881 1896 2916 significat
1914 2883 1998 2916 ipsam
2016 2890 2074 2908 rem
2087 2881 2218 2908 definitam
2235 2883 2278 2908 vel
2297 2883 2352 2909 eius
2371 2883 2504 2917 principia,

1434 2923 1460 2943 et
1473 2918 1546 2951 signa
1558 2925 1612 2943 non
1625 2917 1780 2950 fignificat,
1799 2918 1846 2943 sed
1865 2917 2058 2951 consignificent
2077 2917 2127 2950 (ef.
2140 2918 2151 2943 1
2165 2918 2264 2948 Perih„
2283 2918 2341 2944 lect.
2359 2925 2389 2949 v,
2403 2923 2458 2945 not.
2474 2917 2503 2953 ρ)

1434 2953 1505 2986 quod
1523 2953 1620 2986 aliquid
1633 2953 1811 2978 universaliter
1828 2953 1871 2978 vel
1885 2953 2071 2986 particulariter
2088 2951 2230 2979 affirmatur
2243 2954 2286 2979 vel
2299 2958 2421 2987 negarim
2440 2961 2504 2980 eon-

1433 2996 1547 3022 sequens
1565 2993 1606 3013 est
1619 2989 1691 3022 quod
1704 2989 1806 3014 nullum
1824 2989 1928 3021 signum
1942 2989 1968 3013 in
1987 2987 2134 3014 definitione
2152 2993 2270 3021 ponamr,
2284 2993 2311 3014 et
2323 2989 2383 3014 ideo
2394 2996 2449 3014 noa
2462 2993 2504 3015 eet

1433 3024 1499 3049 sicut
1517 3023 1544 3049 in
1559 3026 1622 3054 toto,
1643 3031 1691 3048 nec
1709 3024 1775 3049 sicut
1793 3023 1820 3049 in
1835 3026 1932 3056 parte:
1950 3031 2002 3049 non
2021 3024 2090 3049 enim
2109 3024 2226 3054 dicimus,
2246 3023 2382 3056 quoddam
2399 3023 2504 3051 anina!

1433 3059 1574 3089 rationale,
1588 3063 1640 3089 aut,
1653 3059 1756 3084 animal
1769 3065 1846 3084 omne
1858 3059 2000 3089 rationale,
2015 3057 2190 3084 definitionem
2203 3059 2316 3084 hominis
2330 3059 2503 3093 assignantes,

1434 3094 1481 3119 sed
1499 3093 1655 3127 simpliciter,
1673 3094 1776 3119 animal
1794 3094 1934 3119 rationale.

1485 3127 1510 3164 ν)
1523 3129 1580 3154 Aut
1593 3129 1766 3162 quodeunque
1781 3137 1891 3155 unum.—-
1899 3129 2074 3155 Amanuensis
2088 3129 2146 3155 cod.
2155 3129 2179 3155 A
2188 3129 2224 3155 ob
2233 3137 2368 3155 recurwm
2382 3129 2503 3156 eiusdem

1432 3164 1513 3195 vocis,
1533 3164 1614 3193 ideas,
1633 3164 1728 3190 omittit
1745 3164 1809 3190 haec
1821 3164 1902 3190 verba
1919 3172 2005 3197 usque
2022 3165 2062 3196 sd,
2081 3171 2140 3191 cum
2155 3164 2230 3194 ideis,
2244 3165 2376 3190 inclusive.
2395 3164 2448 3190 Sed
2460 3168 2503 3191 est

1433 3200 1565 3225 mendum
1584 3199 1635 3225 Alii
1653 3200 1730 3225 codd.
1747 3199 1844 3225 habent
1867 3200 2004 3225 lectionem
2021 3199 2138 3226 Plenam.
2149 3213 2170 3218 -
2188 3199 2232 3226 Ob
2250 3200 2371 3226 eamdem
2395 3206 2502 3226 mnam

1433 3235 1502 3260 idem
1520 3235 1578 3261 cod.
1597 3242 1656 3260 cum
1674 3235 1729 3266 EN,
1748 3239 1809 3268 post
1826 3235 1919 3266 verba,
1939 3242 2020 3261 unum
2039 3235 2066 3260 in
2085 3235 2176 3261 multis
2193 3238 2221 3262 et
2238 3235 2272 3261 de
2290 3235 2389 3264 multis,
2408 3235 2501 3261 imme-

1434 3270 1500 3296 diate
1518 3270 1695 3303 prosequitur:
1714 3273 1741 3295 et
1758 3270 1782 3295 si
1800 3277 1852 3296 non
1871 3270 1906 3296 sit
1920 3270 2068 3296 universale
2080 3270 2233 3296 eta-Item
2246 3270 2319 3302 inira,
2333 3274 2394 3304 post
2411 3269 2502 3300 verba,

1433 3309 1459 3331 et
1477 3305 1549 3339 quod
1566 3308 1688 3338 oporteat
1701 3305 1818 3331 medium
1833 3306 2080 3337 demonstrationis,
2093 3306 2118 3331 A
2131 3306 2281 3332 unu-aurit
2293 3305 2335 3338 ed,
2349 3312 2404 3332 esse
2417 3311 2501 3331 mam

1432 3343 1459 3366 et
1477 3341 1546 3366 idem
1565 3341 1599 3367 de
1611 3340 1736 3374 pluribus
1754 3345 1803 3367 etc.

1346 3448 1490 3477 „eea-u·

2539 435 2640 460 (exaach
2647 437 2752 457 utosten-

2538 467 2588 482 sum
2598 463 2649 487 ειη
2669 468 2709 484 ac:
2725 464 2753 484 ut

2538 487 2625 509 dictum
2639 490 2683 509 est.

2536 626 2548 638 ⁸
2556 626 2626 648 Haec
2636 633 2663 649 ex
2672 628 2752 655 codd.,

2538 659 2588 675 exc.
2604 659 2629 675 κ.

2535 891 2547 902 ⁴
2558 897 2573 912 ο
2588 897 2694 914 erronee:
2705 898 2750 920 pe-

2536 918 2588 938 titio
2593 925 2602 943 ,·
2611 924 2625 939 b
2636 924 2685 940 om.
2690 924 2753 946 pro-

2534 944 2752 999 fatigati&

2536 1213 2601 1235 Plato

2537 1263 2546 1272 ·
2561 1262 2625 1284 Leet.
2634 1268 2682 1285 xvi.

2534 1477 2656 1500 Platonici.

2534 1894 2546 1906 '
2561 1893 2653 1917 eosd.=
2667 1897 2750 1918 osten-

2535 1920 2585 1948 dit5
2599 1926 2631 1943 a:
2646 1923 2749 1950 oportet.

2535 1985 2545 1995 '
2552 1984 2668 2007 Coddmr:

2534 2011 2684 2060 iffa
2707 2001 2750 2033 '⁶³

2535 2064 2547 2076 ⁴*
2563 2069 2754 2096 omno-ur.

2533 2095 2755 2146 -..m
