2548 4192
209 378 249 407 de
276 375 483 407 matrimonio
516 385 582 405 non
611 374 725 405 dissol-

210 421 326 452 vendo.
351 421 392 451 Et
415 420 520 460 primo
541 420 634 449 docet
657 428 724 457 eos,

209 465 265 506 qui
289 471 363 496 sunt
386 463 592 495 matrimonio
611 462 722 501 iuncti,

210 516 246 541 ut
268 509 302 540 in
325 508 532 540 matrimonio
555 513 724 538 maneant:

210 553 351 585 secundo
369 553 461 594 ponit
479 552 592 583 utilem
612 550 725 582 doctri-

210 607 286 629 nam
296 604 454 638 quantum
473 597 514 627 ad
532 606 646 627 omnes
666 602 726 626 sta-

210 649 262 674 tus
278 648 309 673 et
325 641 524 672 conditiones
541 640 723 678 hominum;

209 683 273 718 ibi:
294 686 558 727 Unumquemque
573 686 657 716 sicut
671 694 724 715 νο-

211 731 297 762 cavit
324 731 424 761 Deus.
460 729 553 761 Circa
583 728 726 769 primum

180 809 182 811 ,
211 775 277 806 duo
313 774 405 805 facit:
443 774 549 815 primo
586 773 650 813 agit
687 773 726 803 de

210 818 488 850 indissolubilitate
511 817 726 856 matrimonii,

211 870 370 905 quantum
400 863 440 893 ad
477 872 532 893 eos
563 862 619 903 qui
653 868 727 892 sunt

212 907 308 939 unius
323 907 444 946 cultus;
464 907 617 944 secundo,
629 916 728 947 quan-

210 958 282 983 tum
305 952 345 982 ad
368 962 434 990 eos,
460 951 515 993 qui
531 958 606 982 sunt
623 951 657 981 in
681 951 726 981 di-

211 996 295 1037 spari
309 997 414 1035 cultu¹3
429 996 483 1026 ibi:
495 996 580 1027 Nam
595 996 731 1026 caeteris

211 1050 274 1082 ego
292 1041 374 1072 dico.
399 1040 491 1072 Circa
504 1040 646 1081 primum
661 1039 727 1070 duo

211 1085 294 1116 facit:
302 1085 408 1126 primo
418 1085 511 1125 ponit
520 1090 726 1124 praeceptum

212 1129 252 1160 de
269 1128 545 1159 indissolubilitate
561 1127 726 1158 matrimo-

211 1173 271 1212 nii;
295 1173 436 1204 secundo
461 1173 554 1203 docet
583 1172 661 1213 quid
687 1172 728 1202 sit

210 1217 413 1254 servandum,
421 1217 551 1258 quando
562 1216 726 1247 matrimo-

210 1261 304 1293 nium
322 1261 566 1303 quodammodo
599 1271 723 1301 separa-

210 1312 264 1338 tur
273 1313 282 1345 ;
297 1305 357 1337 ibi:
380 1305 480 1344 Quod>
487 1305 725 1336 si-discesserit.

210 1350 393 1391 Dicit'erg'o
417 1350 543 1391 primo:
566 1350 648 1380 Dixi
662 1359 726 1380 non

211 1396 339 1436 nuptis,
377 1395 458 1425 idest
489 1393 663 1434 virginibus
696 1400 728 1425 et

211 1439 328 1478 viduis,
354 1439 445 1481 quod
468 1438 582 1469 melius
606 1445 653 1470 est
683 1438 728 1469 eis

211 1483 239 1516 si
261 1483 307 1515 sic
325 1483 564 1525 permanserint.
587 1483 654 1514 His
667 1493 727 1514 au-

211 1533 275 1560 tem
312 1529 369 1570 qui
405 1529 610 1559 matrimonio
650 1533 727 1558 sunt

212 1574 315 1604 iuncti
337 1582 404 1604 non
418 1579 504 1613 patet
523 1571 635 1602 eadem
654 1582 729 1603 con-

212 1617 308 1649 ditio:
323 1618 373 1648 his
387 1618 471 1648 enim
481 1617 648 1657 praecipio
664 1626 727 1647 non

213 1671 287 1704 ego,
302 1661 420 1693 scilicet
442 1661 560 1692 indicta
578 1660 657 1691 mihi
672 1671 727 1691 au-

214 1706 376 1744 ctoritate;
401 1706 456 1736 sed
478 1706 639 1736 Dominus
667 1705 729 1736 hoc

214 1750 367 1792 praecipit
390 1750 507 1781 dicens.
519 1763 534 1778 »

947 294 1003 330 ΙΝ
1034 293 1072 330 S.
1094 292 1336 329 THOMAM
1363 293 1686 340 AQUINATEM

771 373 876 414 primo
909 373 990 403 inter
1019 381 1170 413 personas
1203 371 1285 401 eius-

772 418 846 448 dem
869 418 984 456 cultus,
1005 416 1123 447 scilicet
1144 425 1285 456 quorum

770 469 902 503 uterque
926 468 973 492 est
997 460 1118 499 fidelis3
1143 460 1284 490 secundo

771 506 851 537 inter
879 515 1030 546 personas
1064 504 1196 545 disparis
1220 504 1285 534 cul-

772 558 834 589 tus,
850 550 967 581 scilicet
980 559 1121 591 quorum
1145 549 1221 579 alter
1241 554 1286 578 est

772 594 927 625 infidelis:
951 595 1038 624 Nam
1056 594 1192 624 caeteris
1215 592 1286 623 dico

771 649 842 680 ego.
874 639 910 669 In
933 638 1036 679 prima
1059 644 1158 678 parte,
1180 636 1285 678 primo

770 683 923 724 praecipit
955 682 1047 714 uxori
1079 682 1184 712 virum
1220 691 1286 711 non

772 727 950 765 dimittere;
979 727 1119 758 secundo
1144 726 1169 756 si
1193 725 1286 756 dimi-

772 772 846 803 serit
877 773 919 802 ob
944 781 1073 802 causam
1105 770 1286 801 fornicatio-

772 817 833 855 nis,
849 816 987 847 ostendit
1001 816 1090 857 quod
1114 825 1180 846 non
1196 815 1288 845 debet

773 871 806 892 se
834 861 921 892 alteri
945 861 1114 901 copulare;
1142 860 1237 897 Quod
1259 860 1288 890 si

774 906 978 942 discesserit,·
1018 904 1132 943 tertio,
1170 903 1288 934 scilicet

771 950 840 980 viro
865 949 1016 990 praecipit
1039 949 1125 980 idem
1148 955 1285 978 servare:

775 995 819 1025 Et
842 995 893 1026 vir
909 1003 1054 1024 uxorem.
1084 993 1168 1023 Dicit
1191 1000 1286 1032 ergo:

773 1039 820 1070 Iis
835 1044 942 1069 autem
949 1045 962 1076 ,·
985 1037 1093 1078 quasi,
1126 1037 1188 1067 hoc
1212 1046 1286 1068 con-

771 1083 844 1113 sulo
868 1083 928 1120 his,
948 1082 1004 1123 qui
1027 1092 1094 1112 non
1113 1088 1188 1111 sunt
1209 1091 1286 1111 con-

772 1126 871 1158 iuncti
882 1126 1165 1157 matn'monialiter.
1173 1125 1219 1156 Iis
1228 1135 1286 1156 au-

773 1177 846 1209 tem,
857 1172 914 1212 qui
923 1172 955 1201 in
967 1171 1172 1201 matrimonio
1187 1171 1288 1200 iuncti
1297 1175 1301 1180 “

771 1221 868 1253 sunt‚·
881 1215 972 1256 quasi
987 1215 1131 1256 quodam
1144 1214 1285 1245 vinculo.

768 1259 1012 1292 Matrimonium
1031 1259 1118 1290 enim
1141 1265 1188 1289 est
1210 1259 1286 1298 legi-

772 1305 850 1336 tima
864 1304 1048 1335 coniunctio
1065 1303 1160 1334 maris
1175 1309 1205 1334 et
1219 1303 1286 1333 foe-

772 1349 888 1380 minae.
911 1349 987 1386 His,
1003 1348 1147 1390 inquam,
1157 1349 1286 1388 praeci-

766 1395 824 1434 pio
853 1403 917 1424 non
942 1403 1003 1435 ego
1011 1401 1024 1432 ;
1047 1393 1138 1434 quasi
1170 1392 1288 1423 scilicet

774 1438 836 1469 hoc
868 1445 1073 1479 praeceptum
1097 1447 1134 1467 ex
1157 1447 1210 1467 me
1232 1437 1287 1467 ad-

773 1483 968 1514 invenerim:
993 1483 1049 1513 sed
1071 1482 1232 1512 Dominus
1255 1481 1288 1511 in

773 1527 902 1568 propria
930 1537 1066 1567 persona
1089 1526 1250 1567 praecipit.
1269 1538 1284 1553 ι

1246 1738 1255 1751 1

281 1840 445 1870 Hactenus
455 1838 687 1869 Commentarii
702 1838 768 1868 duo
783 1837 1049 1875 discriminantur,
1059 1847 1199 1878 quorum
1213 1836 1291 1867 alter

214 1883 359 1925 proprias
382 1889 474 1913 notas
498 1882 602 1920 habet,
618 1892 700 1924 quae
718 1882 896 1922 genuinum
911 1881 1058 1913 Thomae
1078 1881 1202 1912 foetum
1217 1891 1290 1922 pro-

214 1927 296 1960 dunt
318 1927 444 1968 ipsum:
469 1937 536 1958 non
559 1927 646 1958 alter.
668 1927 703 1957 ln
718 1926 930 1957 Foroiuliensi
950 1927 1080 1957 laudato
1095 1926 1215 1964 codice,
1231 1926 1290 1956 sub

214 1972 347 2004 nomine
370 1971 453 2002 Petri
477 1972 516 2002 de
537 1971 721 2002 Tarentasia
741 1971 869 2012 scripto,
885 1971 991 2011 priora
1009 1971 1105 2002 huius
1119 1970 1183 2001 loci
1196 1970 1291 2000 verba

216 2016 373 2048 differunt.
399 2015 551 2056 Legimus
570 2016 675 2047 enim:
704 2029 718 2044 «
730 2016 796 2047 His
818 2021 925 2046 autem
941 2017 997 2057 qui
1011 2015 1216 2046 matrimonio
1232 2021 1289 2045 etc.

218 2074 234 2090 2
256 2061 331 2102 Egit
353 2061 392 2091 de
416 2060 623 2092 matrimonio
647 2060 883 2092 contrahendo:
909 2060 960 2091 hic
983 2060 1047 2100 agit
1071 2060 1110 2090 de
1129 2066 1290 2090 contracto

218 2118 235 2134 ι»
256 2115 323 2137 non
338 2105 530 2146 separando:
550 2105 655 2146 primo
670 2105 752 2136 inter
765 2115 916 2145 personas
932 2104 1075 2135 eiusdem
1090 2104 1194 2135 cultus
1204 2117 1218 2131 ιο
1233 2110 1290 2134 etc.

215 2157 254 2182 ut
276 2159 381 2191 supra.
407 2149 499 2187 Quae
522 2159 621 2190 porro
643 2156 821 2190 sequuntur
843 2149 930 2189 apud
953 2149 1128 2188 Thomam,
1153 2155 1183 2180 et
1206 2148 1293 2188 apud

216 2194 410 2232 Gorranum,
425 2201 481 2225 aut
503 2194 634 2225 Petrum
658 2194 696 2224 de
711 2193 905 2231 Tarentasia,
921 2194 960 2224 de
978 2194 1076 2224 verbo
1100 2194 1141 2224 ad
1159 2193 1293 2223 verbum

218 2239 330 2270 eadem
353 2245 436 2269 sunt.

261 2327 373 2358 Matth.
407 2334 463 2367 19:
491 2339 507 2355 ι
524 2326 619 2364 Quod
641 2327 733 2358 Deus
822 2326 934 2358 Matth.
961 2334 1018 2367 19:
1046 2339 1060 2354 α
1087 2326 1181 2363 Quod
1203 2327 1294 2357 Deus

217 2373 386 2404 coniunxit
402 2372 496 2402 homo
517 2381 580 2402 non
595 2376 732 2412 separet.

216 2416 393 2456 Praecipio,
402 2415 547 2457 inquam,
563 2425 698 2446 uxorem
711 2426 732 2446 a

218 2462 288 2492 viro
312 2470 376 2491 non
399 2460 579 2491 discedere:
604 2466 635 2490 et
658 2461 731 2490 sub-

779 2372 957 2409 com'unxit,
969 2371 1062 2402 homo
1077 2381 1140 2401 non
1154 2376 1292 2411 separet.

777 2415 951 2456 Praecipio,
966 2415 1110 2456 inquam,
1122 2425 1257 2446 uxorem
1272 2425 1293 2445 a

778 2461 847 2490 viro
872 2470 934 2490 non
962 2459 1142 2490 discedere:
1166 2466 1196 2489 et
1220 2460 1292 2489 sub-

218 2504 462 2545 intelligendum
500 2511 547 2535 est
564 2527 572 2542 ,
607 2511 735 2544 excepta

219 2559 314 2580 causa
335 2548 552 2579 fornicationis
565 2560 580 2575 »
607 2554 666 2578 etc.

780 2503 1022 2543 intelligendum
1060 2510 1126 2542 est,
1165 2509 1294 2543 excepta

780 2558 873 2578 causa
897 2547 1116 2578 fornicationis
1130 2561 1143 2575 »
1167 2555 1224 2578 etc.

286 2637 328 2668 Et
350 2636 397 2669 sic
418 2636 566 2677 deinceps
585 2637 626 2667 ad
640 2631 848 2667 undecimum
863 2646 965 2677 usque
979 2643 1084 2676 caput.
1109 2636 1294 2667 Dolendum

217 2691 293 2713 sane
316 2687 438 2722 partem
458 2681 540 2711 hanc
563 2680 813 2719 Commentarii,
829 2690 911 2722 quae
926 2680 965 2711 sit
979 2681 1137 2720 genuinus
1147 2681 1295 2711 Thomae

220 2726 338 2764 foetus,
363 2725 527 2763 excidisse3
551 2732 607 2756 aut
629 2725 805 2756 latitantem
828 2725 861 2755 in
885 2725 996 2755 forulis
1020 2726 1167 2756 nondum
1191 2726 1294 2756 obste-

219 2771 384 2802 tricantem
407 2769 564 2800 invenisse
587 2780 732 2809 manum,
748 2779 830 2811 quae
853 2779 924 2800 eam
938 2769 971 2799 in
986 2770 1091 2800 lucem
1106 2770 1187 2800 edat.
1204 2770 1295 2807 Quae

221 2825 298 2846 vero
322 2814 413 2846 editis
435 2814 469 2844 in
493 2815 644 2855 exemplis
676 2821 816 2855 prostat,
840 2824 881 2844 an
903 2814 1039 2844 Nicolao
1064 2814 1230 2853 Gorrano,
1255 2824 1295 2844 an

219 2859 314 2890 Petro
343 2859 383 2890 de
405 2858 590 2889 Tarentasia
620 2858 715 2889 tribui
740 2859 870 2898 debeat,
902 2858 1038 2889 dubium
1061 2865 1092 2889 et
1114 2859 1296 2890 haerentem

221 2903 361 2934 vidimus
383 2902 576 2934 Echardum.
610 2903 672 2933 Pro
697 2903 843 2934 Gorrano
873 2909 933 2934 stat
955 2903 1100 2943 superior
1122 2910 1199 2934 nota
1222 2903 1295 2942 illa,

222 2957 321 2989 quam
336 2948 370 2978 in
383 2948 507 2979 Veneto
524 2947 633 2978 codice
652 2948 868 2988 manuscripto
893 2947 1015 2987 legebat
1033 2948 1198 2987 Remigius
1222 2948 1296 2978 Flo-

224 2991 375 3022 rentinus.
400 2991 530 3023 Accedit
550 2992 583 3022 in
600 2991 842 3023 Commentario
867 2993 899 3022 in
918 2992 1036 3032 septem
1051 2992 1215 3032 Epistolas
1233 2992 1296 3023 Ca-

225 3036 368 3073 nonicas,
393 3045 491 3076 quem
514 3046 572 3076 pro
587 3046 740 3076 germano
755 3036 890 3067 Gorrani
905 3036 993 3066 foetu
1013 3036 1107 3066 habet
1121 3036 1295 3074 Echardus,

223 3079 348 3110 tametsi
376 3079 527 3119 prodierit
558 3081 617 3110 sub
650 3080 782 3111 nomine
814 3080 912 3111 sancti
936 3080 1084 3111 Thomae
1106 3080 1295 3122 Aquinatis,

225 3123 416 3154 methodum
425 3123 514 3153 illam
528 3133 563 3154 ac
577 3123 842 3164 interpretationis
857 3124 1012 3155 rationem
1027 3135 1187 3165 apparere,
1198 3135 1296 3166 quam

225 3167 340 3199 servari
363 3167 428 3197 iam
451 3167 731 3199 animadvertimus
754 3169 787 3199 in
810 3169 895 3207 loco,
915 3179 982 3210 quo
1003 3169 1041 3199 de
1065 3169 1198 3209 agimus.
1222 3170 1296 3200 Fre-

225 3212 396 3254 quentibus
425 3221 541 3251 nempe
564 3218 661 3243 scatet
683 3213 917 3251 notationibus,
944 3213 1176 3254 notandisque:
1199 3214 1296 3254 pluri-

224 3257 350 3297 busque
372 3262 474 3286 textus
498 3256 710 3287 commatibus
734 3257 886 3288 continua
905 3257 1103 3298 expositione
1122 3258 1295 3295 declaratis,

225 3301 266 3332 ad
289 3301 405 3341 priora,
425 3310 491 3340 quo
515 3299 616 3339 magis
639 3310 676 3330 ea
698 3300 902 3340 illustrentur,
918 3311 975 3341 per
988 3301 1175 3332 huiusmodi
1198 3302 1296 3332 adno-

225 3345 360 3376 tationes
374 3344 454 3374 redit
472 3350 596 3374 auctor:
621 3344 671 3374 vel
694 3344 802 3376 inserit
823 3345 984 3386 quaesita,
1008 3345 1178 3386 pluresque
1201 3346 1298 3376 nectit

226 3388 475 3420 obiectiunculas
489 3398 526 3418 ac
545 3387 648 3418 solvit.
672 3388 949 3419 Commentarium
967 3389 1075 3429 ipsum
1096 3390 1237 3420 consule.
1253 3390 1297 3420 Ut

226 3433 378 3474 exemplis
406 3443 454 3463 res
482 3432 677 3470 innotescat,
707 3433 880 3473 expendere
908 3433 1000 3463 liceat
1028 3433 1157 3463 secundi
1187 3433 1296 3473 capitis

226 3477 388 3518 Epistolae
413 3477 517 3508 Iacobi
542 3483 702 3507 commata
720 3483 859 3517 quatuor
879 3477 993 3516 priora.
1017 3477 1104 3507 Haec
1123 3477 1232 3507 omnia
1251 3477 1296 3507 di-

226 3521 333 3552 lucido
345 3521 586 3553 Commentario
602 3521 743 3561 exposita
753 3520 849 3551 vides.
866 3521 954 3551 Tum
964 3520 1004 3550 ad
1014 3521 1155 3560 primum
1170 3531 1297 3551 comma

227 3566 391 3596 revertitur
413 3573 533 3603 auctor,
549 3566 582 3596 in
605 3575 672 3606 quo
697 3565 735 3595 de
759 3575 967 3605 personarum
990 3564 1173 3604 acceptione
1192 3574 1296 3595 sermo

227 3616 288 3640 est:
312 3610 380 3642 Hic.
401 3612 581 3651 quaeritur,
606 3609 764 3651 inquienS,
789 3614 898 3640 utrum
922 3610 1062 3649 acceptio
1075 3618 1238 3649 personae
1255 3610 1298 3639 sit

222 3659 412 3693 peccatum;
435 3664 535 3696 eaque
559 3654 597 3684 de
621 3664 654 3685 re
673 3653 928 3694 quaestiunculas
943 3653 1049 3694 plures
1068 3659 1178 3684 movet
1197 3663 1233 3684 ac
1252 3653 1297 3683 di-

2341 313 2411 338 CXV

1342 370 1447 409 rimit,
1477 382 1513 402 ac
1536 372 1667 413 insuper
1690 374 1765 404 alias
1795 374 1881 405 addit
1904 375 2209 408 animadversiones:
2234 379 2339 418 Nota,
2365 381 2412 411 in-

1343 415 1467 455 quiens,
1478 417 1564 456 quod
1576 427 1794 457 personarum
1810 420 1950 459 acceptio
1970 421 2112 450 cavenda
2127 427 2174 452 est
2188 423 2220 452 in
2235 424 2343 454 multis
2354 431 2411 455 etc.

1344 458 1487 489 Consule
1511 468 1607 500 caput
1625 462 1767 501 primum
1783 463 1944 503 Epistolae
1959 465 2115 494 secundae
2129 465 2211 495 Petri
2226 476 2244 496 a
2258 475 2415 498 commate

1344 502 1559 538 decimonono
1584 506 1624 535 ad
1647 506 1789 546 primum
1804 514 1834 538 et
1847 507 2051 539 vicesimum:
2076 509 2131 539 ubi
2146 512 2415 542 commentatione

1344 546 1476 586 expleta,
1501 548 1789 581 animadversiones
1813 551 2029 592 adiunguntur
2052 553 2092 582 ad
2115 553 2220 593 priora
2238 555 2332 585 verba
2346 566 2414 595 spe-

1344 596 1477 620 ctantes:
1502 592 1589 622 Nota
1612 603 1711 634 super
1734 596 1816 626 illud
1837 597 2069 636 supradictum,
2094 597 2145 628 cui
2169 598 2349 629 benefacitis
2371 606 2414 630 at-

1343 634 1539 665 tendentes...
1565 637 1662 674 Nota,
1678 639 1763 678 quod
1785 640 1913 680 quando
1933 642 1998 671 vita
2020 646 2067 672 est
2085 642 2220 672 obscura
2242 648 2272 673 et
2291 643 2413 674 lubrica

1343 684 1375 709 et
1391 689 1550 719 praeceps
1564 687 1622 711 etc.
1638 681 1780 714 Consule
1795 691 1890 724 caput
1904 685 2080 716 secundum
2095 696 2113 716 a
2127 693 2285 717 commate
2300 694 2413 728 quarto

1344 723 1384 753 ad
1406 731 1551 754 nonum:
1576 725 1692 765 quibus
1716 728 1898 767 explanatis,
1922 729 1962 758 ad
1985 737 2134 770 quartum
2149 730 2228 761 redit
2251 741 2413 762 commen-

1343 773 1444 798 tator:
1473 768 1662 807 Quaeritur,
1688 770 1845 811 inquiens,
1861 773 1900 803 de
1918 773 1987 810 hoc,
1998 775 2083 814 quod
2096 775 2172 805 dicit
2188 775 2302 806 Glossa
2316 786 2414 816 super

1344 811 1436 849 illud,
1460 813 1489 842 si
1511 813 1648 854 Angelis
1664 816 1872 854 peccantibus
1887 823 1944 847 etc.
1970 818 2130 858 Integrum
2154 819 2286 850 demum
2299 820 2333 850 in
2348 830 2413 850 eas-

1344 855 1418 886 dem
1442 863 1564 896 septem
1579 857 1738 897 Epistolas
1758 859 2034 892 Commentarium
2057 863 2141 902 lege:
2166 863 2320 904 pluraque
2343 864 2419 896 loca

1344 899 1496 939 offendes,
1521 911 1603 942 quae
1626 903 1817 934 methodum
1840 904 1932 942 hanc,
1956 905 1988 935 in
2010 906 2082 936 loco
2107 907 2145 937 de
2164 918 2230 948 quo
2245 908 2368 948 agimus
2384 915 2415 939 et

1343 944 1377 974 in
1401 944 1492 975 editis
1523 946 1581 976 sub
1605 946 1737 977 nomine
1761 947 1896 978 Gorrani
1920 950 2054 989 postillis
2078 951 2110 980 in
2134 951 2292 992 Epistolas
2316 953 2414 983 sancti

1342 988 1434 1019 Pauli
1454 996 1619 1028 servatam,
1644 991 1767 1034 passim·
1786 992 1950 1023 exhibent:
1976 1001 2011 1024 ut
2033 994 2097 1024 iam
2120 995 2206 1025 idem
2229 996 2415 1027 huiusmodi

1344 1033 1494 1063 omnium
1509 1035 1819 1066 commentationum
1833 1037 1975 1068 videatur
1988 1045 2107 1069 auctor.
2132 1042 2175 1070 At
2188 1039 2252 1070 iam
2271 1041 2415 1081 superius

1343 1076 1490 1108 laudatos
1510 1078 1626 1109 iterum
1650 1080 1775 1110 codices
1798 1091 1874 1111 mss.
1900 1091 2063 1120 memoro,
2088 1093 2228 1123 quorum
2247 1085 2299 1114 alii
2315 1085 2415 1116 Com-

1343 1122 1538 1152 mentarium
1561 1123 1594 1153 in
1611 1123 1770 1163 Epistolas
1793 1125 1884 1155 Pauli
1908 1126 1966 1156 sub
1987 1127 2118 1157 nomine
2133 1128 2214 1158 Petri
2239 1129 2276 1159 de
2297 1129 2415 1159 Taren-

1343 1165 1421 1196 tasia
1438 1174 1596 1206 praestant
1618 1167 1823 1208 incipientem
1847 1170 1884 1200 ab
1901 1170 1962 1200 illis
1978 1171 2095 1201 verbis:
2115 1172 2200 1202 Dedi
2215 1178 2245 1202 te
2266 1174 2298 1203 in
2314 1173 2415 1204 lucem

1342 1211 1509 1251 gentium:
1531 1211 1676 1253 aliosque
1700 1214 1738 1243 ab
1763 1213 1909 1244 Echardo
1933 1215 2060 1253 relatos,
2084 1215 2116 1245 in
2132 1216 2247 1256 quibus
2261 1217 2356 1257 longe
2371 1217 2416 1247 di-

1342 1264 1432 1285 versa
1454 1255 1579 1286 Nicolai
1599 1256 1734 1287 Gorrani
1758 1257 1886 1298 postilla
1906 1258 2029 1298 legitur,
2051 1259 2221 1300 incipiens:
2252 1261 2320 1291 Vidi
2338 1262 2417 1292 alte-

1342 1308 1415 1329 rum
1439 1300 1602 1341 Angelum
1627 1301 1786 1332 volantem
1803 1312 1868 1343 per
1890 1303 2028 1333 medium
2053 1305 2143 1335 caeli.
2168 1305 2241 1342 Qua
2255 1311 2361 1336 tamen
2377 1306 2415 1336 de

1343 1353 1376 1374 re
1399 1344 1629 1384 sapientiorum
1660 1353 1728 1376 esto
1759 1346 1933 1378 iudicium:
1959 1348 2096 1389 satisque
2119 1348 2198 1378 mihi
2222 1349 2315 1380 fuerit
2345 1354 2417 1380 can-

1344 1387 1417 1418 dide
1445 1388 1597 1420 lectorem
1626 1390 1850 1430 admonuisse,
1875 1391 1972 1422 veluti
2002 1399 2084 1423 certa
2109 1393 2276 1434 Aquinatis
2299 1393 2418 1434 Opera,

1345 1439 1507 1474 certasque
1531 1433 1677 1474 Operum
1701 1435 1768 1466 eius
1787 1436 1956 1476 particulas
1979 1446 1998 1466 a
2012 1437 2104 1467 nobis
2123 1447 2190 1467 non
2213 1438 2376 1477 venditari,
2392 1438 2418 1468 si

1345 1486 1427 1517 quae
1451 1477 1533 1517 sint,
1557 1489 1639 1520 quae
1664 1479 1868 1511 solidioribus
1897 1481 2090 1521 argumentis
2114 1481 2147 1512 in
2171 1482 2306 1513 dubium
2328 1492 2417 1512 revo-

1346 1528 1465 1552 centur.

1724 1615 1935 1652 CAPUT
1984 1617 2037 1653 ΙΙ.

1347 1709 1448 1734 Erasmi
1463 1710 1642 1735 testimonium
1658 1711 1690 1736 de
1704 1711 1824 1744 praefatis
1839 1712 2047 1738 Commentariis.
2063 1714 2148 1747 Ipsius
2163 1723 2271 1740 censura
2282 1716 2420 1749 depellitur

1419 1750 1508 1770 contra
1522 1746 1666 1772 doctrinam
1684 1747 1821 1780 Aquinatis
1840 1749 1873 1773 de
1888 1749 1946 1773 lesu
1961 1749 2064 1774 Christo
2079 1751 2269 1783 praedestinato
2283 1751 2349 1776 Filio
2363 1752 2418 1777 Dei.

1347 1837 1370 1868 1.
1393 1830 1606 1912 Hactenus
1628 1848 1704 1869 vero
1729 1839 1767 1870 de
1786 1839 1900 1880 Operis
1920 1847 2056 1871 auctore.
2074 1842 2246 1882 Praecipua
2264 1844 2419 1874 nonnulla

1478 1882 1638 1913 doctrinae
1662 1883 1774 1923 capita,
1799 1894 1881 1925 quae
1904 1885 1997 1916 tradit
2019 1885 2050 1915 in
2076 1885 2181 1926 Opere
2199 1887 2354 1926 Thomas,
2379 1888 2419 1918 ad

1347 1936 1478 1957 examen
1508 1933 1544 1957 ut
1573 1927 1728 1958 advocem
1765 1928 1883 1959 invidia
1914 1929 1999 1969 cogit
2027 1940 2125 1970 quam
2156 1931 2292 1961 conflare
2316 1932 2420 1962 moliti

1348 1978 1422 2002 sunt
1454 1971 1640 2002 criticissimi
1664 1972 1738 2011 viri,
1763 1979 1799 2003 ut
1821 1973 1968 2004 videntur
1997 1974 2148 2005 Erasmus
2186 1982 2216 2005 et
2244 1975 2419 2006 Richardus

1348 2015 1521 2046 Simonius.
1557 2016 1719 2047 Laudibus
1750 2017 1945 2058 Aquinatem
1975 2018 2106 2059 eiusque
2136 2020 2420 2050 commentationes

1348 2067 1440 2091 ornat
1463 2060 1625 2099 Erasmus,
1650 2071 1732 2102 quae
1757 2062 1897 2102 egregiae
1920 2062 1954 2092 in
1977 2072 2016 2093 eo
2032 2070 2116 2101 sunt,
2132 2063 2187 2104 qui
2206 2074 2298 2104 parce
2312 2064 2421 2095 lauda-

1348 2105 1420 2135 bat:
1446 2104 1606 2146 simulque
1629 2112 1735 2136 tamen
1766 2116 1931 2137 censuram
1955 2107 2082 2137 adhibet
2104 2107 2137 2137 in
2161 2108 2422 2139 annotationibus

1349 2149 1390 2179 ad
1405 2156 1500 2189 caput
1516 2160 1527 2180 1
1546 2150 1707 2190 Epistolae
1723 2151 1762 2181 ad
1776 2151 1951 2181 Romanos.
1968 2152 2071 2182 Verba
2085 2152 2138 2182 illa
2152 2157 2180 2182 v.
2197 2162 2229 2191 4,
2248 2153 2313 2189 Qui
2320 2163 2419 2193 prae-

1348 2193 1527 2224 destinatus
1551 2200 1597 2225 est
1620 2194 1724 2225 Filius
1741 2195 1805 2225 Dei
1829 2197 1860 2225 in
1886 2196 2004 2226 virtute
2022 2202 2079 2226 etc.
2101 2206 2272 2236 exponens,
2292 2196 2336 2227 sic
2360 2197 2418 2227 ait:

1352 2251 1366 2265 ι
1389 2237 1484 2268 Dictu
1513 2239 1631 2269 mirum
1659 2246 1706 2269 est
1728 2249 1827 2280 quam
1852 2249 1885 2270 se
1916 2246 2062 2280 torqueat
2092 2239 2154 2270 hoc
2177 2240 2250 2271 loco
2277 2241 2420 2271 Thomas

1352 2295 1366 2310 »
1389 2282 1553 2323 Aquinas,
1577 2283 1624 2313 vir
1647 2283 1766 2324 alioqui
1796 2294 1863 2314 non
1887 2294 1946 2314 suo
1975 2291 2100 2314 tantum
2123 2285 2249 2315 saeculo
2274 2295 2419 2325 magnus.

1352 2339 1367 2354 ν
1389 2327 1473 2357 Nam
1496 2337 1570 2358 meo
1589 2327 1721 2368 quidem
1740 2327 1848 2358 animo
1869 2328 1976 2358 nullus
1996 2335 2042 2358 est
2060 2328 2234 2359 recentium
2253 2329 2419 2369 theologo·
2435 2356 2444 2366 ,

1352 2383 1366 2398 ιν
1389 2381 1472 2409 rum,
1498 2371 1548 2402 cui
1572 2381 1628 2411 par
1651 2371 1691 2402 sit
1712 2371 1882 2411 diligentia,
1903 2372 1953 2403 cui
1978 2372 2084 2403 sanius
2103 2373 2278 2413 ingenium,
2299 2374 2349 2404 cui
2369 2384 2419 2404 so-

1352 2427 1367 2442 »
1390 2415 1484 2446 lidior
1502 2415 1656 2446 eruditio:
1673 2416 1831 2457 planeque
1846 2416 1960 2456 dignus
1980 2424 2055 2455 erat,
2076 2417 2126 2447 cui
2145 2417 2327 2457 linguarum
2341 2428 2420 2459 quo-

1353 2472 1366 2486 >›
1390 2469 1453 2500 que
1485 2459 1612 2500 peritia,
1646 2460 1831 2501 reliquaque
1860 2461 2019 2491 bonarum
2051 2461 2225 2492 litterarum
2258 2463 2421 2502 suppellex

1353 2517 1366 2531 »
1390 2504 1595 2544 contingeret,
1620 2504 1676 2545 qui
1699 2504 1737 2534 iis
1759 2515 1840 2545 quae
1856 2515 1912 2545 per
1931 2515 2002 2535 eam
2020 2512 2249 2549 tempestatemx
2257 2506 2421 2544 dabantur,

1353 2561 1367 2576 1>
1389 2555 1456 2579 tam
1480 2548 1584 2579 dextre
1608 2548 1647 2579 sit
1670 2559 1757 2579 usus.
1772 2562 1787 2576 :v
1814 2549 1928 2580 Verius
1948 2549 2074 2580 dixisset
2098 2560 2134 2580 ea
2158 2551 2252 2580 verba
2273 2551 2422 2591 Apostoli

1305 2597 1310 2603 ‘
1350 2593 1539 2632 exponendo
1571 2603 1638 2623 non
1662 2602 1695 2623 se
1714 2600 1861 2634 torquere
1883 2593 2057 2632 Thomam,
2078 2601 2114 2625 ut
2132 2594 2276 2635 apposite
2298 2595 2423 2635 reponit

1350 2637 1528 2676 Echardus,
1553 2637 1608 2668 sed
1630 2637 1746 2668 modos
1761 2648 1886 2676 omnes,
1902 2638 2018 2679 quibus
2032 2638 2091 2668 hae
2109 2649 2203 2669 voces
2218 2639 2348 2679 intelligi
2363 2649 2422 2679 po-

1349 2688 1450 2712 terant
1464 2689 1494 2712 et
1516 2692 1534 2712 a
1548 2681 1640 2712 variis
1660 2683 1908 2722 exponebantur,
1928 2682 2046 2721 afferre,
2062 2690 2098 2713 ut
2116 2683 2295 2721 certiorem,
2312 2684 2422 2713 saltem

1350 2726 1448 2757 sancti
1472 2726 1644 2766 Augustini
1668 2726 1839 2757 sententiae
1863 2727 2113 2757 conformiorem
2136 2728 2264 2758 tandem
2279 2728 2419 2767 eligeret:

1350 2770 1440 2811 quod
1463 2770 1496 2800 in
1520 2781 1552 2801 re
1577 2770 1800 2801 obscurissima
1824 2771 1937 2802 eruditi
1962 2778 1991 2802 et
2014 2771 2149 2802 accurati
2173 2778 2219 2802 est
2233 2771 2419 2811 interpretis.

1419 2815 1456 2845 11.
1482 2815 1592 2855 ipsum
1615 2815 1809 2856 quaestionis
1826 2822 2029 2846 momentum
2052 2815 2143 2846 liceat
2162 2815 2420 2855 paullo‘diligen-

1351 2859 1413 2890 tius
1438 2860 1623 2900 expendere,
1648 2866 1684 2890 ut
1706 2859 1900 2900 Aquinatem
1923 2870 1989 2890 non
2014 2870 2046 2889 se
2065 2860 2202 2898 torsisse,
2218 2860 2315 2890 veluti
2338 2860 2421 2890 anci-

1351 2903 1451 2944 pitem
1474 2904 1528 2934 ubi
1551 2903 1660 2943 figeret
1682 2904 1809 2944 pedem,
1831 2904 1887 2934 sed
1909 2904 2084 2944 interpretis
2108 2914 2143 2934 ac
2163 2904 2304 2944 theologi
2319 2910 2421 2943 partes

1351 2958 1465 2978 omnes
1489 2949 1640 2988 explesse,
1664 2948 1836 2989 ipsumque
1859 2949 2029 2979 Erasmum
2052 2958 2156 2988 neque
2185 2948 2289 2978 critica
2317 2958 2421 2988 neque

1350 2992 1530 3032 theologica
1554 2992 1664 3032 peritia
1688 2993 1761 3023 satis
1785 2993 1960 3032 pollentem
1983 3003 2015 3022 se
2039 2992 2231 3030 ostendisse,
2256 2992 2421 3032 perspicue

1351 3043 1483 3067 constet.
1517 3036 1606 3073 Quid
1628 3036 1696 3076 ipse
1720 3037 1849 3067 senserit
1873 3047 1998 3074 censor,
2021 3036 2124 3066 verbis
2148 3036 2215 3066 eius
2238 3046 2421 3076 expressum

1350 3080 1471 3121 accipe:
1499 3094 1514 3108 α
1530 3081 1595 3118 Qui
1618 3081 1881 3121 praedestinatus
1905 3086 1959 3111 est.
1992 3081 2109 3120 Magno
2141 3090 2296 3111 consensu
2320 3081 2421 3120 graeci

1353 3138 1368 3152 ·»
1391 3125 1515 3156 codices
1538 3125 1656 3155 habent
1680 3123 1880 3167 ὁρισθέντος,
1900 3125 1990 3162 idest,
2004 3126 2060 3165 qui
2067 3125 2188 3165 finitus
2202 3135 2257 3155 seu
2272 3125 2422 3165 definitus

1354 3182 1368 3196 »
1391 3174 1462 3199 erat
1468 3177 1481 3206 ;
1504 3169 1566 3200 hoc
1585 3176 1642 3207 est,
1664 3169 1750 3200 iuxta
1769 3179 1955 3209 graecorum
1978 3169 2175 3199 scholiorum
2193 3169 2420 3209 interpretatio-

1353 3226 1368 3241 »
1391 3223 1485 3251 nem,
1510 3219 1598 3244 certo
1619 3215 1878 3254 pronunciatus,
1903 3213 2140 3244 demonstratus
2163 3223 2202 3243 ac
2224 3213 2417 3244 declaratus.

1353 3270 1368 3285 x
1390 3260 1496 3298 Atque
1525 3257 1568 3288 ita
1590 3257 1666 3297 legit
1689 3257 1940 3298 Chrysostomus
1964 3264 1994 3287 et
2017 3257 2293 3298 Theophylactus:
2318 3268 2353 3287 ac
2376 3258 2419 3287 le-

1353 3314 1368 3329 »
1390 3302 1532 3341 gendum
1555 3312 1622 3332 esse
1645 3301 1836 3332 nominatim
1856 3301 1951 3332 etiam
1974 3302 2125 3332 admonet
2144 3301 2306 3340 Origenes,
2332 3311 2419 3331 enar-

1353 3358 1368 3373 »
1390 3355 1461 3375 rans
1484 3345 1570 3376 hunc
1592 3346 1736 3376 locum...
1760 3346 1855 3376 Dictu
1879 3346 1998 3376 mirum
2021 3353 2067 3376 est
2093 3355 2190 3385 quam
2220 3355 2252 3374 se
2275 3352 2421 3385 torqueat

1354 3402 1368 3417 ²>
1391 3389 1452 3419 hoc
1476 3389 1549 3419 loco
1573 3389 1717 3419 Thomas
1747 3390 1890 3430 Aquinas
1914 3396 1971 3420 etc.
1991 3402 2006 3417 a>
2033 3389 2177 3419 Dubium
2199 3389 2326 3418 nullum
2354 3389 2419 3428 ple-

1351 3442 1468 3473 rosque
1491 3433 1628 3463 Graecae
1647 3433 1805 3463 Ecclesiae
1819 3434 1924 3463 Patres
1939 3433 1972 3463 in
1988 3443 2026 3463 eo
2041 3433 2189 3473 Apostoli
2199 3433 2281 3463 *loco
2296 3433 2418 3472 legisse,

1352 3473 1557 3517 ὁρισθέντοςῑ
1583 3483 1613 3507 et
1635 3476 1717 3507 hanc
1734 3487 1848 3507 vocem
1867 3477 2012 3516 plurimis
2031 3476 2207 3517 synonimis
2227 3476 2418 3516 explanasse,

1351 3521 1437 3551 idem
1461 3531 1527 3550 esse
1549 3520 1686 3551 dicentes
1712 3531 1747 3550 ac
1768 3526 1940 3557 ostensum,
1958 3521 2222 3558 demonstratum,
2243 3521 2418 3551 iudicatum

1353 3570 1383 3595 et
1405 3566 1546 3595 omnium
1570 3566 1727 3595 sententia
1745 3575 1810 3604 pro
1833 3564 1979 3605 confesso
2002 3565 2164 3595 habitum.-
2185 3565 2348 3605 totiusque
2367 3566 2419 3595 de-

1352 3619 1445 3639 mum
1466 3608 1530 3638 loci
1553 3618 1683 3639 sensum
1705 3618 1783 3647 esse,
1808 3608 1971 3639 Christum
1985 3610 2040 3649 qui
2049 3608 2166 3649 factus
2180 3614 2227 3639 est
2246 3619 2288 3639 ex
2300 3611 2420 3640 semine

1352 3653 1461 3684 David
1482 3653 1657 3683 secundum
1682 3663 1824 3691 carnem,
1849 3653 1958 3684 multis
1977 3653 2169 3693 argumentis
2183 3660 2348 3684 ostensum
2367 3663 2419 3684 co-
