2788 4204
10 3523 14 3527 ⁴
0 3327 11 3486 -γ-ν-ιυιν
0 3289 2 3295 -

38 393 47 401 ·
57 391 154 419 Quidem
165 396 192 411 ex
201 396 224 411 Α.

44 825 53 834 '
65 823 126 845 cod.
142 829 166 844 n.
177 834 187 839 -
198 827 252 844 Aac:

41 850 205 871 namneum.
218 860 228 864 -
239 854 254 869 ι

40 882 66 898 r:
75 876 225 898 extimantes.

40 1243 49 1253 ⁸
64 1241 96 1264 Ut
107 1225 188 1271 ¹uipra-

39 2062 243 2086 'mu-&edan

1159 305 1270 341 CAP.
1302 307 1333 352 1,
1373 305 1523 342 LECT.
1555 306 1603 341 111

280 385 510 422 intellectum
533 382 772 431 dupliciter.-
785 383 871 419 Uno
893 383 1048 431 quidem
1067 384 1088 404 '¹‘
1107 383 1238 429 modo,
1255 383 1349 420 sicut

281 449 462 474 mensura
490 435 539 473 ad
568 443 842 482 mensuratum,
864 443 900 471 et
928 436 980 472 sic
1001 443 1269 484 comparantur
1289 449 1348 473 res

281 490 470 526 naturales
498 489 547 526 ad
575 488 806 525 intellectum
829 488 1097 536 speculativum
1121 489 1346 526 humanum.

282 543 330 579 Et
357 541 444 578 ideo
465 541 674 579 intellectus
703 541 837 578 dicitur
859 553 974 578 verus
1003 541 1215 578 secundum
1244 543 1349 590 quod

283 595 542 632 conformatur
561 594 626 641 rei,
647 594 761 630 falsus
781 601 909 630 autem
929 594 1141 630 seeundum
1171 595 1275 643 quod
1295 595 1347 631 di-

281 647 432 684 scordat
451 661 473 684 a
493 660 544 684 re.
566 648 643 683 Res
663 654 791 683 autem
817 647 995 683 naturalis
1014 659 1093 683 non
1113 647 1246 684 dicitur
1266 660 1348 684 esse

280 712 374 738 vera
400 713 470 749 per
490 699 817 747 comparationem
838 700 886 736 ad
906 699 1136 736 intellectum
1162 708 1347 748 nostrum,

281 752 377 790 sicut
398 759 611 802 posuerunt
639 752 796 801 quidam
825 752 967 801 antiqui
991 754 1199 800 naturales,
1226 753 1348 790 existi-

281 807 597 843 mantes*rerum
617 805 815 842 veritatem
836 818 919 842 esse
934 807 1059 842 solum
1079 805 1117 842 in
1136 807 1222 853 hoc,
1244 806 1349 855 quod

282 865 337 895 est
364 859 500 896 videri:
529 858 742 895 secundum
770 859 845 894 hoc
871 858 973 895 enim
999 866 1220 907 sequeretur
1244 859 1349 908 quod

282 911 571 963 contradictoria
591 919 716 948 essent
735 910 847 948 simul
866 924 970 958 vera,
991 911 1080 960 quia
1099 912 1348 949 contradicto-

281 963 335 1000 ria
356 964 495 1002 cadunt
523 965 593 1001 sub
624 964 864 1001 diversorum
887 964 1141 1012 opinionibus.
1162 964 1350 1001 Dicuntur

281 1023 410 1054 tamen
439 1030 498 1054 res
533 1017 680 1065 aliquae
699 1029 815 1054 verae
834 1018 896 1053 vel
917 1017 1031 1053 falsae
1056 1029 1125 1065 per
1152 1029 1348 1065 compara-

280 1069 425 1106 tionem
454 1070 503 1107 ad
530 1070 762 1107 intellectum
790 1077 975 1117 nostrum,
1002 1082 1081 1106 non
1108 1070 1350 1106 essentialiter

280 1122 343 1159 vel
359 1122 593 1171 formaliter,
623 1122 691 1159 sed
725 1122 902 1171 effective,
932 1123 970 1159 in
996 1129 1181 1170 quantum
1210 1122 1350 1159 scilicet

280 1181 391 1211 natae
419 1182 507 1211 sunt
534 1174 657 1211 facere
687 1174 734 1211 de
760 1187 801 1211 se
825 1187 959 1219 veram
983 1176 1046 1211 vel
1066 1175 1198 1211 falsam
1228 1174 1348 1211 existi-

279 1226 489 1264 mationem
499 1228 530 1274 *;
543 1234 579 1263 et
594 1227 806 1264 secundum
821 1228 896 1264 hoc
911 1227 1045 1264 dicitur
1059 1239 1195 1263 aurum
1211 1239 1348 1264 verum

280 1279 343 1316 vel
371 1280 553 1317 falsum.-
569 1280 655 1316 Alio
685 1288 813 1317 autem
842 1280 974 1326 modo,
995 1292 1055 1316 res
1079 1287 1350 1329 comparantur

281 1331 330 1369 ad
357 1332 601 1379 intellectum,
623 1333 718 1370 sicut
745 1340 1007 1370 mensuratum
1037 1332 1085 1369 ad
1113 1345 1347 1381 mensuram,

218 1415 230 1417 Α
267 1392 326 1431 ut
347 1382 458 1434 patet*
469 1386 508 1423 in
526 1385 717 1423 intellectu
738 1386 908 1434 practico
930 1383 954 1431 ⁰,
979 1385 1044 1434 qui
1070 1393 1125 1422 est
1149 1399 1263 1423 causa
1291 1399 1347 1423 re-

280 1451 379 1476 rum.
413 1438 525 1476 Unde
554 1451 652 1487 opus
681 1438 832 1476 artificis
861 1438 995 1475 dicitur
1023 1451 1106 1475 esse
1134 1452 1287 1487 verum,
1310 1440 1348 1477 in

281 1499 467 1541 quantum
495 1491 638 1539 attingit
656 1492 705 1529 ad
734 1492 920 1529 rationem
944 1491 1050 1538 artis;
1075 1493 1211 1530 falsum
1240 1505 1346 1540 vero,

281 1544 320 1582 in
349 1552 534 1594 quantum
563 1545 690 1583 deficit
717 1558 740 1582 a
768 1545 913 1582 ratione
941 1545 1040 1582 artis.

362 1599 398 1635 8.
419 1599 469 1635 Et
487 1598 576 1648 quia
596 1598 726 1635 omnia
755 1598 868 1635 etiam
888 1597 1071 1634 naturalia
1089 1604 1097 1618 ²
1123 1610 1347 1647 comparan-

242 1675 255 1680 -
280 1657 341 1688 tur
368 1650 418 1688 ad
445 1651 677 1688 intellectum
698 1651 891 1699 divinum,
919 1650 1014 1687 sicut
1039 1650 1232 1688 artificiata
1251 1652 1271 1672 *
1299 1651 1348 1688 ad

281 1710 422 1751 artem,
456 1717 695 1754 consequens
724 1712 779 1741 θεῖ
811 1712 854 1741 ut
887 1703 1078 1753 quaelibet
1110 1716 1170 1740 res
1203 1704 1348 1740 dicatur

282 1768 364 1793 esse
381 1758 400 1776 ³⁵
420 1769 513 1795 vera
532 1757 746 1795 secundum
775 1757 880 1806 quod
907 1757 1023 1794 habet
1045 1756 1241 1805 propriam
1270 1757 1344 1794 for-

281 1821 400 1858 mam,
427 1810 641 1848 secundum
670 1823 786 1859 quarn
814 1810 980 1847 imitatur
1014 1817 1134 1846 artem
1164 1809 1344 1847 divinam.

281 1863 385 1899 Nam
414 1863 551 1900 falsum
580 1875 716 1900 aurum
746 1870 802 1900 est
833 1875 970 1900 verum
999 1862 1267 1899 aurichalcum.
1298 1864 1348 1900 Et

279 1915 355 1952 hoc
373 1916 493 1953 modo
513 1929 578 1954 ens
597 1924 634 1953 et
651 1928 785 1953 verum
815 1923 1098 1962 convertuntur,
1119 1915 1208 1963 quia
1231 1928 1346 1964 quae-

278 1967 370 2005 libet
397 1981 456 2006 res
475 1969 654 2006 naturalis
681 1981 751 2018 per
769 1981 879 2006 suam
908 1969 1072 2006 formam
1097 1968 1165 2004 arti
1194 1969 1344 2006 divinae

280 2021 571 2060 conformatur&
588 2022 699 2060 Unde
712 2023 731 2041 ⁴*
748 2021 1004 2070 Philosophus
1015 2021 1053 2058 in
1069 2023 1083 2058 1
1098 2022 1283 2069 Physicae
1292 2023 1342 2070 ”⁷

39 2089 192 2112 mmmm.
267 2075 445 2123 formam
473 2075 647 2113 nominat
674 2075 871 2124 quoddam
901 2075 1085 2112 divinum.

39 2121 251 2166 οο-ιιιιωιῖῗίἤ.
299 2151 309 2156 -

360 2141 396 2176 9.
417 2129 467 2165 Et
494 2129 590 2166 sicut
617 2141 676 2166 res
706 2127 840 2165 dicitur
870 2141 963 2165 vera
990 2141 1060 2177 per
1092 2129 1343 2177 comparatio-

278 2193 369 2218 nem
407 2181 456 2219 ad
490 2193 599 2219 suam
633 2193 876 2228 mensuram,
906 2181 955 2218 ita
994 2181 1108 2218 etiam
1142 2190 1178 2220 et
1211 2195 1344 2220 sensus

277 2234 342 2272 vel
369 2234 590 2282 intellectus,
621 2235 727 2272 cuius
755 2247 936 2272 mensura
963 2242 1020 2272 est
1046 2247 1106 2271 res
1135 2244 1238 2273 extra
1266 2236 1343 2272 ani-

279 2299 397 2325 mam.
431 2287 543 2326 Unde
578 2300 711 2325 sensus
743 2287 878 2325 dicitur
913 2300 1048 2335 veruS,
1089 2290 1243 2338 quando
1274 2301 1344 2337 per

276 2341 445 2378 formam
474 2354 584 2379 suam
605 2341 865 2378 conformatur
892 2341 946 2377 rei
966 2349 1069 2378 extra
1083 2342 1251 2379 animam
1268 2342 1342 2378 exi-

280 2393 401 2431 stenti.
422 2395 472 2431 Et
499 2394 552 2432 sic
570 2394 784 2442 intelligitur
811 2394 916 2443 quod
935 2406 1068 2431 sensus
1096 2395 1238 2443 proprii
1258 2407 1341 2432 sen-

281 2515 422 2540 ciat-emus:
438 2515 499 2548 quia
514 2515 590 2540 etiam
605 2516 631 2539 in
646 2515 745 2540 iudiciis
760 2515 887 2548 oppositis
903 2523 952 2544 res,
967 2516 1029 2548 quia
1043 2515 1151 2540 efficitur
1164 2524 1178 2540 a
1193 2516 1278 2547 nobis,
1294 2524 1346 2540 non

281 2550 353 2575 aliter
372 2554 413 2575 est
431 2557 511 2583 quarn
529 2558 544 2575 a
563 2550 638 2575 nobis
657 2550 816 2575 enunciatur.
840 2550 914 2581 Quae
932 2559 992 2575 cum
1015 2551 1066 2575 sint
1085 2551 1210 2582 absurda,
1230 2551 1348 2584 sequitur

281 2586 412 2611 entitatem
431 2589 457 2610 et
473 2585 607 2610 veritatem
622 2585 658 2610 rei
676 2594 728 2611 non
743 2584 807 2610 effici
827 2586 858 2610 ab
877 2586 1008 2611 intellectu
1027 2591 1130 2617 nostro;
1150 2587 1196 2611 sed
1214 2587 1347 2611 veritatem

281 2621 427 2646 intellectus
447 2620 537 2651 nostri,
551 2620 601 2645 hoc
620 2625 660 2645 est
676 2626 822 2646 nostrarum
838 2621 1024 2653 cognitionum,
1040 2621 1139 2646 causari
1153 2622 1185 2646 ab
1205 2622 1308 2647 entitate
1322 2626 1349 2646 et

279 2656 387 2681 veritate
404 2656 455 2681 rei:
475 2656 516 2680 cui
535 2656 557 2680 si
576 2656 669 2680 iudicia
684 2661 773 2682 nostra
788 2656 991 2687 conformantur,
1006 2664 1067 2681 vera
1087 2662 1162 2688 sunt;
1177 2657 1199 2682 si
1218 2665 1271 2682 non
1285 2665 1346 2682 con-

279 2690 425 2716 formantur
443 2690 507 2716 falsa
526 2695 595 2715 sunt.

333 2726 372 2751 Ex
390 2726 430 2751 his
450 2730 596 2759 sequuntur
615 2727 667 2751 duo
686 2727 828 2757 corollaria,
848 2735 915 2759 quae
934 2727 990 2759 ipse
1009 2734 1030 2751 s.
1041 2726 1158 2752 Thomas
1177 2728 1266 2752 tradit:
1287 2728 1347 2752 Pri-

281 2769 353 2787 mum
371 2761 542 2787 corollarium
561 2765 601 2787 est
618 2763 690 2794 quod
709 2770 751 2787 res
770 2763 900 2787 naturales
919 2762 1038 2787 dicuntur
1056 2770 1132 2787 verae
1150 2770 1197 2794 per
1215 2770 1347 2795 compara-

281 2797 378 2822 tionem
397 2797 429 2821 ad
448 2796 607 2822 intellectum
626 2803 754 2828 nostrum,
774 2805 827 2822 non
845 2798 951 2830 quidem
971 2797 1146 2822 essentialiter
1165 2796 1244 2831 (quia
1262 2806 1314 2822 non
1333 2806 1348 2822 a

281 2832 358 2857 nobis
376 2831 472 2856 habent
490 2832 616 2857 rationem
635 2832 785 2867 entitatis),
805 2840 891 2866 neque
903 2833 1060 2866 formaliter
1079 2831 1158 2866 (quia
1177 2841 1229 2857 non
1244 2841 1257 2857 a
1273 2833 1348 2858 nobis

281 2866 378 2892 habent
401 2867 531 2892 rationem
550 2868 696 2901 sor-malem
720 2867 864 2901 veritatis),
884 2869 930 2892 sed
948 2868 1104 2896 causaliter,
1126 2868 1187 2900 quia
1209 2876 1298 2893 revera
1317 2876 1347 2893 ex

282 2902 355 2934 ipsis,
373 2906 403 2931 ut
421 2910 436 2926 a
454 2902 539 2927 causis
558 2908 695 2935 generatur
708 2904 735 2928 in
749 2904 825 2928 nobis
843 2903 961 2936 cognitio
975 2910 1045 2932 vera,
1061 2904 1166 2935 quando
1185 2911 1229 2928 eas
1250 2911 1346 2936 cogno-

283 2937 390 2967 scimus,
408 2941 438 2961 ut
455 2937 482 2961 in
501 2938 594 2970 seipsis
610 2943 679 2963 sunt.

335 2971 456 2996 Alterum
469 2973 640 2997 corollarium
654 2978 695 2998 est
707 2974 778 3006 quod
788 2981 830 2998 res
841 2971 877 3006 (et
887 2978 1076 3005 consequenter
1088 2973 1234 2997 intellectus
1249 2978 1346 3004 noster,

283 3011 309 3031 et
323 3006 395 3038 ipsae
408 3006 481 3031 ideae
493 3012 604 3038 nostrae,
620 3015 687 3040 quae
696 3009 773 3033 etiam
788 3016 830 3032 res
843 3008 970 3041 quaedam
983 3007 1059 3041 sunt)
1070 3008 1190 3032 dicuntur
1199 3016 1258 3032 esse
1270 3016 1346 3034 verae

282 3041 424 3066 formaliter
436 3049 483 3074 per
495 3042 612 3067 ordinem
627 3043 791 3068 essentialem
801 3044 832 3067 ad
843 3044 1002 3068 intellectum
1016 3043 1139 3073 divinum,
1154 3051 1207 3067 non
1222 3051 1298 3068 secus
1317 3051 1346 3068 ac

284 3076 391 3101 effectus
405 3076 497 3101 dicitur
511 3077 682 3102 essentialiter
694 3085 740 3110 per
752 3078 870 3102 ordinem
885 3078 916 3102 ad
935 3085 1010 3102 suam
1025 3085 1138 3102 causam.
1159 3078 1214 3103 Ens
1232 3079 1301 3103 enim
1321 3084 1346 3104 et

284 3118 385 3140 verum,
404 3115 433 3135 ut
458 3111 553 3136 dictum
574 3116 627 3142 est,
647 3113 766 3144 quamvis
785 3113 882 3137 ratione
902 3112 1031 3143 differant,
1051 3113 1152 3137 realiter
1174 3118 1261 3138 tamen
1284 3118 1346 3138 sunt

283 3147 361 3171 idern.
381 3146 462 3170 Porro
480 3154 523 3171 res
544 3154 636 3171 omnes
655 3152 752 3172 creatae
766 3155 780 3172 a
793 3148 848 3172 Deo
868 3153 942 3178 sunt,
957 3155 972 3172 a
986 3155 1039 3180 quo
1058 3149 1089 3172 ad
1105 3148 1265 3173 existentiam
1283 3154 1347 3174 sunt

283 3182 431 3214 productae.
451 3181 484 3205 Et
503 3181 564 3214 quia
578 3182 648 3206 Deus
667 3190 714 3214 per
732 3182 890 3208 intellectum
910 3183 978 3214 agit,
998 3190 1105 3208 necesse
1123 3188 1164 3208 est
1181 3188 1211 3208 ut
1228 3184 1346 3216 ipsarum

283 3224 371 3241 rerum
386 3216 461 3241 ideae
479 3216 505 3240 in
524 3221 611 3241 mente
629 3217 714 3241 divina
732 3218 764 3242 ab
780 3222 884 3242 aeterno
898 3218 1032 3248 extiterint,
1047 3218 1078 3242 ad
1093 3226 1204 3250 quarum
1223 3219 1344 3244 similitu-

285 3252 370 3276 dinem
389 3251 454 3275 facta
473 3251 589 3276 dicantur
607 3259 788 3285 quaecumque
810 3258 893 3278 creata
911 3258 986 3283 sunt;
1010 3254 1076 3278 sicut
1094 3253 1120 3278 in
1139 3258 1225 3279 mente
1243 3253 1345 3279 artificis

285 3287 372 3311 ideam
388 3286 557 3318 praeexistere
571 3294 678 3311 necesse
692 3292 739 3318 est,
754 3295 820 3320 quae
839 3293 879 3313 est
892 3289 1022 3320 exemplar
1035 3288 1116 3313 ideale
1130 3290 1161 3313 ad
1181 3289 1254 3314 cuius
1274 3289 1346 3314 simi-

283 3321 418 3347 litudinem
441 3321 530 3346 artifex
553 3321 663 3346 exterius
688 3327 815 3354 operatur.
843 3323 922 3355 Igitur
945 3323 1004 3355 quia
1023 3324 1094 3348 Deus
1118 3323 1232 3348 infinitus
1258 3329 1298 3349 est
1320 3325 1346 3349 in

285 3357 385 3388 agendo
405 3357 472 3380 sicut
490 3362 515 3381 et
533 3356 558 3380 in
573 3357 746 3388 intelligendo,
761 3366 814 3382 non
829 3363 940 3390 possunt
953 3366 995 3382 res
1011 3363 1109 3383 creatae
1123 3367 1176 3383 non
1190 3359 1345 3384 conformari

285 3392 348 3416 ideis
367 3391 430 3421 illis,
445 3392 471 3415 in
485 3399 596 3423 quarum
610 3391 787 3417 conformitate
805 3393 898 3418 veritas
913 3401 1002 3418 earum
1022 3394 1152 3423 consistit;
1172 3394 1239 3418 sicut
1251 3394 1345 3418 veritas

284 3431 388 3452 nostrae
407 3426 559 3458 cognitionis
579 3427 696 3451 consistit
714 3427 740 3451 in
759 3427 935 3452 conformitate
954 3435 1014 3452 cum
1032 3436 1060 3452 re
1079 3429 1194 3460 cognita⁷
1214 3436 1260 3453 seu
1285 3437 1346 3453 con-

285 3462 352 3487 sistit
370 3462 396 3486 in
415 3469 446 3485 eo
466 3462 536 3494 quod
555 3469 570 3486 a
588 3462 663 3486 nobis
682 3469 723 3486 res
743 3462 840 3486 dicatur
859 3470 917 3487 esse
942 3462 1008 3487 sicut
1026 3463 1052 3487 in
1075 3463 1160 3495 seipsa
1185 3468 1232 3488 est.
1246 3477 1266 3482 -
1280 3464 1347 3488 Hinc

284 3504 326 3522 res
346 3497 474 3521 naturales
490 3502 551 3521 sunt
564 3496 638 3529 quasi
654 3497 755 3521 mediae
769 3497 834 3521 inter
847 3498 1003 3522 intellectum
1017 3503 1134 3522 nostrum
1150 3503 1175 3522 et
1188 3498 1346 3523 intellectum

286 3532 401 3556 divinum
408 3541 415 3563 ;
435 3532 466 3556 ad
485 3532 642 3556 intellectum
668 3537 786 3556 nostrum
811 3537 991 3564 comparantur
1014 3537 1043 3557 ut
1065 3540 1160 3558 causae
1178 3538 1204 3557 et
1222 3541 1346 3558 mensura

285 3571 389 3591 nostrae
406 3567 534 3597 veritatis;
553 3567 584 3591 ad
603 3567 761 3591 intellectum
779 3575 842 3591 vero
857 3568 972 3592 divinum
991 3572 1019 3592 ut
1037 3571 1190 3592 mensurata
1202 3573 1228 3592 et
1241 3568 1347 3602 effectus

286 3602 317 3626 ad
332 3609 482 3626 mensuram
498 3607 522 3626 et
537 3610 641 3626 causam
653 3600 706 3634 (Cf.
722 3602 824 3627 Summ.
845 3602 921 3627 theol.
935 3611 961 3635 p.
971 3603 994 3633 1,
1010 3610 1054 3635 qu.
1069 3610 1118 3633 xvx,
1134 3603 1235 3633 artic.1;
1255 3608 1280 3627 et
1293 3603 1345 3636 Qq.

287 3636 352 3669 disp.
368 3637 410 3662 De
428 3637 547 3666 veritate,
568 3645 593 3669 q.
604 3645 620 3666 1,
636 3637 704 3661 artic.
718 3635 761 3670 11).

428 3689 497 3722 Opp.
517 3689 547 3714 D.
562 3689 676 3713 Tuom
694 3688 726 3713 T.
741 3688 759 3712 1.

2425 323 2468 358 17

1405 383 1520 420 sibilis
1549 383 1595 420 sit
1628 395 1754 420 veruS.
1783 384 1832 420 Et
1859 384 1934 420 hoc
1963 383 2076 420 etiam
2111 384 2229 421 modo
2264 386 2472 425 intellectus

1405 436 1698 485 apprehendens
1713 437 1815 485 quod
1826 437 1917 484 quid
1933 443 1988 473 est
2002 437 2021 458 ’¹‘
2035 438 2178 486 absque
2195 439 2470 486 compositione

1405 497 1441 525 et
1461 489 1659 536 divisione,
1680 502 1834 538 semper
1852 498 1907 527 est
1925 502 2051 537 verus,
2066 498 2108 527 ut
2133 491 2267 527 dicitur
2286 492 2322 528 in
2344 494 2392 528 III
2411 495 2472 529 De

1404 543 1533 578 anima
1558 542 1587 578 *.
1616 543 1685 578 Εεῖ
1711 550 1839 579 autern
1866 543 2186 580 considerandum
2211 544 2316 592 quod
2335 557 2467 593 quam-

1404 595 1462 631 vis
1491 607 1624 632 sensus
1651 595 1794 644 proprii
1824 596 1960 632 obiecti
1989 596 2035 633 sit
2061 609 2197 643 verus,
2231 605 2470 641 nontamen

1406 648 1599 699 cognoscit
1626 648 1702 684 hoc
1721 660 1803 685 esse
1822 649 1841 670 *
1859 661 2007 686 verum.
2030 650 2121 686 Non
2141 649 2243 687 enim
2263 658 2388 698 potest
2408 664 2470 688 co-

1405 712 1586 747 gnoscere
1606 701 1869 738 habitudinem
1887 702 2158 739 conformitatis
2173 715 2264 740 suae
2277 704 2297 724 *
2311 704 2359 740 ad
2374 717 2469 752 rem,

1406 753 1473 790 sed
1493 754 1614 790 solam
1635 766 1717 790 rem
1737 755 2004 803 apprehendit3
2024 755 2233 792 intellectus
2253 764 2380 793 autem
2399 770 2468 806 po-

1404 813 1476 842 test
1495 806 1716 843 huiusmodi
1744 807 2006 844 habitudinem
2031 809 2301 846 conformitatis
2330 822 2469 857 cogno-

2499 443 2608 473 “Nempe
2632 451 2711 466 essen—

2499 473 2553 491 tiam
2564 471 2616 491 rei.-
2625 471 2660 493 Cf.
2670 478 2708 493 su-

2499 502 2539 522 pra
2550 502 2573 518 n.
2583 502 2602 523 3.

2498 558 2506 566 ·
2518 557 2661 584 Cap.1n,nn.1
2677 564 2710 580 2.-

2498 583 2628 605 comment.
2638 575 2708 606 sfrh.

2498 609 2549 631 lect.
2561 616 2591 631 v1.

2499 658 2506 665 ·
2516 663 2559 678 ΑΒΕ
2599 658 2709 680 omittunt

2498 689 2557 704 esse.

2498 712 2559 731 '1³oe
2575 711 2621 732 sui.

1405 871 1531 904 scere,
1553 866 1589 895 et
1616 859 1703 895 ideo
1729 860 1831 896 solus
1860 860 2067 897 intellectus
2093 869 2219 909 potest
2239 874 2468 910 cognoscere
2494 873 2499 881 “

1405 911 1615 948 veritatem.
1641 912 1752 948 Unde
1782 920 1819 948 et
1846 913 2100 960 Philosophus
2129 914 2216 950 dicit
2243 914 2280 951 in
2309 916 2358 951 VI
2384 917 2470 952 Me-

1405 964 1621 1012 taphysicae
1634 964 1654 985 '¹'
1669 964 1774 1012 quod
1787 964 1926 1001 veritas
1947 973 2002 1002 est
2021 967 2145 1002 solum
2160 966 2198 1003 in
2218 975 2357 1015 mente,
2375 968 2470 1006 sicut

1405 1016 1544 1052 scilicet
1562 1016 1599 1053 in
1620 1024 1872 1064 cognoscente
1897 1018 2106 1055 veritatem.
2135 1019 2375 1066 Cognoscere
2404 1034 2469 1058 au-

1404 1076 1482 1104 tem
1509 1070 1743 1116 praedictam
1774 1070 2044 1107 conformitatis
2072 1071 2332 1109 habitudinem
2351 1073 2469 1111 ²nihi1

1406 1128 1461 1157 est
1476 1121 1578 1158 aliud
1593 1134 1709 1170 quam
1724 1121 1890 1159 iudicare
1910 1122 1960 1159 ita
1980 1136 2062 1160 esse
2081 1124 2119 1160 in
2139 1136 2179 1160 re
2193 1126 2255 1161 vel
2270 1138 2348 1163 non
2363 1140 2467 1165 esse:

1406 1173 1510 1221 quod
1531 1181 1586 1210 est
1606 1187 1839 1223 componere
1855 1182 1892 1211 et
1907 1175 2092 1221 dividere;
2110 1184 2146 1212 et
2160 1177 2246 1213 ideo
2262 1177 2469 1217 intellectus

1405 1238 1483 1263 non
1504 1227 1697 1274 cognoscit
1715 1227 1932 1275 veritatem,
1952 1229 2023 1266 nisi
2043 1230 2312 1277 componendo
2331 1234 2394 1269 vel
2415 1233 2468 1270 di-

1404 1278 1573 1315 videndo
1598 1292 1668 1328 per
1696 1293 1809 1317 suurn
1837 1280 2031 1318 iudicium.
2063 1282 2180 1328 Quod
2200 1284 2354 1332 quidem
2374 1286 2469 1323 iudi-

1405 1331 1519 1378 cium,
1540 1332 1570 1368 si
1600 1341 1784 1370 consonet
1811 1334 1946 1380 rebus,
1977 1334 2045 1371 erit
2072 1347 2230 1383 verum,
2259 1345 2351 1385 puta
2379 1351 2468 1375 cum

1403 1385 1612 1422 intellectus
1643 1386 1783 1423 iudicat
1814 1399 1897 1423 rem
1932 1399 2014 1424 esse
2048 1388 2153 1436 quod
2190 1396 2262 1436 est,
2297 1392 2359 1426 vel
2391 1403 2470 1429 non

1405 1450 1486 1476 esse
1516 1438 1621 1487 quod
1641 1452 1718 1476 non
1748 1447 1814 1476 est.
1835 1440 1990 1477 Falsum
2015 1448 2143 1478 autern
2168 1442 2320 1489 quando
2351 1443 2469 1481 disso-

1403 1498 1468 1528 nat
1496 1503 1518 1527 a
1545 1503 1604 1539 re,
1630 1500 1722 1540 puta
1751 1505 1839 1529 cum
1867 1493 2007 1530 iudicat
2040 1506 2119 1530 non
2153 1506 2234 1531 esse
2270 1496 2374 1544 quod
2403 1505 2469 1546 est,

1403 1545 1465 1581 vel
1495 1556 1578 1580 esse
1604 1545 1709 1593 quod
1728 1558 1807 1582 non
1836 1553 1901 1583 est.
1937 1547 2048 1584 Unde
2070 1554 2174 1595 patet
2199 1549 2304 1597 quod
2331 1550 2470 1588 veritas

1404 1605 1440 1634 et
1475 1597 1612 1634 falsitas
1646 1598 1741 1635 sicut
1773 1598 1811 1635 in
1847 1607 2099 1646 cognoscente
2134 1608 2171 1636 et
2203 1601 2351 1638 dicente
2388 1616 2468 1641 non

1404 1658 1460 1687 est
1486 1650 1557 1686 nisi
1587 1650 1684 1688 circa
1717 1652 2037 1700 compositionem
2063 1660 2100 1689 et
2134 1653 2374 1692 divisionem.
2420 1658 2470 1694 Et

1402 1704 1477 1740 hoc
1506 1703 1625 1740 modo
1655 1704 1911 1752 Philosophus
1939 1706 2105 1755 loquitur
2123 1706 2195 1743 hic.
2217 1707 2267 1744 Et
2294 1708 2382 1756 quia
2400 1722 2469 1746 vo-

1403 1769 1466 1793 ces
1494 1764 1581 1794 sunt
1608 1756 1714 1804 signa
1741 1757 2019 1806 intellectuum,
2047 1759 2115 1795 erit
2141 1772 2219 1796 vox
2246 1773 2339 1798 vera
2370 1774 2468 1810 quae

1403 1809 1587 1856 significat
1623 1822 1761 1846 verum
1795 1810 2043 1859 intellectum,
2076 1812 2168 1848 falsa
2208 1821 2335 1850 autem
2371 1827 2469 1863 quae

1403 1861 1587 1909 significat
1601 1863 1736 1900 falsum
1747 1863 1994 1901 intellectum:
2011 1865 2186 1913 quamvis
2201 1879 2290 1914 vox,
2301 1867 2339 1903 in
2351 1880 2468 1916 quan—

1401 1923 1483 1952 tum
1512 1923 1568 1952 est
1596 1928 1655 1952 res
1675 1917 1877 1964 quaedam,
1899 1917 2044 1954 dicatur
2067 1930 2159 1955 vera
2188 1919 2283 1956 sicut
2310 1928 2347 1956 et
2374 1921 2468 1958 aliae

1401 1981 1473 2006 res.
1500 1969 1612 2006 Unde
1639 1969 1735 2006 haec
1762 1982 1850 2016 vox,
1871 1971 1983 2007 homo
2011 1977 2066 2008 est
2090 1972 2228 2018 asinus,
2259 1975 2314 2009 est
2340 1986 2432 2011 vere
2450 1975 2469 1996 *

1400 2034 1478 2059 vox
1506 2029 1543 2058 et
1569 2034 1661 2059 vere
1690 2022 1857 2070 signum;
1884 2023 1952 2060 sed
1987 2024 2075 2072 quia
2103 2031 2158 2061 est
2186 2025 2334 2073 signum
2364 2027 2466 2075 falsi,

1400 2075 1487 2112 ideo
1517 2075 1651 2112 dicitur
1679 2075 1782 2113 falsa.

1459 2141 1516 2165 10.
1553 2128 1759 2165 Sciendum
1789 2136 1845 2166 est
1878 2136 2006 2166 autem
2031 2131 2052 2151 *
2079 2130 2184 2179 quod
2212 2132 2466 2181 Philosophus

1401 2181 1447 2218 de
1472 2181 1630 2218 veritate
1658 2181 1719 2218 hic
1746 2182 1912 2230 loquitur
1936 2183 2147 2220 secundum
2174 2185 2279 2232 quod
2305 2186 2467 2234 pertinet

1399 2234 1448 2271 ad
1478 2234 1708 2271 intellectum
1737 2235 1968 2282 humanum,
1990 2235 2053 2284 qui
2077 2235 2217 2273 iudicat
2241 2237 2287 2274 de
2317 2239 2464 2276 confor-

1399 2288 1527 2325 mitate
1556 2300 1684 2325 rerum
1713 2295 1749 2324 et
1776 2287 1983 2324 intellectus
2012 2290 2281 2337 componendo
2308 2298 2344 2327 et
2372 2291 2465 2328 divi-

1399 2341 1526 2378 dendo
1546 2347 1575 2377 μ.
1598 2340 1675 2377 Sed
1694 2339 1875 2377 iudicium
1895 2340 2102 2378 intellectus
2123 2342 2239 2379 divini
2255 2343 2302 2380 de
2322 2345 2396 2380 hoc
2412 2353 2466 2381 est

1399 2394 1542 2443 absque
1559 2393 1835 2442 compositione
1857 2401 1893 2430 et
1912 2393 2114 2431 divisione:
2135 2395 2223 2443 quia
2243 2395 2338 2432 sicut
2352 2396 2465 2434 etiam

1457 2514 1481 2550 θ)
1508 2516 1538 2540 In
1562 2515 1693 2540 intellectu
1713 2514 1844 2546 practico.
1870 2514 1934 2538 Cod.
1953 2512 1992 2538 A:
2014 2514 2040 2538 in
2066 2514 2198 2539 intellectu
2217 2515 2376 2546 praedicto:
2401 2523 2467 2548 quae

1403 2551 1478 2576 lectio
1497 2558 1557 2575 curn
1576 2550 1608 2574 sit
1627 2549 1761 2574 manifeste
1779 2549 1849 2579 falsa,
1864 2549 1924 2581 quia
1942 2556 2020 2580 supra
2039 2548 2135 2573 dictum
2154 2554 2194 2574 est
2213 2550 2244 2574 de
2263 2550 2392 2575 intellectu
2410 2558 2467 2583 spe-

1403 2586 1527 2614 culativo,
1547 2585 1587 2610 cui
1606 2585 1632 2609 in
1650 2585 1698 2609 hac
1717 2585 1830 2609 secunda
1845 2589 1917 2616 parte
1935 2584 2084 2608 s.Thomas
2103 2585 2212 2616 opponit
2231 2585 2387 2610 intellectum
2400 2593 2467 2617 pra—

1403 2622 1514 2650 cticum,
1536 2621 1593 2645 ideo
1613 2621 1637 2644 in
1657 2620 1772 2652 margine
1791 2619 1866 2644 lectio
1890 2619 2038 2651 corrigitur:
2059 2619 2084 2643 in
2105 2619 2236 2645 intellectu
2256 2620 2354 2645 divino.
2373 2621 2423 2645 Sed
2442 2626 2468 2646 et

1405 2657 1461 2689 ipsa
1480 2656 1603 2681 correctio
1621 2655 1686 2679 falsa
1704 2660 1756 2685 est,
1775 2660 1803 2679 ut
1821 2659 1891 2687 patet
1912 2655 2030 2687 exemplo
2049 2655 2081 2678 de
2100 2654 2207 2685 artifice,
2232 2655 2304 2680 cuius
2323 2656 2466 2680 intellectus

1399 2691 1537 2724 practicus
1556 2695 1596 2715 est
1610 2698 1687 2715 causa
1701 2690 1786 2722 operis
1800 2689 1936 2714 artificiosi.
1951 2690 2025 2714 Adde
2037 2690 2108 2721 quod
2129 2691 2161 2714 de
2174 2690 2303 2715 intellectu
2317 2691 2415 2720 divino,
2427 2691 2466 2715 cui

1404 2735 1497 2752 omnes
1516 2734 1558 2751 res
1577 2730 1677 2750 creatae
1701 2730 1882 2757 comparantur
1902 2725 1967 2749 sicut
1986 2724 2122 2749 artificialia
2140 2726 2171 2750 ad
2190 2731 2283 2757 artem,
2303 2726 2329 2750 in
2348 2726 2466 2758 sequenti

1404 2769 1513 2786 numero
1532 2761 1674 2786 disseritur.

1460 2796 1478 2831 ι)
1499 2797 1535 2821 Et
1553 2796 1615 2829 quia
1639 2796 1729 2820 omnia
1753 2795 1834 2820 etiam
1860 2795 1995 2819 naturalia
2019 2799 2209 2827 comparantur
2228 2801 2274 2820 etc.
2296 2796 2331 2820 Ita
2354 2796 2465 2827 legimus

1405 2840 1465 2857 cum
1480 2832 1554 2856 codd.
1570 2830 1668 2856 BCDE.
1677 2845 1697 2850 —
1707 2829 1740 2855 A:
1754 2834 1780 2855 et
1794 2830 1857 2862 quia
1871 2831 1962 2855 omm'a
1977 2830 2049 2854 entia
2060 2831 2195 2854 naturalia
2209 2836 2282 2855 etc.—
2293 2831 2392 2855 Omnes
2407 2831 2464 2855 edd.

1404 2867 1470 2892 Ven.
1485 2872 1510 2891 et
1528 2867 1556 2891 P.
1571 2866 1680 2890 habent:
1700 2869 1725 2890 et
1744 2866 1806 2898 quia
1822 2865 1912 2890 omnia
1926 2866 2005 2890 etiam
2029 2866 2188 2890 naturaliter
2208 2869 2398 2897 comparantur
2417 2870 2464 2890 etc.

1404 2903 1492 2927 Lectio
1513 2902 1568 2926 cod.
1582 2902 1604 2925 Α
1624 2901 1691 2925 bona
1710 2906 1787 2925 est.——
1799 2901 1890 2925 Videat
1909 2905 1995 2925 autem
2013 2901 2092 2924 lector
2105 2908 2167 2924 num
2182 2901 2255 2924 codd.
2270 2908 2299 2924 ex
2312 2901 2407 2932 quibus
2421 2901 2464 2925 de-

1404 2941 1572 2970 sumpserunt
1590 2936 1724 2961 lectionem
1744 2936 1802 2960 edd.
1822 2936 1911 2960 citatae
1930 2936 2036 2967 legerint
2055 2941 2098 2959 aut
2113 2935 2177 2959 sicut
2191 2935 2291 2960 codices
2306 2936 2393 2966 nostri,
2409 2940 2464 2959 aut:

1403 2976 1430 2997 et
1451 2973 1513 3005 quia
1526 2972 1615 2996 omnia
1635 2971 1707 2996 entia
1726 2971 1887 2995 naturaliter
1905 2974 2094 3002 comparantur
2113 2975 2159 2994 etc.

1457 3007 1482 3041 κ)
1502 3007 1564 3032 Arti
1583 3006 1689 3031 divinae
1702 3007 1893 3039 conformatur.
1908 3007 1980 3030 Hanc
1996 3006 2130 3030 lectionem
2146 3005 2219 3029 codd.
2234 3005 2341 3036 praetuli
2357 3005 2459 3029 lectioni

1403 3043 1511 3067 Pianae:
1536 3042 1592 3067 arti
1615 3042 1721 3067 divinae
1745 3044 1933 3072 comparatur:
1960 3049 2011 3064 non
2031 3041 2099 3064 enim
2123 3040 2263 3064 formaliter
2288 3040 2418 3072 loquendo
2438 3040 2463 3063 in

1402 3078 1618 3110 comparatione,
1645 3078 1691 3101 sed
1715 3077 1740 3101 in
1765 3076 1974 3109 conformatione
1996 3083 2056 3100 cum
2079 3080 2132 3099 arte
2157 3075 2240 3098 divina
2259 3075 2351 3099 veritas
2376 3082 2463 3099 rerum

1403 3113 1559 3138 naturalium
1579 3112 1703 3137 consistit.
1722 3110 1822 3137 Veritas
1842 3111 1924 3141 enim,
1943 3115 1971 3134 ut
1988 3110 2111 3142 superiori
2131 3117 2250 3140 numere,
2266 3115 2290 3134 et
2308 3110 2366 3134 alibi
2386 3117 2464 3141 saepe

1403 3157 1425 3173 ε.
1435 3148 1551 3172 ‘thomas
1571 3148 1654 3178 docet,
1669 3152 1709 3171 est
1728 3146 1893 3170 conformitas
1912 3146 1947 3170 rei
1967 3151 1991 3170 et
2006 3146 2157 3169 intellectus·
2177 3145 2242 3168 Hinc
2256 3145 2282 3168 in
2296 3145 2378 3177 prima
2392 3150 2463 3177 parte

1403 3184 1527 3208 Summae
1545 3182 1624 3207 theol.
1640 3190 1684 3215 qu.
1694 3189 1743 3212 m,
1759 3181 1828 3205 artic.
1843 3189 1864 3205 1:
1883 3181 1936 3205 Res
1955 3181 2089 3205 naturales
2104 3180 2229 3204 dicuntur
2247 3187 2301 3204 esse
2320 3187 2404 3208 verae,
2423 3186 2463 3204 se-

1402 3219 1518 3244 cundum
1533 3218 1604 3250 quod
1617 3220 1793 3249 assequuntur
1805 3216 2002 3240 similitudinem
2015 3215 2167 3247 specierum,
2183 3221 2249 3246 quae
2260 3218 2322 3239 sunt
2336 3215 2362 3239 in
2378 3218 2463 3238 mente

1403 3254 1502 3279 divina.

1455 3287 1483 3322 λ)
1508 3289 1670 3321 Cognoscere
1694 3290 1783 3311 autem
1809 3286 1978 3318 praedictam
1997 3285 2191 3318 conformitatis
2215 3284 2393 3308 habitudInem
2414 3288 2462 3308 etc.

1402 3325 1461 3348 Non
1480 3331 1532 3347 uno
1551 3330 1631 3347 sensu
1650 3322 1770 3354 accipitur
1788 3321 1849 3345 haec
1870 3320 1979 3352 cognitio
2003 3320 2185 3344 conformitatis
2205 3319 2346 3343 intellectus
2365 3326 2460 3349 cogno-

1403 3358 1498 3384 scentis
1518 3366 1576 3382 cum
1591 3365 1618 3381 re
1633 3357 1742 3388 cognita,
1757 3356 1782 3380 in
1797 3364 1848 3387 qua
1862 3355 2045 3380 conformitatis
2060 3355 2204 3386 cognitione
2224 3362 2244 3377 ε.
2256 3354 2370 3377 Thomas
2390 3353 2462 3385 ponit

1402 3394 1534 3418 veritatem
1554 3391 1720 3417 subiectivam
1735 3399 1782 3415 seu
1801 3391 1917 3422 logicam.
1936 3390 2073 3419 Profunde‚
2088 3394 2116 3413 ut
2134 3390 2237 3418 assolet,
2253 3388 2299 3412 hac
2314 3389 2345 3412 de
2364 3395 2391 3412 re
2410 3388 2462 3419 agit

1402 3429 1538 3453 Caietanus
1557 3428 1582 3451 in
1602 3435 1626 3459 p.
1642 3427 1659 3455 1,
1681 3434 1724 3458 qu.
1739 3433 1794 3455 xw,
1809 3426 1878 3449 artic.
1893 3433 1925 3454 11,
1941 3425 1956 3456 ξ
1970 3425 2014 3449 Ad
2032 3424 2190 3449 evidentiam
2210 3429 2257 3448 etc.
2277 3424 2374 3447 Verum
2394 3430 2460 3454 quae

1403 3464 1436 3488 ibi
1452 3463 1616 3487 doctissimus
1631 3461 1771 3485 Cardinalis
1791 3460 1895 3491 copiose
1915 3459 2023 3489 disserit,
2039 3458 2220 3490 compendiose
2235 3458 2274 3482 hic
2289 3466 2302 3482 a
2322 3466 2343 3482 S.
2358 3457 2461 3482 Thoma

1402 3499 1542 3527 traduntur,
1562 3497 1652 3521 aiendo
1671 3496 1740 3527 quod
1759 3501 1916 3527 cognoscere
1929 3494 2098 3525 praedictam
2116 3493 2309 3526 conformitatis
2327 3492 2460 3517 habitudi-

1403 3541 1460 3558 nem
1480 3536 1519 3557 est
1542 3531 1660 3556 iudicare
1679 3531 1717 3554 ita
1735 3537 1789 3554 esse
1812 3530 1838 3554 in
1858 3537 1886 3553 re
1910 3530 1950 3553 vel
1964 3537 2014 3553 non
2034 3536 2104 3557 esse,
2129 3536 2222 3560 nempe
2242 3536 2299 3553 esse
2314 3528 2339 3551 in
2359 3527 2414 3560 ipsa
2432 3535 2460 3552 re

1402 3568 1567 3596 identitatem,
1581 3574 1657 3598 quam
1669 3573 1742 3589 mens
1753 3565 1843 3589 asserit
1853 3564 1944 3588 iudicio
1954 3563 2112 3593 affirmativo,
2121 3563 2162 3587 vel
2174 3571 2224 3587 non
2235 3571 2294 3587 esse
2304 3562 2460 3587 identitatem

1401 3611 1500 3631 rerum,
1517 3609 1594 3633 quam
1610 3605 1685 3631 negat
1703 3600 1795 3624 iudicio
1814 3599 1931 3631 negativo
1950 3597 2005 3632 (Cf.
2021 3599 2076 3623 lect.
2091 3606 2116 3623 1v
2135 3598 2160 3622 in
2178 3598 2212 3622 Vl
2226 3597 2423 3631 Metaphysic.).

1455 3637 1484 3672 μ)
1505 3637 1557 3667 Qui
1571 3636 1672 3661 iudicat
1692 3635 1724 3659 de
1742 3634 1927 3668 conformitate
1945 3634 2071 3658 etc.—P.:
2091 3634 2135 3666 qui
2149 3633 2249 3658 iudicat
2268 3634 2300 3658 de
2322 3640 2352 3658 re
2369 3640 2458 3658 secun-

2276 3685 2316 3709 3*

2497 973 2505 980 ·
2515 971 2636 994 commen.
2643 972 2709 994 s.Th.

2497 999 2548 1019 lect.
2565 1004 2595 1019 tv.
2620 1010 2629 1014 -
2648 999 2708 1020 Edit.

2497 1024 2648 1051 Didot,lib.V‚
2658 1031 2709 1052 cap.

2497 1057 2528 1077 iv,
2539 1057 2562 1072 n.
2572 1057 2587 1072 ι.

2594 1078 2611 1103 λ

2497 1980 2505 1988 '¹
2517 1984 2556 2000 Bc.-
2575 1985 2640 2000 uera.

2494 2146 2502 2155 ·
2513 2152 2538 2166 a:
2550 2147 2633 2166 tamen.
