2548 4192
178 266 307 292 CXXVIII

199 335 255 364 Ex
278 333 415 363 editione
444 331 558 361 Veneta
583 328 670 368 apud

362 376 505 406 Iunctas.
533 377 537 380 ’

229 466 325 505 «Cap
329 475 399 495 ..xn
420 463 502 493 adv.
519 472 545 491 1.
564 461 692 490 Corona

181 520 283 542 aurea
316 509 482 540 stellarum
516 504 691 535 duodecim.

182 555 288 586 Idest'
281 565 313 584 111
333 552 422 583 initio
441 549 596 580 Ecclesiae
613 548 691 577 duo-

181 599 284 630 decim
298 595 456 637 Apostoli,
473 593 587 634 quibus
602 590 691 631 quasi

182 643 277 674 stellis
309 639 477 670 duodecim
502 635 688 671 illuminata,

181 686 270 728 quasi
310 682 479 714 duodecim
515 678 688 718 margaritis

181 736 290 761 ornata
306 726 515 767 cognoscitur.
527 723 589 763 Ipsi
604 722 690 752 enim

181 775 287 804 hostes
297 771 451 802 Ecclesiae
462 768 617 798 vicerunt:
631 765 690 805 ipsi

179 816 351 848 Ecclesiam
389 818 595 843 ornaverunt:
629 809 688 850 ipsi

178 861 268 902 quasi
282 857 441 900 praecipui
461 855 599 886 milites'
592 865 624 884 1n
640 864 688 884 ca-

179 906 243 946 pite
281 902 430 934 exercitus
467 899 582 940 positi,
611 898 692 928 sicut

181 949 285 980 stellae
309 947 341 977 in
370 945 570 976 firmamento
604 942 691 980 caeli,

177 994 211 1024 in
227 998 319 1022 nocte
330 989 521 1021 adversitatis
531 988 688 1024 luxerunt,

180 1044 210 1068 et
233 1043 338 1067 toturn
354 1034 513 1065 mundum
529 1031 688 1062 illumina-

179 1087 300 1111 verunt.
326 1079 418 1110 Unde
441 1077 552 1108 Matth.
572 1083 601 1106 v:
630 1075 688 1105 Vos

179 1126 253 1156 estis
272 1125 331 1154 lux
346 1122 467 1153 mundi.
485 1120 618 1152 Baruch.
637 1126 688 1149 m:

180 1169 299 1200 Stellae
330 1167 487 1198 dederunt
519 1166 626 1195 lumen
658 1165 690 1194 in

180 1213 330 1244 custodiis
366 1212 450 1241 suis:
482 1210 626 1240 Thomas
659 1208 691 1237 in

179 1257 267 1287 India
287 1255 418 1293 maiori„
427 1254 691 1284 Bartholomaeus

179 1302 212 1332 in
228 1301 315 1331 India
329 1299 456 1337 minori,
473 1299 583 1329 Simon
599 1304 629 1328 et
644 1297 693 1327 Iu·

178 1347 234 1376 das
244 1345 276 1375 in
286 1344 400 1382 Persia,
411 1343 576 1383 Philippus
592 1342 624 1372 in
636 1342 688 1372 Sa-

179 1389 288 1427 maria,
312 1388 489 1419 Matthaeus
508 1387 541 1417 in
560 1386 690 1417 Aethio-

179 1434 242 1474 pia,
266 1433 413 1464 Matthias
437 1432 469 1462 in
492 1431 691 1468 Alexandria,

180 1479 313 1508 Ioannes
337 1477 370 1507 in
393 1477 478 1514 Asia,
502 1476 643 1506 Andreas
659 1475 691 1505 in

180 1522 319 1560 Achaia,
343 1522 408 1551 duo
443 1520 547 1551 Iacobi
580 1520 613 1549 in
644 1520 693 1550 Iu-

181 1567 268 1605 daea,
287 1567 397 1596 Petrus
421 1565 453 1595 in
478 1564 692 1604 Cappadoc1a‚

180 1611 298 1642 Paulus
314 1610 346 1640 in
363 1609 492 1640 Graecia
516 1616 546 1639 et
564 1609 693 1639 tandem

180 1656 298 1686 Paulus
316 1661 346 1684 et
367 1655 476 1684 Petrus
492 1653 524 1683 in
542 1653 638 1683 Italia.
659 1653 695 1682 In

180 1700 230 1730 his
246 1698 427 1739 regionibus
438 1697 696 1738 praedicaverunt

182 1751 212 1775 et
234 1743 386 1774 miracula
416 1742 517 1772 multa
554 1741 696 1772 fecerunt

181 1788 330 1828 Apostoli
355 1794 385 1818 et
408 1787 451 1818 sic
474 1787 587 1817 stellae
603 1786 695 1817 dede-

182 1838 260 1863 runt
271 1833 378 1863 lumen
390 1832 422 1862 in
434 1831 585 1862 custodiis
594 1832 693 1862 suis.»

903 239 1363 281 DISSERTATIONES
1395 238 1643 274 CRITICAE

777 326 831 355 Ex
854 325 991 355 editione
1018 321 1205 351 Florentina

819 368 906 409 apud
930 366 1167 397 Torrentinum.

742 452 764 485 (ι’
779 458 906 491 Corona
930 453 1097 484 stellarum
1131 451 1249 482 duode—

739 503 809 532 cim.
849 500 930 529 Idest
967 497 1082 527 nobilis
1119 495 1251 526 victoria

738 543 908 575 duodecim
928 541 1172 581 Apostolorum:
1188 540 1250 571 hoc

738 596 794 626 est,
812 586 982 617 duodecim
998 585 1147 625 Apostoli
1167 585 1200 614 in
1218 595 1250 615 se

735 632 831 662 lucidi
863 637 893 660 et
923 630 1060 659 aliorum
1090 629 1250 659 illumina-

734 676 798 707 tivi:
815 675 847 705 in
863 674 964 704 oculis
981 681 1180 704 terrenorum
1190 673 1249 702 mi-

735 720 825 757 nimi,
838 728 945 749 coram
960 718 1029 748 Deo
1041 717 1158 756 magni:
1175 727 1250 747 con-

736 772 783 794 tra
806 763 881 793 vitia
902 770 932 793 et
955 769 1064 792 contra
1085 761 1251 791 diabolum

735 815 766 839 et
789 814 898 838 contra
921 807 1028 837 hostes
1055 805 1128 836 fidei
1151 806 1250 836 victo-

735 852 820 882 riosi.
846 852 937 888 Quae
957 850 1089 881 victoria
1116 859 1172 890 per
1196 860 1249 880 co-

738 906 850 927 ronam
874 895 1025 935 signatur,
1050 894 1125 935 quia
1150 894 1250 925 victo—

739 941 824 971 ribus
856 940 921 970 dari
952 939 1049 970 solet:
1075 945 1106 969 et
1138 938 1252 969 dicitur

736 985 812 1015 haec
837 994 956 1015 corona
979 993 1045 1014 esse
1060 983 1092 1013 in
1110 982 1250 1021 Christo,

735 1029 810 1070 quia
834 1029 896 1059 hoc
920 1028 1002 1059 cedit
1025 1028 1064 1058 ad
1093 1027 1251 1058 honorem

734 1073 833 1114 ipsius
858 1080 888 1104 et
911 1073 951 1102 ad
971 1072 1189 1114 ostensionem
1204 1083 1250 1103 re-

735 1119 804 1158 giae
829 1117 987 1157 dignitatis
1018 1117 1051 1147 in
1080 1127 1135 1155 eo,
1161 1117 1251 1147 cuius

738 1163 853 1192 milites
877 1162 1006 1192 fuerunt
1036 1162 1197 1202 Apostoli,
1222 1168 1253 1192 et

739 1207 829 1238 cuius
848 1206 973 1244 virtute,
981 1213 1011 1236 et
1021 1206 1061 1236 ad
1077 1207 1167 1236 cuius
1182 1206 1251 1246 glo-

737 1252 816 1282 riam
840 1251 983 1281 vicerunt
1012 1261 1109 1281 omne
1137 1251 1252 1281 vitium

741 1303 771 1326 et
794 1295 960 1326 diabolum
988 1302 1019 1326 et
1051 1294 1123 1325 fidei
1147 1295 1252 1335 impu-

735 1347 898 1380 gnatores:
919 1350 1002 1380 quos
1021 1339 1165 1370 vicerunt
1188 1339 1252 1370 effi-

737 1385 820 1415 cacia
849 1384 1030 1422 doctrinae,
1056 1384 1252 1424 operatione,

738 1435 912 1470 potestate,
942 1428 1102 1459 miraculis
1131 1435 1162 1459 et
1191 1429 1252 1458 vir-

737 1480 805 1505 tute
838 1473 1051 1503 constantiae:
1076 1473 1152 1514 quia
1180 1483 1253 1513 pro-

740 1525 809 1558 pter
819 1518 948 1548 adversa
965 1527 1031 1548 non
1048 1518 1253 1548 cesserunt.II

740 1562 829 1601 Cor.‚
840 1570 876 1592 11:
901 1563 971 1592 Deo
989 1568 1097 1592 autem
1112 1563 1253 1603 gratias,

739 1608 794 1648 qui
812 1617 938 1647 semper
956 1607 1134 1647 triumphat
1149 1616 1207 1637 nos
1222 1608 1254 1637 in

744 1652 872 1682 Christo
904 1651 990 1682 Iesu.
1019 1651 1257 1691 Comparantur

741 1703 849 1727 autem
873 1695 981 1734 stellis,
1005 1696 1081 1736 quia
1105 1696 1137 1726 in
1161 1706 1194 1726 se
1209 1696 1256 1726 Iu-

741 1740 858 1771 minosi
882 1740 950 1770 aliis
974 1741 1125 1780 praebent
1151 1740 1258 1771 lucem

742 1785 775 1815 in
799 1792 893 1816 nocte
923 1785 1117 1816 adversitatis
1134 1792 1165 1815 et
1188 1784 1258 1815 infi-

743 1829 888 1860 delitatis,
913 1829 1038 1860 Baruch
1061 1837 1112 1860 111:
1137 1829 1259 1860 Stellae

741 1874 900 1905 dederunt
915 1875 1022 1904 lumen
1047 1875 1080 1904 in
1105 1874 1258 1905 custodiis

741 1919 831 1956 suis;
849 1918 931 1949 sicut
953 1919 1097 1949 Thomas
1114 1919 1146 1949 in
1171 1918 1260 1948 India

742 1963 874 2001 maiore,
890 1963 957 2003 ipse
973 1964 1106 1994 Ioannes
1122 1963 1154 1993 in
1170 1963 1257 2001 Asia,

743 2008 886 2038 Andreas
910 2007 943 2038 in
966 2007 1096 2046 Achaia,
1117 2007 1260 2038 similiter

745 2052 784 2082 de
807 2051 886 2082 aliis.
906 2065 921 2079 1>

250 2143 375 2172 Locum
399 2142 533 2172 alterum
557 2151 594 2171 ex
624 2141 722 2171 altero
753 2141 962 2181 desumptum
991 2151 1057 2171 esse
1090 2140 1176 2172 haud
1200 2151 1259 2181 pu-

181 2187 313 2218 taverim
329 2194 399 2226 ego:
416 2193 446 2216 et
462 2195 660 2226 quamquam
677 2195 740 2216 una
757 2185 932 2226 eademque
948 2185 1101 2216 sententia
1117 2186 1167 2224 sit,
1182 2186 1259 2216 haec

182 2238 320 2262 attamen
344 2238 410 2261 tam
428 2230 512 2260 varia
529 2230 653 2260 dicendi
670 2230 762 2270 copia
780 2229 975 2270 exprimitur,
997 2230 1154 2271 variisque
1179 2230 1258 2261 Scri-

183 2283 349 2316 pturarum
373 2275 461 2305 dictis
486 2274 691 2305 confirmatur
720 2275 979 2315 explanaturque,
1003 2281 1040 2305 ut
1063 2275 1170 2305 solum
1199 2285 1258 2315 pro

184 2321 277 2361 genio
301 2319 493 2360 ingenioque
524 2329 608 2349 unus
637 2318 788 2360 idemque
819 2319 880 2349 dici
912 2319 1013 2359 possit
1037 2326 1158 2350 auctor.
1188 2319 1258 2350 Pari

186 2371 372 2404 argumento
406 2364 565 2404 quispiam
595 2363 706 2394 dixerit
737 2370 767 2394 et
790 2364 829 2393 ab
860 2363 976 2394 eodem
1008 2363 1162 2404 prodiisse
1186 2364 1258 2395 scri-

184 2416 275 2450 ptore
299 2408 576 2439 Commentarium
606 2407 638 2438 in
669 2408 919 2449 Apocalypsim,
949 2407 1004 2449 qui
1035 2408 1150 2448 legitur
1179 2408 1260 2439 inter

186 2463 283 2494 opera
306 2453 425 2483 Alberti
449 2453 566 2493 Magni,
584 2462 658 2483 cum
682 2452 792 2483 similis
816 2452 878 2483 loci
903 2452 970 2483 eius
995 2460 1138 2484 occurrat
1154 2453 1258 2493 expla-

186 2498 288 2528 natio:
310 2511 323 2525 «
344 2497 472 2527 Corona
496 2497 663 2528 stellarum
680 2497 858 2528 duodecim.
876 2497 959 2527 Idest
975 2497 1146 2528 duodecim
1170 2500 1259 2538 Apo-

189 2555 204 2569 »
227 2542 320 2580 stoli,
344 2541 399 2582 qui
424 2541 504 2572 sicut
528 2551 645 2572 corona
676 2541 770 2582 capiti
805 2541 932 2572 Christo
957 2542 1177 2573 adhaeserunt.
1201 2542 1261 2573 Per

190 2599 205 2614 »
227 2587 315 2627 ipsos
346 2586 378 2616 in
403 2586 532 2617 circuitu
564 2592 671 2626 gentes
709 2586 926 2623 crediderunt,
951 2596 1007 2626 per
1033 2596 1088 2616 eos
1114 2586 1260 2617 Christus

190 2644 204 2659 >›
226 2630 391 2661 victoriam
414 2630 584 2670 reportavit
607 2631 645 2661 de
670 2631 810 2668 mundo,
835 2630 964 2661 diabolo
985 2637 1015 2661 et
1044 2641 1153 2669 carne,
1178 2641 1260 2672 quae

190 2689 205 2703 »
224 2675 257 2705 in
282 2685 400 2705 corona
423 2675 614 2715 intelligitur.
640 2675 683 2705 Hi
707 2675 856 2706 dicuntur
880 2675 997 2712 stellae,
1019 2675 1095 2716 quia
1118 2676 1262 2714 tenebras

191 2733 206 2748 ³>
228 2720 267 2750 de
291 2720 413 2750 mundo
431 2719 618 2759 fugaverunt
634 2719 837 2750 infidelitatis.
856 2719 934 2750 Item
950 2729 1008 2750 sua
1027 2719 1262 2760 praedicatione

191 2778 205 2792 ³>
228 2764 387 2795 auditores
410 2764 678 2794 illuminaverunt.
703 2764 825 2794 Daniel
842 2774 895 2802 xn,
913 2771 943 2794 et
966 2764 1021 2804 qui
1046 2764 1085 2794 ad
1109 2764 1262 2795 iustitiam

191 2822 205 2836 »
229 2809 376 2839 erudiunt
400 2808 566 2848 plurimos.
592 2809 670 2839 Item
694 2808 768 2849 quia
792 2808 824 2838 in
850 2808 977 2839 Christo
1002 2808 1083 2839 sicut
1104 2808 1138 2839 in
1156 2808 1262 2839 firma-

191 2866 205 2880 »
229 2860 337 2883 mento
362 2852 413 2883 fixi
439 2853 580 2883 fuerunt.
600 2853 748 2884 Iudicum
773 2863 810 2891 v,
836 2853 942 2883 stellae
967 2859 1130 2884 manentes
1154 2853 1186 2883 in
1211 2863 1262 2883 or-

192 2911 207 2925 »
230 2897 312 2927 dine.
330 2898 387 2927 Est
403 2907 476 2936 ergo
497 2907 622 2935 sensus,
639 2903 669 2928 et
693 2899 724 2927 in
742 2898 846 2938 capite
861 2898 941 2935 eius,
962 2897 1042 2928 idest
1065 2897 1097 2927 in
1122 2897 1262 2935 Christo,

193 2955 207 2969 »
231 2951 349 2972 corona
380 2942 546 2972 stellarum
579 2942 763 2979 duodecim,
790 2942 869 2972 idest
900 2941 1071 2972 duodecim
1101 2942 1262 2982 Apostoli.

193 2999 207 3013 >2
230 2985 288 3016 Vel
313 2987 344 3015 in
370 2987 472 3026 capite
496 2987 581 3024 eius,
607 2986 687 3016 idest
710 2986 742 3015 in
774 2986 930 3026 principio
962 2986 1119 3017 Ecclesiae
1143 2996 1263 3017 corona

194 3043 208 3057 >›
231 3030 396 3060 stellarum
421 3030 604 3067 duodecim,
630 3030 709 3061 idest
733 3030 904 3061 duodecim
932 3030 1101 3072 Apostoli,
1125 3030 1181 3072 qui
1205 3041 1263 3062 un-

195 3086 209 3101 »
233 3074 327 3114 dique
351 3074 500 3104 muniunt
523 3074 706 3105 Ecclesiam.
726 3088 740 3103 »
760 3075 820 3105 Hic
844 3075 940 3106 habes
956 3073 1053 3106 veluti
1069 3075 1263 3116 compendio

193 3118 323 3148 collecta
344 3128 424 3158 quae
441 3118 473 3148 in
490 3125 625 3160 utroque
643 3119 804 3159 superiore
826 3119 898 3150 loco
922 3119 1040 3150 fusiora
1056 3126 1140 3150 sunt.
1159 3120 1263 3150 Immo

194 3162 325 3192 demum
358 3169 387 3192 et
420 3163 564 3192 eamdem
597 3163 783 3194 sententiam
817 3163 1020 3203 paucioribus
1053 3171 1264 3204 repraesentat

192 3206 294 3236 verbis
319 3207 471 3246 Lyranus:
494 3219 508 3234 «
529 3207 656 3237 Corona
681 3208 848 3238 stellarum
872 3208 1049 3239 duodecim.
1076 3209 1158 3239 ldest
1176 3218 1263 3249 prae-

197 3263 212 3278 »
235 3250 348 3280 dicatio
372 3260 414 3280 xn
438 3251 688 3291 Apostolorum,
713 3262 794 3292 quae
821 3252 1015 3292 resplenduit
1044 3253 1076 3282 in
1106 3252 1264 3293 primitiva

197 3307 212 3322 »
235 3293 384 3331 Ecclesia,
401 3304 482 3335 quae
506 3295 619 3326 dicitur
635 3301 730 3335 caput
746 3297 815 3326 eius
838 3306 877 3326 eo
902 3297 1001 3327 modo
1021 3297 1173 3338 loquendi
1197 3307 1263 3338 quo

198 3352 213 3366 »
235 3338 427 3379 principium
451 3339 582 3370 alicuius
599 3340 641 3370 rei
659 3340 871 3371 communiter
895 3340 1008 3371 dicitur
1030 3347 1126 3381 caput
1149 3341 1227 3372 eius.
1246 3353 1260 3368 »

196 3382 336 3421 Caetera,
353 3393 435 3423 quae
458 3383 613 3414 Pencinus
638 3391 802 3424 comparat
817 3385 899 3423 loca,
916 3395 990 3415 cum
1014 3386 1130 3416 eodem
1153 3395 1186 3416 se
1209 3385 1264 3416 ha-

195 3427 288 3457 beant
308 3427 418 3464 modo,
442 3428 667 3467 praetermitto.

263 3471 301 3502 11.
331 3472 425 3502 Haud
457 3472 513 3502 erit
543 3482 657 3512 operae
688 3473 908 3513 dispendium,
942 3473 967 3503 si
999 3474 1169 3505 nonnullas
1199 3473 1265 3504 ani-

198 3515 430 3546 madversiones
454 3516 636 3555 subiecero,
660 3527 741 3557 quae
761 3524 902 3557 spectant
920 3518 1056 3548 auctoris
1076 3518 1160 3549 illius
1184 3525 1265 3549 aeta-

198 3565 280 3595 tem,
305 3559 359 3599 qui
384 3560 574 3599 praedictam
604 3571 622 3590 a
645 3561 791 3600 Remigio
816 3562 999 3592 Florentino
1023 3562 1140 3593 editam
1170 3572 1266 3603 expo-

200 3602 347 3632 sitionem
378 3603 580 3634 elucubravit.
606 3605 686 3634 Eam
718 3605 853 3635 indicare
886 3606 979 3635 verba
1011 3606 1157 3637 videntur
1185 3616 1267 3647 quae

1306 317 1406 357 capite
1429 328 1482 347 xvi
1505 318 1606 358 legere
1629 325 1675 349 est
1698 319 1738 349 ad
1760 325 1791 350 it.
1821 319 1875 352 18:
1900 320 1944 350 Et
1961 319 2061 360 facta
2080 324 2156 350 sunt
2169 319 2330 360 fulgura,
2352 325 2382 350 et

1306 372 1417 399 voces,
1448 368 1478 392 et
1510 364 1668 394 tonitrua:
1700 369 1731 394 et
1763 369 1976 394 terraemotus
2000 364 2117 404 sactus
2150 369 2197 394 est
2229 375 2381 405 magnus.

1310 419 1323 433 <‹
1346 406 1434 436 Talis
1457 414 1665 438 terraemotus
1689 408 1733 439 sic
1753 418 1888 448 magnus
1911 408 2038 448 respicit
2060 409 2122 439 hoc
2142 415 2269 449 tempus
2293 418 2382 449 prae-

1309 463 1323 477 »
1347 461 1429 489 sens,
1446 451 1479 481 in
1496 462 1562 492 quo
1580 452 1673 482 multi
1690 453 1729 482 ad
1749 453 2019 493 praedicationem
2038 453 2270 483 modernorum
2293 464 2383 494 prae-

1310 507 1323 522 »
1347 495 1525 527 dicatorum
1542 503 1616 527 sunt
1640 497 1783 527 conversi
1808 497 1847 526 ad
1870 496 1968 527 fidem
1984 504 2014 527 et
2033 497 2274 537 poenitentiam.
2300 499 2385 528 Nam

1309 552 1323 566 >›
1347 541 1386 570 de
1415 540 1491 570 solis
1521 540 1677 571 Cumanis
1709 541 1852 571 conversi
1883 548 1958 571 sunt
1981 542 2021 571 ad
2051 541 2149 572 fidem
2180 549 2211 572 et
2236 543 2385 583 baptizati

1309 596 1323 610 »
1346 584 1379 614 in
1404 585 1532 615 duobus
1547 585 1598 615 vel
1621 585 1720 616 tribus
1745 585 1835 615 annis
1861 592 1891 616 et
1911 585 1945 615 in
1974 586 2103 616 modico
2130 593 2275 626 tempore
2298 587 2384 627 plus-

1309 641 1324 656 »
1346 639 1445 669 quam
1469 636 1599 660 centum
1622 629 1731 660 millia.
1756 629 1848 660 Multi
1873 629 1969 660 etiam
1997 630 2036 660 de
2060 630 2264 670 Georgffinis,
2289 632 2385 662 etiam

1309 686 1323 700 >›
1347 673 1385 703 de
1408 673 1573 711 Barberia;
1597 674 1690 704 multi
1715 674 1754 704 de
1776 674 1900 712 Africa;
1929 674 2023 704 multi
2047 674 2193 705 haeretici
2218 682 2249 706 et
2272 685 2384 716 quam-

1309 730 1323 744 »
1347 717 1453 757 plures
1477 718 1515 747 de
1539 718 1607 747 aliis
1623 718 1765 757 partibus
1782 718 1906 748 mundi.
1920 730 1935 745 »
1958 718 2164 749 Theodorico
2191 720 2229 749 ab
2245 721 2386 760 Apoldia

1306 768 1384 791 teste
1406 761 1440 791 in
1463 761 1527 791 vita
1551 772 1576 791 s.
1601 762 1763 792 Dominici
1793 762 1894 802 capite
1916 772 2001 792 xxvn
2025 763 2111 803 apud
2135 763 2386 795 Continuatores

1306 805 1471 843 Bollandi,
1499 805 1663 836 Cumanos
1691 807 1908 846 personaliter
1931 807 2024 837 adire
2055 807 2272 838 sanctissimus
2294 809 2387 839 Pater

1306 850 1511 887 decreverat,
1544 851 1600 890 qui
1630 850 1755 880 nullam
1785 850 1850 880 Dei
1878 852 2009 880 omnino
2042 852 2187 881 notitiam
2217 853 2385 884 habebant.

1307 894 1406 931 Quod
1422 893 1483 934 ipsi
1500 893 1649 934 perficere
1673 894 1786 924 datum
1809 904 1875 924 non
1895 894 1966 933 fuit,
1983 895 2197 934 impleverunt
2212 895 2280 935 filii,
2304 897 2386 927 duce

1308 938 1400 968 fratre
1419 938 1520 969 Paulo
1546 949 1582 968 ex
1598 938 1773 978 Hungaria.
1791 938 2016 969 Cumanorum
2031 939 2116 976 Dux,
2141 941 2271 971 nomine
2287 941 2385 979 Brut,

1308 993 1421 1013 eorum
1445 993 1542 1023 opera
1565 983 1671 1023 primo
1692 993 1863 1013 conversus
1887 983 1926 1013 ad
1951 982 2058 1013 fidem:
2083 983 2225 1025 itemque
2249 985 2388 1015 nobilior

1306 1028 1388 1058 Dux
1411 1027 1487 1057 alter
1502 1027 1689 1058 Beraborch
1719 1037 1791 1058 cum
1816 1028 1904 1058 mille
1927 1029 2056 1058 circiter
2071 1028 2112 1058 de
2119 1027 2258 1069 famiha
2275 1030 2387 1069 ipsius.

1307 1072 1365 1102 Rei
1382 1071 1514 1102 huiusce
1531 1072 1652 1102 mentio
1667 1071 1700 1102 in
1717 1071 1957 1102 Constitutione
1972 1072 2118 1112 Gregorii
2134 1073 2176 1103 lX
2192 1083 2278 1103 anno
2301 1083 2384 1115 1227

1308 1116 1379 1146 data
1404 1116 1454 1146 die
1481 1117 1515 1146 31
1545 1116 1628 1147 iulii.-
1642 1116 1714 1147 Sedi
1730 1110 1937 1156 Apostolicae
1960 1095 2056 1147 hancn
2061 1117 2101 1146 ad
2121 1116 2287 1148 Cumanos
2311 1118 2386 1148 mis-

1308 1161 1433 1191 sionem
1452 1160 1656 1201 promoventi
1679 1171 1738 1201 pro
1763 1171 1820 1191 sua
1835 1161 1917 1191 virili
1940 1161 2049 1191 fratres
2070 1161 2305 1193 Praedicatores
2329 1163 2387 1193 ob-

1308 1205 1407 1236 secuti
1430 1211 1515 1243 sunt,
1539 1215 1694 1245 magnum
1718 1205 1897 1236 animarum
1919 1206 2047 1236 lucrum
2070 1213 2276 1246 reportantes:
2297 1207 2388 1248 quod

1309 1249 1456 1289 colligere
1481 1249 1596 1291 cuique
1615 1250 1687 1280 licet
1715 1260 1752 1280 ex
1775 1250 2069 1281 Constitutionibus
2093 1250 2237 1291 Gregorii
2261 1252 2304 1282 IX
2331 1261 2387 1282 an-

1309 1304 1352 1324 no
1382 1294 1463 1324 1228
1489 1294 1539 1324 die
1565 1304 1601 1324 21
1630 1294 1752 1333 martii,
1787 1301 1818 1325 et
1847 1295 1930 1334 1234
1953 1294 2004 1325 die
2039 1304 2077 1334 14
2101 1295 2304 1334 novembris;
2337 1296 2387 1327 ln-

1309 1338 1447 1369 nocentii
1472 1339 1523 1370 IV·
1539 1349 1624 1369 anno
1655 1339 1735 1369 1253
1762 1339 1812 1369 die
1838 1349 1880 1379 24
1903 1339 2036 1370 ianuarii
2065 1346 2096 1370 et
2123 1349 2161 1370 12
2181 1339 2268 1378 iulii';
2293 1347 2325 1371 et
2340 1351 2387 1371 se-

1309 1383 1462 1424 quiorum
1477 1383 1625 1423 deinceps
1642 1384 1867 1414 Romanorum
1885 1383 2090 1414 Pontificum.
2111 1384 2195 1415 Inter
2218 1384 2295 1415 haec
2311 1395 2388 1416 vero

1309 1427 1463 1458 acciderat
1492 1437 1577 1458 anno
1601 1428 1723 1459 circiter
1744 1437 1826 1468 1240
1843 1428 1978 1468 irruptio
2007 1429 2216 1460 Tartarorum
2238 1429 2272 1459 in
2295 1429 2388 1460 Hun-

1309 1471 1450 1511 gatiam,
1474 1471 1532 1512 qui
1555 1471 1646 1502 sicuti
1670 1472 1851 1503 universam
1882 1473 1996 1503 misere
2026 1472 2184 1514 foedeque
2213 1473 2390 1514 depopula-

1310 1517 1436 1554 bantur,
1459 1515 1503 1546 ita
1525 1516 1668 1556 inceptae
1693 1516 1919 1547 Cumanorum
1942 1517 2158 1548 conversionis
2181 1527 2313 1549 cursum
2335 1519 2390 1550 ab·

1311 1567 1475 1601 ruperunt.
1495 1560 1560 1591 Sed
1582 1561 1695 1591 eadem
1717 1567 1825 1592 tamen
1847 1561 2030 1592 instaurata:
2055 1571 2091 1592 ac
2114 1562 2206 1602 plura
2228 1563 2267 1593 ab
2286 1563 2391 1594 Inno-

1311 1605 1461 1635 nocentio
1487 1605 1529 1643 IV
1546 1615 1695 1636 concessa
1719 1616 1821 1636 sacras
1839 1606 2005 1646 agentibus
2020 1605 2189 1637 Missiones
2209 1606 2390 1648 privilegia,

1312 1649 1395 1680 edita
1426 1649 1665 1680 Constitutione
1696 1659 1781 1680 anno
1820 1651 1900 1681 1253
1931 1650 1981 1681 die
2007 1651 2047 1681 23
2071 1650 2158 1689 iulii,
2190 1650 2245 1681 ubi
2268 1658 2393 1692 praeter

1315 1694 1480 1725 Cumanos
1494 1701 1641 1725 numerat
1651 1694 1798 1725 Pontifex
1812 1695 2006 1732 Saracenos,
2017 1695 2197 1736 Bulgaros‚
2208 1696 2391 1737 Aethiopes,

1312 1739 1427 1780 Syros,
1452 1739 1574 1776 Iberos,
1603 1739 1738 1777 Alanos,
1766 1739 1923 1781 Gazaros,
1948 1739 2078 1778 Gothos,
2097 1739 2275 1778 Ruthenos,
2300 1739 2394 1772 Jam-

1313 1784 1405 1821 bitas,
1430 1784 1610 1821 Nubianos,
1638 1783 1853 1824 Georgianos,
1878 1785 2048 1822 Armenos,
2080 1782 2192 1822 Indos,
2221 1785 2392 1824 Tartar-os,

1312 1828 1509 1869 Hungaros,
1534 1828 1690 1868 aliosque,
1706 1828 1823 1868 quibus
1847 1829 1887 1858 ad
1911 1827 2028 1859 Christi
2045 1828 2154 1867 fidem,
2171 1829 2211 1860 ad
2234 1829 2395 1861 Ecclesiae

1314 1872 1489 1910 unitatem,
1523 1873 1563 1902 ad
1594 1872 1824 1913 poenitentiam
1855 1873 2042 1904 reducendis
2069 1873 2261 1905 insudabant
2289 1874 2394 1905 zelan-

1313 1917 1426 1947 tissimi
1450 1917 1519 1948 viri.
1551 1917 1600 1947 De
1622 1917 1682 1948 hac
1706 1917 1877 1948 instaurata
1900 1917 1988 1958 apud
2010 1917 2179 1948 Cumanos
2202 1915 2394 1958 Evangelia

1314 1961 1548 2002 praedicatione
1585 1961 1629 1992 sic
1660 1961 1754 1992 habet
1786 1969 1898 1993 auctor
1927 1961 2037 1992 Brevis
2069 1962 2230 1993 Historiae
2262 1961 2394 1994 Ordinis

1313 2006 1571 2037 Praedicatorum
1606 2012 1698 2036 tomo
1731 2006 1774 2037 VI
1809 2006 2024 2046 amplissimae
2060 2005 2270 2038 collectionis
2305 2008 2395 2048 apud

1314 2051 1465 2081 Martene:
1485 2051 1560 2081 Post
1589 2051 1806 2082 Tartarorum
1829 2056 1937 2082 autem
1957 2051 2190 2092 expulsionem,
2211 2051 2302 2083 missi
2318 2057 2398 2084 sunt

1314 2095 1372 2125 alii
1386 2094 1530 2136 fratres,
1553 2096 1609 2136 qui
1633 2095 1792 2136 indefesse
1805 2095 1869 2126 Dei
1889 2096 2018 2126 verbum
2034 2095 2274 2136 praedicantes,
2291 2096 2396 2129 multa

1314 2140 1417 2170 millia
1433 2149 1476 2170 ex
1490 2141 1535 2171 eis
1551 2145 1780 2171 converterunt
1795 2145 1825 2170 et
1840 2140 2093 2182 baptizaverunt.
2113 2140 2203 2171 Paria
2219 2147 2294 2172 sunt
2310 2150 2395 2182 quoe

1315 2194 1352 2215 ex
1368 2183 1531 2215 Chronico
1546 2184 1696 2215 Bernardi
1711 2184 1870 2215 Guidonis
1885 2184 1978 2216 refert
1991 2184 2218 2224 sigismundus
2233 2184 2397 2218 Ferrarius

1315 2229 1353 2259 de
1376 2229 1484 2259 Rebus
1508 2229 1699 2269 Hungaricis
1723 2235 1811 2269 parte
1836 2229 1864 2268 1,
1889 2229 1991 2270 capite
2019 2236 2058 2260 v:
2087 2229 2153 2268 Qui
2177 2239 2278 2271 usque
2299 2229 2396 2262 hodie

1314 2283 1385 2304 cum
1410 2274 1528 2304 eisdem
1551 2274 1604 2304 die
1627 2279 1785 2315 noctuque
1808 2275 1840 2304 in
1863 2274 1972 2315 officio
1984 2274 2242 2314 praedicationis
2258 2284 2393 2315 perna-

1315 2323 1443 2356 nentes,
1468 2318 1713 2360 baptizaverunt
1743 2328 1785 2349 ex
1815 2319 1861 2349 eis
1893 2319 1996 2350 multa
2019 2319 2144 2357 m1111a;
2166 2324 2198 2350 et
2219 2319 2260 2350 de
2281 2319 2335 2350 die
2357 2319 2392 2350 in

1313 2362 1396 2394 diem
1421 2373 1493 2394 cum
1517 2363 1581 2394 Dei
1600 2364 1762 2394 adiutorio
1775 2373 1839 2404 per
1858 2363 2013 2394 Fratrum
2036 2363 2271 2395 solicitudinem
2295 2369 2328 2396 et
2344 2364 2393 2396 la·-

1314 2407 1422 2438 borem
1437 2408 1481 2438 ad
1484 2407 1571 2448 fidei
1585 2409 1740 2439 unitatem
1756 2409 1952 2439 conveniunt
1965 2408 2160 2450 baptizandi.
2174 2409 2276 2440 Porro
2289 2408 2397 2450 qualis«

1314 2461 1391 2492 gens
1408 2451 1634 2483 Cumanorum
1657 2452 1762 2491 fuerit,
1783 2462 1818 2483 ac
1834 2452 1889 2483 ubi
1913 2462 1986 2483 suas
2008 2453 2154 2484 habuerit
2175 2453 2281 2492 §eden
2297 2462 2338 2484 an
2352 2453 2396 2484 ad

1314 2497 1547 2538 Borysthenem
1566 2497 1703 2528 fluvium
1727 2493 1944 2536 consisterent,
1969 2507 2009 2528 an
2032 2497 2104 2528 loca
2127 2497 2304 2529 incolerent
2323 2507 2394 2530 mo-

1316 2542 1430 2572 dernae
1454 2541 1640 2580 Valachiae3
1664 2552 1705 2572 an
1729 2553 1766 2573 ex
1793 2541 1935 2573 Tartaria
1966 2541 2159 2583 prodierint,
2183 2552 2224 2573 an
2248 2541 2397 2583 Hungtu'

1315 2586 1465 2626 baptismi
1481 2593 1622 2626 expertes
1646 2586 1707 2617 dici
1731 2587 1880 2624 debeant,
1905 2596 1971 2617 non
1997 2596 2060 2617 una
2077 2593 2124 2617 est
2140 2593 2308 2618 auctorum
2322 2594 2396 2618 een-

1316 2630 1423 2661 tentia.
1447 2630 1606 2661 Bzovium
1630 2631 1776 2669 consule,
1801 2638 1832 2662 et
1864 2630 2108 2671 Sigismundum
2136 2631 2334 2669 Ferrarium,
2362 2636 2396 2663 et

1316 2674 1551 2705 Bollandistas
1543 2685 1576 2705 ιη
1593 2674 1836 2706 Commentario
1853 2675 1981 2715 praevio
1997 2674 2038 2705 ad
2053 2674 2163 2706 Vitam
2177 2685 2203 2706 s.
2219 2674 2394 2713 Dominici,

1317 2725 1348 2750 et
1370 2718 1559 2749 Michaelem
1581 2719 1802 2750 Bombardum
1825 2719 1857 2750 in
1902 2718 2132 2759 Topographia
2157 2719 2264 2759 Magni
2291 2718 2394 2760 Regni

1317 2763 1511 2803 Hungariae,
1527 2763 1669 2794 Viennae
1686 2763 1832 2794 Austriae
1846 2763 1931 2804 typis
1943 2762 2028 2794 ‘edita
2048 2772 2134 2794 anno
2154 2763 2248 2805 1718.
2267 2763 2303 2794 Id
2316 2766 2392 2795 v'ero

1318 2814 1459 2845 certum,
1485 2807 1669 2846 Cumanos,
1697 2817 1772 2838 cum
1796 2817 1881 2838 anno
1913 2807 2033 2838 circiter
2069 2816 2152 2847 1240
2175 2814 2395 2848 premerentur

1318 2862 1336 2882 a
1354 2851 1514 2889 Tamaris,
1539 2859 1682 2893 receptos
1706 2851 1739 2882 in
1764 2851 1929 2892 Hungaria
1952 2861 1971 2882 a
1994 2851 2070 2882 Bela
2095 2852 2136 2883 IV
2160 2852 2216 2892 qui
2248 2858 2324 2883 tunc
2347 2861 2394 2884 re-

1318 2906 1391 2927 rum
1409 2895 1608 2937 potiebatur,-
1625 2896 1804 2937 peramplas
1828 2896 1868 2927 ad
1891 2895 2058 2927 Tibiscum
2081 2895 2189 2936 plagas
2212 2895 2395 2935 incoluisaeg

1319 2950 1422 2982 eoque
1460 2947 1606 2981 tempore
1638 2940 1816 2972 Cumaniae
1853 2950 1988 2981 regnum
2019 2940 2222 2981 Hungaricae
2257 2950 2396 2973 coronae

1319 2985 1488 3016 adiectum.

1386 3028 1525 3060 Definita
1547 3028 1612 3059 iarn
1635 3036 1800 3070 tempora,
1829 3038 1912 3070 quae
1941 3035 2015 3070 post
2045 3029 2247 3060 medietatem
2277 3029 2397 3062 mecum

1318 3073 1515 3105 tertiidecimi
1546 3080 1734 3111 excurrunt,
1759 3073 1832 3105 satis
1856 3073 1995 3104 indicare
2020 3073 2167 3104 videntur
2190 3074 2283 3105 allata
2301 3074 2399 3105 veh·

1319 3129 1356 3149 ex
1372 3117 1614 3149 Commentario
1638 3117 1671 3148 in
1695 3118 1913 3160 Apocalysim.
1945 3117 2029 3149 Hinc
2053 3125 2164 3149 auctor
2186 3118 2255 3150 eius
2279 3117 2396 3150 eode-

1319 3162 1446 3194 saeculo
1469 3162 1510 3192 ad
1533 3161 1631 3193 finem
1653 3169 1800 3202 vergente
1824 3162 1976 3193 floruerit.
2007 3162 2095 3193 Nihil
2125 3162 2211 3193 enim
2233 3171 2315 3193 aevo
2335 3161 2394 3193 illo

1318 3217 1336 3238 a
1359 3206 1499 3247 Regibus
1530 3206 1712 3247 Hungariae
1741 3207 2018 3247 praetermissum,
2043 3214 2079 3238 ut
2102 3206 2241 3238 Cumani
2273 3205 2336 3238 'vel‘
2353 3205 2395 3237 nd

1318 3250 1416 3282 fidem
1446 3258 1702 3282 converterentur
1725 3251 1775 3282 vel
1798 3252 1839 3282 ad
1862 3251 2017 3282 unitatem
2040 3251 2210 3290 Ecclesiae,
2234 3249 2397 3290 colligitur

1319 3306 1356 3326 ex
1379 3295 1513 3336 epistola
1536 3295 1672 3326 Ladislai
1691 3295 1797 3336 Regis,
1815 3296 1887 3326 data
1901 3296 2018 3327 Budae
2035 3305 2122 3327 anno
2145 3295 2278 3327 Domini
2297 3302 2392 3336 1279,

1319 3350 1419 3381 quam
1441 3339 1474 3370 in
1497 3339 1728 3381 Topographia
1751 3340 1842 3372 citata
1866 3339 1959 3371 refert
1981 3340 2129 3372 laudatus
2151 3338 2353 3371 Bombavdu·
2374 3347 2394 3369 e

1320 3384 1475 3415 Societate
1499 3384 1569 3415 lesu
1589 3394 1661 3425 pag.
1689 3386 1753 3424 314
1782 3391 1814 3416 et
1837 3384 1973 3416 Carolus
1996 3384 2130 3426 Peterffy
2153 3383 2296 3415 eiusdem
2318 3381 2393 3413 Soc.

1320 3429 1401 3459 inter
1419 3428 1565 3460 Concilia
1580 3429 1738 3460 Ecclesiae
1758 3429 2106 3460 Romano-Catholicae
2121 3428 2156 3459 in
2170 3428 2284 3468 Regno
2298 3426 2392 3457 Hun-

1321 3473 1434 3513 gariae.
1455 3473 1542 3504 Haec
1565 3473 1598 3504 in
1622 3483 1659 3504 ea
1681 3473 1830 3514 leguntur
1852 3474 1963 3505 verba:
1980 3474 2024 3505 Et
2041 3474 2118 3514 quia
2137 3472 2218 3503 nihil
2235 3475 2292 3508 est,
2307 3470 2394 3511 quod

1322 3518 1443 3548 lumine
1458 3518 1599 3549 clariore
1611 3518 1838 3560 praefulgeat,
1853 3528 1950 3559 quam
1965 3518 1998 3548 in
2013 3517 2163 3557 Principe
2185 3520 2273 3546 recta
2286 3514 2394 3556 fides:

1322 3563 1484 3602 cupientes
1507 3567 1572 3593 toto
1600 3564 1715 3594 mentis
1744 3563 1862 3594 annisu
1895 3562 2066 3593 tentorium
2089 3559 2175 3602 fidei
2203 3559 2395 3590 Dominicae

1322 3607 1491 3646 ampliare,
1516 3606 1655 3638 eiusdem
1679 3607 1874 3638 sanctissimi
1895 3606 1996 3647 Regis
2024 3604 2178 3645 Stephani
2203 3603 2394 3644 Protogeni-
