2788 4204
115 345 127 355 ⁶
145 343 328 366 eodm-imo:
358 328 492 375 eligere
527 336 732 362 commune
766 321 978 359 secundum
1012 318 1226 365 analogiam
1253 317 1293 362 ²¹²,
1323 315 1420 352 idest

116 370 253 397 analogum.

118 824 129 834 ·
143 828 175 844 1³1:
191 821 322 843 secundum.

118 1193 128 1203 ⁴¹
144 1192 213 1213 Num.
225 1197 273 1218 seq.

362 250 435 286 388

356 374 657 430 proportionem.
672 375 861 423 Contingit
881 374 982 410 enim
997 383 1118 409 unum
1139 370 1310 417 accipere
1330 381 1418 427 ana-

357 436 508 482 logum,
534 431 638 481 quod
667 442 745 467 non
774 437 829 465 est
848 435 855 448 ¹
875 427 977 463 idem
1010 424 1223 462 secundum
1249 434 1418 470 speciem

357 489 419 525 vel
448 498 584 534 genus;
616 484 709 521 sicut
737 495 780 518 os
809 481 1012 528 sepiarum,
1043 477 1147 527 quod
1175 483 1336 513 vocatur
1363 487 1417 511 se-

351 541 456 590 pion,
478 547 514 576 et
541 538 648 586 spina
675 535 847 585 piscium,
871 540 907 569 et
935 544 1021 569 ossa
1050 529 1272 568 animalium
1301 536 1415 564 terre-

358 593 499 631 strium.
531 590 671 628 Omnia
708 587 809 624 enim
837 587 906 622 ista
944 584 1175 622 conveniunt
1204 581 1416 619 secundum

356 645 654 697 proportionem,
676 641 764 690 quia
792 639 930 676 eodem
960 638 1078 675 modo
1104 649 1144 673 se
1173 636 1315 672 habent
1343 634 1416 682 spi-

357 713 429 738 nae
458 698 506 735 ad
532 697 653 746 pisces
691 694 786 731 sicut
814 705 900 729 ossa
928 692 977 728 ad
1005 690 1193 728 terrestria
1222 687 1410 725 animalia.

356 753 417 790 Ad
455 753 528 788 hoc
569 757 695 786 autem
736 758 943 782 commune
986 745 1189 791 analogum
1225 741 1416 790 quaedam

358 799 637 852 consequuntur
673 806 827 849 propter
859 799 879 819 *
910 798 1094 834 unitatem
1136 794 1414 844 proportionis,

357 860 450 896 sicut
477 857 506 893 si
527 854 851 892 communicarent
870 852 908 888 in
926 864 1004 888 una
1024 858 1158 887 natura
1186 849 1334 896 generis
1353 848 1415 885 vel

356 909 503 961 speciei,
534 909 627 945 sicut
655 919 735 943 esse
766 913 990 953 coopertum
1020 903 1206 940 carnibus

411 965 442 1001 5.
464 961 611 999 Deinde
641 972 728 996 cum
749 958 852 995 dicit:
873 959 1018 995 Eadem
1037 963 1162 993 autem
1176 954 1415 1003 problemata

353 1023 439 1055 sunt
465 1023 554 1062 etc.,
585 1013 747 1050 ostendit
783 1012 982 1060 quomodo
1020 1011 1138 1047 multa
1177 1009 1416 1057 problemata

355 1068 585 1107 conveniunt
603 1067 640 1103 in
660 1079 706 1102 eo
722 1065 827 1114 quod
843 1073 897 1101 est
915 1070 1071 1114 propter
1090 1063 1199 1111 quid:
1220 1070 1257 1098 et
1275 1061 1414 1110 primo,

354 1130 536 1172 quantum
565 1120 613 1157 ad
640 1119 822 1156 unitatem
852 1118 986 1163 medii;
1014 1116 1196 1162 secundo,
1227 1123 1414 1164 quantum

354 1177 401 1214 ad
421 1175 593 1212 ordinem
609 1173 842 1217 mediorum3
859 1171 926 1208 ibi:
947 1171 1035 1208 Alia
1050 1176 1175 1207 autem
1193 1169 1212 1190 '³‘
1232 1177 1300 1205 etc.
1317 1168 1417 1205 Dicit

354 1242 442 1277 ergo
462 1228 585 1277 primo
619 1226 723 1275 quod
752 1225 942 1275 quaedam
971 1224 1211 1273 problemata
1239 1230 1327 1259 sunt
1354 1235 1416 1259 ea-

354 1285 453 1328 dem,
474 1282 512 1318 in
527 1288 712 1330 quantum
732 1279 868 1316 scilicet
888 1278 1122 1315 conveniunt
1140 1283 1154 1297 ¹
1173 1276 1211 1313 in
1241 1288 1287 1312 eo
1310 1276 1416 1325 quod

354 1344 408 1373 est
429 1340 586 1383 propter
613 1334 710 1382 quid.
740 1333 826 1370 Uno
847 1332 1002 1381 quidem
1025 1332 1144 1368 modo
1165 1337 1321 1378 propter
1339 1330 1415 1366 hoc

353 1389 457 1438 quod
485 1389 626 1425 habent
653 1387 755 1424 idem
784 1385 974 1431 medium;
1002 1384 1098 1421 sicut
1134 1395 1203 1431 per
1230 1383 1306 1419 hoc
1333 1395 1414 1419 me-

354 1443 458 1480 dium
479 1441 582 1491 quod
603 1448 657 1477 est
675 1439 954 1487 antiperistasis,
976 1438 1072 1475 idest
1092 1436 1414 1474 contra-resisten-

352 1496 402 1533 tia
428 1496 490 1533 vel
519 1493 772 1543 repercussio,
808 1493 927 1529 multa
962 1491 1282 1528 demonstrantur.
1319 1490 1416 1526 Sunt

353 1557 479 1586 autem
512 1548 700 1597 quaedam
730 1546 856 1583 media
885 1543 1049 1582 eadem2
1075 1557 1153 1581 non
1183 1543 1412 1592 simpliciter,

351 1602 417 1639 sed
445 1614 599 1650 genere,
621 1613 718 1650 quae
748 1599 977 1648 quibusdam
1008 1597 1228 1636 differentiis
1257 1597 1413 1640 diversi-

351 1656 520 1701 ficantur,
542 1667 639 1703 quae
667 1661 869 1690 sumuntur
887 1653 949 1690 vel
970 1665 1014 1689 ex
1044 1651 1260 1688 diversitate
1289 1650 1414 1687 subie-

351 1717 514 1754 ctorum,
543 1708 605 1745 vel
641 1720 685 1743 ex
715 1707 930 1744 diversitate
959 1705 1065 1742 modi
1094 1705 1223 1742 fiendi.
1255 1704 1360 1741 Sicut
1383 1704 1414 1741 si

350 1769 550 1812 quaeratur
566 1768 723 1810 propter
741 1760 832 1809 quid
851 1760 895 1797 fit
914 1760 1009 1797 echo
1024 1765 1054 1806 μ,
1072 1766 1137 1796 aut
1150 1765 1308 1807 propter
1322 1757 1415 1807 quid

402 1905 421 1940 ι)
440 1906 605 1938 Analogum,
625 1904 696 1937 quod
719 1911 769 1928 non
790 1907 830 1928 est
849 1903 953 1928 idem.-
967 1904 992 1928 M
1011 1911 1064 1928 om.
1083 1903 1243 1936 analogum,
1264 1907 1289 1927 et
1314 1910 1373 1927 cum
1393 1902 1413 1926 Ρ

349 1941 420 1974 legit:
439 1941 510 1974 quod
527 1943 567 1965 est
585 1940 662 1965 idem.
682 1940 732 1964 Sed
747 1947 854 1964 erronee
873 1939 997 1963 omittitur
1017 1946 1077 1964 non.
1097 1939 1135 1963 De
1153 1947 1185 1963 eo
1200 1938 1269 1963 enirn
1289 1939 1359 1971 quod
1374 1943 1415 1963 est

348 1985 429 2001 unum
444 1983 580 2001 commune
593 1976 735 2000 secundum
749 1975 901 2007 analogiam,
917 1983 1005 1999 sermo
1020 1980 1069 1999 est.
1085 1975 1161 2005 Quod
1176 1980 1264 1999 autem
1279 1979 1318 1999 est
1331 1981 1414 1998 unum

350 2012 417 2044 idem
437 2012 579 2036 secundum
599 2011 710 2043 speciem
729 2011 770 2035 vel
790 2018 880 2041 genus,
901 2018 953 2035 non
973 2011 1112 2042 analogum
1133 2015 1184 2040 est,
1205 2010 1252 2035 sed
1270 2010 1412 2035 univocum

350 2047 403 2080 (Cf.
418 2048 427 2072 1
442 2047 537 2076 Perih„
558 2047 614 2071 lect.
627 2054 656 2076 v,
676 2055 699 2070 n.
720 2054 748 2078 ¹9
768 2051 793 2070 et
813 2051 866 2070 not.
886 2044 919 2077 ξ).

403 2082 428 2117 κ)
450 2083 478 2107 In
499 2085 625 2114 quantum
644 2082 741 2107 scillcet
753 2081 912 2106 conveniunt
931 2082 1080 2106 ete-eod.
1095 2081 1117 2106 N
1137 2089 1158 2105 s.
1173 2088 1222 2105 m.:
1238 2080 1264 2105 ίη
1284 2083 1413 2113 quantum

349 2118 447 2143 scilicet
464 2118 621 2142 conveniunt
640 2118 666 2142 in
687 2124 738 2141 uno
753 2120 867 2149 propter
885 2117 949 2149 quid
971 2117 1132 2142 conveniunt
1156 2124 1208 2141 uno
1227 2116 1332 2148 quidem
1347 2123 1414 2149 pro-

345 2157 408 2186 pter
422 2154 486 2178 hoc:
504 2153 579 2178 lectio
598 2153 744 2177 inordinata.
757 2152 961 2177 ACDEFGLST
980 2158 1006 2177 et
1024 2161 1049 2185 p.
1065 2160 1100 2177 m.
1116 2152 1138 2176 K
1152 2160 1206 2177 om.
1220 2155 1260 2176 est
1274 2157 1333 2176 ante
1348 2159 1414 2184 pro-

345 2192 409 2222 pter
420 2189 499 2222 quid‚·
514 2189 534 2213 N
550 2197 574 2221 p.
585 2196 620 2214 m.
631 2196 684 2213 om.
695 2188 765 2220 quod
778 2191 826 2213 est.
846 2188 935 2217 Codd..
951 2196 1004 2213 exc.
1020 2189 1058 2218 Q:
1074 2191 1189 2220 propter
1202 2187 1274 2220 quid,
1290 2195 1342 2212 uno
1357 2188 1414 2221 qui-

349 2225 407 2249 dem
423 2225 501 2249 modo
512 2224 584 2257 (CF'I,
596 2224 673 2249 modo
689 2224 793 2256 quidem
799 2232 808 2254 ,-
822 2224 934 2248 ADLST
947 2229 972 2248 et
986 2232 1053 2257 p.m.
1065 2224 1109 2248 ΚΝ
1130 2231 1183 2248 om.
1195 2223 1284 2255 modo)
1299 2227 1415 2255 propter

349 2260 397 2285 hoc
415 2260 486 2292 quod
504 2260 599 2292 hahent
618 2260 670 2291 (G,
690 2259 794 2292 habet).
818 2260 981 2292 Adoptamus
1006 2259 1071 2284 hanc
1095 2259 1170 2284 codd.
1190 2259 1336 2284 lectionem.
1356 2259 1414 2284 Duo

350 2296 417 2320 enim
437 2295 477 2319 hic
496 2295 571 2320 tradit
590 2295 752 2324 s.Thomas;
772 2303 885 2327 quorum
902 2295 1015 2327 primum
1030 2295 1152 2327 estquod
1166 2295 1294 2327 quaedam
1309 2294 1413 2326 proble-

349 2336 417 2355 mata
436 2331 590 2355 conveniunt
609 2330 633 2354 in
652 2338 684 2355 eo
703 2331 773 2362 quod
789 2330 883 2355 habent
903 2331 971 2355 idem
991 2331 1114 2359 medium,
1131 2330 1282 2362 simpliciter
1302 2338 1411 2362 nempe;

350 2367 456 2391 alterum
476 2372 515 2390 est
534 2366 603 2398 quod
623 2366 750 2398 quaedam
769 2366 929 2397 problemata
948 2366 1043 2391 habent
1063 2366 1131 2390 idem
1151 2365 1266 2391 medium
1282 2374 1334 2390 non
1349 2366 1413 2390 sim-

349 2402 454 2434 pliciter.
470 2402 514 2426 sed
526 2409 619 2433 genere
628 2406 736 2426 tantum.
751 2402 823 2426 Hanc
839 2401 1029 2426 distinctionem
1044 2401 1153 2426 dilucide
1166 2402 1269 2426 tradunt
1284 2402 1415 2427 codices.-

350 2438 370 2461 P
389 2437 488 2466 omittit,
512 2437 568 2462 Uno
587 2437 690 2469 quidem
711 2437 825 2462 modo.-
839 2437 989 2462 Lectionem
1008 2442 1123 2462 nostram
1142 2437 1220 2461 habet
1234 2436 1385 2462 Dominicus
1399 2445 1414 2461 a

349 2472 475 2501 Flandria.
494 2472 566 2497 cuius
585 2473 663 2496 verba
683 2477 757 2497 sunt:
778 2482 790 2494 ‹
804 2473 1026 2498 Considerandum
1040 2478 1121 2498 est...
1141 2472 1181 2497 hic
1195 2473 1340 2497 secundum
1354 2472 1414 2497 Phi-

350 2507 501 2540 losophum,
521 2513 550 2532 ut
568 2508 668 2532 adducit
687 2508 718 2532 D.
733 2508 766 2537 S„
787 2509 858 2540 quod
877 2509 962 2541 aliqua
977 2509 1177 2540 (problemata)
1191 2508 1310 2532 dicuntur
1323 2508 1414 2533 eadem

350 2548 454 2576 propter
473 2542 522 2568 hoc
541 2543 610 2576 quod
629 2543 723 2568 habent
742 2544 809 2568 idern
830 2543 945 2568 medium
965 2549 1071 2576 propter
1089 2544 1151 2576 quid
1171 2551 1252 2568 unum
1271 2543 1296 2568 in
1310 2551 1413 2576 genere.

351 2578 546 2603 diversificatum
571 2583 656 2603 tamen
676 2579 700 2603 in
720 2579 818 2611 specie3
838 2584 866 2604 ut
885 2584 954 2612 patet
973 2580 1005 2604 de
1024 2587 1089 2604 sono
1109 2579 1186 2608 echo.
1206 2579 1238 2604 de
1258 2579 1369 2611 imagine
1388 2579 1414 2604 in

350 2614 456 2646 speculo
475 2619 499 2638 et
518 2615 550 2639 de
569 2614 631 2638 iride
650 2614 675 2638 in
694 2615 814 2639 nubibus.
839 2615 935 2639 Omnia
955 2615 1023 2639 enim
1043 2615 1085 2639 illa
1108 2614 1263 2639 conveniunt
1282 2614 1307 2639 in
1327 2614 1415 2639 medio

350 2654 453 2682 propter
472 2649 534 2681 quid
553 2658 605 2674 uno
629 2651 771 2674 secundum
796 2658 892 2683 genus,
912 2650 983 2682 quod
1003 2655 1043 2675 est
1063 2651 1241 2682 repercussio;
1261 2650 1308 2674 sed
1327 2655 1414 2675 tamen

349 2685 400 2709 tale
419 2685 533 2709 medium
552 2684 736 2710 diversificatur
755 2686 899 2710 secundum
919 2686 1049 2718 speciem:
1070 2685 1127 2710 illae
1147 2685 1215 2710 enim
1235 2690 1288 2710 tres
1308 2693 1415 2718 percus·

351 2719 436 2744 siones
455 2720 569 2745 differant
588 2721 718 2752 specie...
738 2721 788 2745 Sed
809 2726 870 2746 sunt
889 2721 974 2753 aliqua
993 2721 1066 2753 plura
1086 2720 1259 2753 problemata.
1284 2728 1351 2753 quae
1370 2720 1415 2745 ha-

350 2755 412 2779 bent
430 2756 496 2780 idem
517 2756 631 2780 medium
650 2757 793 2781 secundum
809 2757 936 2789 speciem;
955 2754 984 2781 ut
1002 2761 1108 2788 propter
1125 2756 1186 2788 quid
1205 2755 1286 2780 homo
1301 2761 1341 2781 est
1359 2756 1415 2781 risi-

350 2790 416 2820 bilis,
432 2796 536 2823 propter
555 2792 615 2823 quid
630 2797 668 2816 est
684 2791 809 2821 flexibilis,
824 2797 849 2816 et
862 2797 967 2824 propter
980 2792 1042 2824 quid
1057 2791 1136 2816 homo
1150 2796 1190 2816 est
1205 2791 1416 2824 disciplinabilis:

351 2826 382 2850 ad
400 2827 486 2851 omnia
505 2827 682 2859 respondetur,
702 2828 761 2860 quia
780 2833 820 2852 est
839 2827 932 2852 animal
952 2827 1083 2856 rationale.
1097 2827 1168 2859 quod
1181 2826 1288 2860 quidem
1303 2832 1343 2852 est
1358 2834 1417 2851 me-

351 2861 420 2886 dium
439 2870 519 2886 unum
538 2863 682 2887 secundum
701 2863 824 2896 speciem.
844 2863 979 2893 Quaedam
997 2870 1061 2887 vero
1080 2867 1141 2887 sunt
1160 2869 1228 2895 quae
1247 2862 1342 2887 habent
1361 2869 1415 2887 me-

934 238 1316 279 POSTERIORUM
1344 234 1776 273 ANALYTICORUM
1804 234 1899 269 LIB.
1931 234 1962 269 II

1473 319 1640 361 apparet,
1671 312 1811 349 scilicet
1839 310 1981 360 aliquid
2009 310 2047 347 in
2085 311 2263 359 speculo,
2298 312 2361 348 vel
2389 320 2547 362 propter

1473 366 1566 415 quid
1594 373 1795 414 generatur
1822 364 1896 401 iris.
1929 363 2073 400 Omnia
2102 364 2205 400 enim
2231 364 2302 401 ista
2326 373 2414 402 sunt
2440 366 2546 404 idem

1471 420 1675 468 problema
1695 425 1880 467 quantum
1896 417 1945 454 ad
1960 417 2134 454 medium
2150 425 2308 466 propter
2324 418 2427 467 quid,
2441 421 2547 468 quod

1474 480 1529 509 est
1547 472 1652 509 idem
1678 483 1817 519 genere
1833 471 1871 507 *z
1902 470 2033 507 omnia
2062 471 2165 507 enim
2192 479 2396 509 causantur
2425 485 2470 509 ex
2490 486 2547 510 re-

1471 525 1730 574 percussione.
1763 523 1840 561 Sed
1869 524 2178 572 repercussiones
2204 525 2386 562 differunt
2404 526 2544 574 specie.

1473 579 1575 615 Nam
1612 579 1708 614 echo
1737 578 1780 614 fit
1807 590 1876 625 per
1909 578 2240 625 repercussionem
2274 579 2372 616 aeris
2401 580 2495 616 moti
2524 593 2547 617 a

1473 643 1635 680 corpore
1672 638 1833 667 sonante
1862 630 1911 667 ad
1939 631 2096 679 aliquod
2131 644 2271 681 corpus
2306 645 2544 680 concavum;

1472 684 1657 733 apparitio
1691 692 1821 720 autem
1859 683 1913 720 rei
1947 684 1986 721 in
2015 685 2171 733 speculo
2206 686 2250 723 fit
2276 694 2435 736 propter
2471 688 2547 724 hoc

1472 738 1577 786 quod
1606 737 1822 774 immutatio
1844 737 1960 773 medii
1986 738 2236 787 repercutitur
2255 739 2305 776 ad
2325 741 2543 789 speculum;

1470 791 1534 828 iris
1563 798 1692 827 autem
1721 791 1764 827 fit
1790 798 1948 839 propter
1975 791 2051 828 hoc
2076 792 2183 840 quod
2202 793 2296 830 radii
2325 795 2469 831 solares
2489 806 2546 831 re-

1469 844 1733 893 percutiuntur
1761 845 1810 881 ad
1838 856 2004 892 vapores
2032 845 2225 882 humidos.

1525 898 1560 934 6.
1582 897 1733 934 Deinde
1763 909 1852 934 cum
1882 897 1987 934 dicit:
2019 899 2108 935 Alia
2136 905 2263 936 autem
2296 911 2346 936 ex
2373 911 2417 936 eo
2446 900 2549 948 quod

1470 952 1635 988 medium
1665 958 1748 998 etc.,
1771 951 1936 988 ostendit
1955 952 2156 1000 quomodo
2184 953 2426 1001 problemata
2455 965 2545 990 con-

1470 1005 1630 1042 veniunt
1657 1004 1695 1041 in
1717 1010 1876 1053 propter
1904 1005 1995 1054 quid
2021 1006 2236 1043 secundum
2261 1006 2544 1044 ordinationem

1470 1058 1710 1104 mediorum3
1741 1066 1777 1095 et
1806 1058 1895 1095 dicit
1927 1059 2034 1107 quod
2071 1059 2264 1109 quaedam
2293 1060 2366 1097 alia
2392 1061 2545 1110 proble-

1471 1120 1574 1149 mata
1594 1119 1692 1159 sunt‚
1709 1124 1809 1161 quae
1830 1111 2011 1149 differunt
2024 1113 2074 1150 ad
2090 1113 2258 1151 invicem
2274 1125 2320 1150 ex
2336 1115 2356 1135 ²⁶
2371 1126 2419 1151 eo
2439 1114 2546 1163 quod

1469 1166 1613 1203 habent
1641 1166 1793 1203 diversa
1817 1165 1957 1213 media,
1978 1179 2144 1216 quorum
2165 1179 2288 1204 unum
2318 1175 2374 1204 est
2401 1169 2473 1205 sub
2493 1168 2546 1205 al-

1471 1227 1563 1256 tero.
1581 1221 1630 1256 Et
1643 1219 1753 1268 ponit
1771 1221 2004 1268 exemplum,
2021 1228 2154 1269 utpote
2183 1221 2213 1258 si
2233 1228 2438 1271 quaeratur
2455 1233 2545 1270 pro-

1470 1281 1555 1322 pter
1573 1273 1666 1322 quid
1686 1273 1796 1310 Nilus
1811 1273 1849 1310 in
1873 1274 1951 1310 fine
1966 1274 2121 1322 mensis,
2138 1274 2279 1311 scilicet
2293 1275 2446 1322 lunaris,
2463 1286 2544 1312 ma-

1470 1327 1525 1374 gis
1562 1326 1733 1364 inundat.
1764 1326 1889 1364 Huius
1927 1327 2031 1364 enim
2059 1329 2080 1349 '¹‘
2107 1328 2202 1365 ratio
2241 1336 2317 1376 est,
2345 1328 2435 1377 quia
2457 1327 2545 1366 finis

1470 1380 1614 1416 mensis
1643 1387 1699 1417 est
1726 1380 1848 1428 magis
1875 1381 2063 1429 pluvialis.
2086 1383 2217 1429 Quare
2241 1390 2372 1419 autem
2391 1383 2467 1419 hoc
2485 1381 2544 1430 sit,

1470 1433 1652 1482 accipitur
1678 1446 1748 1482 per
1776 1434 1879 1471 aliud
1908 1435 2099 1482 medium;
2120 1444 2278 1485 propter
2305 1437 2381 1473 hoc
2404 1435 2547 1473 scilicet

1470 1487 1576 1535 quod
1597 1488 1617 1508 ²³⁸
1645 1494 1737 1524 tunc
1765 1487 1895 1524 deficit
1922 1490 2023 1536 luna,
2053 1502 2154 1538 quae
2182 1490 2299 1526 habet
2327 1489 2544 1527 dominium

1470 1553 1585 1589 super
1613 1541 1816 1587 humores,
1847 1548 1884 1577 et
1911 1541 2011 1588 iden,
2042 1542 2245 1580 deficiente
2273 1543 2419 1580 lumine
2447 1542 2541 1590 eius,

1469 1594 1590 1642 magis
1629 1602 1928 1632 commoventur
1963 1607 2130 1644 vapores
2168 1596 2206 1633 in
2240 1608 2350 1643 aere,
2381 1609 2427 1633 ex
2463 1607 2544 1646 quo

1470 1655 1646 1685 causatur
1677 1648 1808 1697 pluvia
1836 1649 1867 1686 ³².
1898 1649 1947 1685 Et
1984 1649 2038 1686 sic
2074 1657 2178 1698 patet
2215 1649 2323 1699 quod
2359 1649 2430 1687 ista
2464 1650 2544 1688 duo

1469 1701 1598 1738 media
1627 1701 1680 1738 sic
1708 1714 1749 1738 se
1768 1702 1912 1739 habent
1939 1702 1989 1740 ad
2008 1703 2188 1751 invicem,
2209 1703 2316 1753 quod
2335 1715 2458 1741 unum
2478 1714 2544 1740 eo-

1470 1768 1556 1792 rum
1586 1763 1643 1792 est
1670 1755 1742 1792 sub
1772 1755 1846 1792 alio
1865 1756 1897 1792 *.

1470 1903 1541 1927 dium
1560 1910 1642 1927 unum
1662 1903 1749 1927 solum
1772 1902 1917 1927 secundum
1943 1902 2102 1935 analogiam,
2121 1907 2151 1928 ut
2168 1909 2247 1936 supra
2265 1901 2349 1935 patuit
2373 1902 2406 1927 de
2424 1901 2500 1935 spino
2519 1906 2546 1929 et

1470 1938 1586 1970 sepione.
1612 1937 1835 1962 Considerandum
1860 1942 1900 1962 est
1918 1938 2025 1962 ulterius
2045 1938 2116 1971 quod
2141 1938 2315 1971 problemata.
2335 1945 2403 1971 quae
2426 1937 2546 1963 dicum

1469 1974 1552 2006 plura,
1571 1978 1633 1998 sunt
1651 1973 1677 1998 in
1696 1973 1791 2005 duplici
1810 1973 1963 1999 differentia.
1981 1974 2047 1998 Nam
2063 1974 2192 2006 quaedam
2213 1979 2274 1999 sunt
2291 1973 2318 1999 in
2337 1974 2433 2006 quibus
2451 1973 2543 2006 plures

1469 2009 1606 2041 passiones
1626 2014 1787 2042 quaeruntur
1801 2009 1833 2034 de
1847 2009 1965 2041 pluribus
1981 2009 2103 2034 subiectis
2108 2017 2116 2041 ;
2135 2014 2162 2034 et
2175 2009 2236 2035 talia
2247 2014 2309 2034 sunt
2321 2009 2347 2034 in
2362 2009 2458 2042 duplici
2473 2008 2544 2035 diffe-

1469 2045 1563 2070 rentia:
1583 2052 1644 2069 nam
1663 2045 1749 2077 aliqua
1768 2049 1828 2069 sunt
1847 2045 1872 2069 in
1891 2044 1986 2077 quibus
2007 2045 2096 2078 plures
2114 2044 2253 2078 passiones
2266 2049 2429 2078 quaeruntur
2441 2044 2475 2070 de
2486 2045 2545 2078 plu-

1469 2080 1542 2105 ribus
1562 2080 1684 2105 subiectis
1703 2080 1805 2112 penitus
1820 2080 1964 2112 disparatis,
1983 2085 2012 2105 ut
2030 2086 2136 2113 propter
2154 2080 2217 2114 quid
2236 2079 2317 2106 homo
2336 2085 2377 2106 est
2390 2079 2506 2110 risibilb.
2518 2084 2547 2107 α

1469 2121 1574 2149 propter
1592 2116 1654 2148 quid
1674 2123 1758 2149 equus
1778 2120 1818 2140 est
1836 2115 1976 2145 hinnibilis,
1991 2121 2016 2141 et
2035 2116 2095 2141 talia
2113 2116 2276 2149 problemata
2295 2123 2348 2140 non
2362 2115 2460 2141 habent
2472 2115 2544 2143 iden

1469 2156 1576 2184 propter
1594 2151 1671 2185 quid;
1691 2151 1820 2184 quaedam
1835 2159 1898 2176 vero
1918 2156 1986 2181 sunt.
2001 2152 2027 2176 in
2040 2151 2136 2184 quibus
2155 2151 2244 2185 plures
2259 2152 2397 2185 passiones
2412 2157 2548 2186 quaerunt-

1468 2193 1510 2212 tur
1529 2187 1561 2212 de
1579 2186 1697 2220 pluribus
1717 2187 1839 2212 subiectis
1859 2195 1911 2212 non
1930 2187 2079 2220 disparatis.
2098 2192 2127 2212 ut
2142 2193 2249 2220 propter
2267 2187 2330 2220 quid
2349 2186 2431 2212 homo
2449 2191 2491 2213 eut
2506 2186 2543 2212 ri-

2574 485 2584 494 ·
2599 491 2628 506 L:
2643 486 2667 507 in
2681 491 2781 513 genere.

2571 1123 2584 1134 ⁸
2598 1122 2637 1144 Ee
2657 1129 2686 1145 ex
2707 1123 2788 1151 codd„

2573 1155 2624 1172 exc.
2635 1155 2658 1172 0-
2725 1159 2732 1163 “

2571 1340 2584 1352 “
2596 1346 2612 1362 Α
2626 1346 2675 1362 om.
2684 1341 2754 1363 mm.

2570 1498 2708 1534 ‘manta

2570 1659 2583 1672 ⁶
2594 1665 2670 1683 ιωιε
2684 1665 2788 1682 causan-

2571 1687 2612 1708 tur
2620 1686 2727 1714 planae.
2734 1698 2744 1703 -
2753 1692 2787 1708 ri:

2571 1712 2610 1735 Ex
2622 1719 2669 1741 qno
2681 1715 2759 1741 patet.

2570 1748 2583 1760 ⁴
2590 1747 2666 1771 Oodd.
2675 1754 2726 1770 exc.
2734 1755 2787 1771 ατ.-

2570 1781 2598 1797 P:
2612 1774 2700 1798 auem.

1469 2222 1551 2248 sibilis
1571 2227 1596 2247 et
1615 2227 1721 2255 propter
1734 2223 1796 2256 quid
1811 2228 1851 2248 est
1870 2223 1965 2248 animal
1984 2223 2116 2254 rationale,
2127 2227 2153 2248 et
2167 2223 2226 2248 talia
2238 2227 2350 2256 possunt
2363 2221 2460 2248 habere
2474 2222 2544 2249 idem
2588 2239 2591 2241 -

1469 2258 1594 2283 medium.
1612 2258 1670 2283 Alia
1680 2266 1743 2283 vero
1762 2263 1823 2283 sunt
1842 2258 1867 2283 in
1887 2258 1982 2292 quibus
2002 2263 2163 2292 quaeruntur
2180 2259 2270 2291 plures
2289 2258 2426 2291 passiones
2444 2258 2477 2283 de
2488 2265 2543 2284 uno

1469 2294 1593 2323 subiecto,
1613 2294 1654 2318 vel
1673 2301 1726 2318 una
1744 2294 1832 2326 passio
1851 2294 1883 2319 de
1900 2294 2017 2327 pluribus
2033 2294 2164 2323 subiectis.
2179 2299 2206 2319 et
2220 2294 2279 2319 talia
2293 2299 2405 2327 possunt
2423 2300 2544 2319 eommu-

1468 2330 1553 2354 nicare
1572 2329 1598 2354 in
1616 2337 1670 2354 uno
1689 2329 1783 2359 medio,
1803 2330 1874 2362 quod
1893 2335 1933 2354 est
1951 2337 2034 2354 unum
2053 2335 2097 2355 aut
2116 2330 2261 2355 secundum
2279 2337 2372 2363 genus,
2386 2334 2430 2354 aut
2448 2336 2543 2355 ”cun-

1469 2366 1530 2390 dum
1550 2366 1672 2398 speciem.
1693 2370 1736 2390 aut
1755 2366 1899 2390 secundum
1919 2366 2066 2398 analogum.
2078 2370 2121 2391 aut
2139 2373 2203 2391 vero
2222 2365 2369 2391 secundum
2387 2364 2543 2391 subordina-

1469 2401 1566 2426 tionem
1578 2411 1591 2423 »
1612 2401 1640 2426 ln
1659 2401 1679 2426 11
1700 2401 1812 2430 Foster„
1827 2408 1871 2433 qu.
1885 2408 1945 2430 xvn.
1960 2401 2030 2426 artic.
2043 2408 2071 2426 n.

1521 2435 1550 2471 λ)
1571 2436 1642 2461 Sunt
1659 2439 1749 2461 autem
1768 2436 1900 2469 quaedam
1921 2436 2009 2462 media
2030 2436 2132 2462 eadem.
2144 2436 2215 2462 -lta
2233 2437 2254 2461 B
2273 2441 2300 2462 et
2317 2443 2341 2462 s.
2355 2443 2392 2462 m.
2410 2435 2448 2467 D;
2466 2435 2545 2461 cenni

1468 2472 1545 2498 codd.
1557 2471 1679 2497 omittunt
1697 2471 1806 2502 eadem,-
1824 2471 1844 2496 P
1863 2479 1919 2497 om.
1937 2472 2038 2502 media,
2059 2472 2131 2505 quod
2149 2471 2304 2505 adoptamus
2325 2479 2355 2497 ex
2374 2471 2464 2501 codd..
2482 2470 2546 2506 qul·

1468 2507 1556 2536 verba.
1574 2510 1638 2532 sunt
1655 2511 1744 2533 autem
1764 2507 1905 2539 quaedam,
1922 2515 1952 2533 ex
1971 2513 2091 2533 contextu
2110 2507 2230 2533 videntur
2249 2507 2398 2533 immediate
2416 2506 2546 2540 pertinere

1469 2543 1552 2575 magis
1572 2544 1604 2568 ad
1623 2543 1724 2572 media,
1744 2551 1825 2576 quam
1845 2543 1877 2567 ad
1895 2543 2067 2576 problemata.
2092 2543 2246 2569 Retinemus
2271 2548 2359 2568 autem
2377 2550 2439 2568 cum
2457 2541 2502 2568 ΡΒ
2519 2547 2546 2568 et

1469 2587 1491 2603 s.
1506 2586 1542 2604 m.
1556 2579 1578 2603 D
1597 2578 1705 2604 eadem.-
1723 2586 1784 2603 nam
1802 2578 1914 2604 verbum
1933 2579 2031 2608 mediet,
2045 2579 2102 2604 sine
2117 2579 2210 2608 addito.
2226 2578 2381 2604 sententiam
2400 2577 2545 2612 incomple-

1469 2619 1522 2639 tam
1541 2614 1664 2646 relinquit
1682 2613 1726 2646 (ct.
1741 2618 1794 2638 not.
1809 2614 1906 2646 praec.)
1927 2628 1946 2633 -
1958 2614 2060 2640 Omnes
2075 2614 2151 2639 codd.
2165 2613 2277 2639 habent:
2296 2621 2364 2647 quae
2383 2616 2472 2639 tamen
2486 2612 2544 2646 qul-

1469 2649 1597 2678 busdanm
1615 2649 1662 2674 sed
1681 2655 1749 2683 post,
1765 2656 1816 2674 non
1836 2649 2000 2681 simpliciter,
2017 2649 2065 2676 sed
2077 2657 2182 2684 genere,
2201 2649 2304 2674 videtur
2323 2649 2471 2674 redundare
2485 2655 2544 2682 par-

1469 2685 1546 2709 ticula
1562 2688 1661 2710 tamen.
1674 2697 1693 2704 —
1706 2685 1784 2709 ABFI
1798 2690 1858 2718 post
1871 2688 2015 2710 sumuntur
2028 2693 2082 2711 om.
2098 2686 2152 2716 vel‚·
2165 2693 2213 2718 pro
2222 2685 2409 2714 subiectorum,
2424 2683 2471 2710 Pl:
2481 2683 2545 2711 sub-

1469 2720 1646 2750 stantiarum;
1666 2728 1713 2753 pro
1724 2720 1821 2753 fiendi.
1841 2719 1880 2745 G:
1899 2721 2037 2746 causandi.

1523 2754 1552 2790 μ.)
1571 2755 1687 2787 Propter
1699 2755 1765 2788 quid
1775 2755 1814 2796 fit
1831 2755 1903 2781 echo.
1915 2756 1963 2780 -Α
1977 2763 2031 2781 om.
2039 2756 2084 2789 fit,
2099 2757 2171 2789 quod
2185 2763 2272 2789 neque
2285 2755 2395 2781 habetur
2413 2755 2439 2780 in
2454 2759 2546 2781 nonu-n

1469 2791 1598 2816 versione.
1617 2790 1731 2816 Textus:
1750 2789 1791 2815 δια
1812 2788 1836 2816 τί
1854 2788 1921 2826 ἠχεῖ.
1937 2791 2116 2822 HIKMNQST
2131 2790 2168 2826 (et
2182 2790 2324 2826 unffi-“Gn
2334 2799 2340 2816 z
2351 2794 2467 2823 propter
2479 2790 2546 2825 quid

1463 2826 1500 2860 fit
1513 2826 1591 2855 echo;
1610 2826 1644 2851 P:
1663 2826 1699 2851 sit
1717 2826 1788 2851 echo.
1802 2839 1821 2846 ·-
1835 2826 1943 2857 DFGlQ
1959 2835 2012 2852 om.
2025 2827 2138 2857 scilian
2157 2828 2194 2853 H:
2213 2827 2313 2854 scilicet
2323 2827 2421 2861 forma
2440 2826 2468 2852 ln
2485 2833 2545 2860 :pe-

1469 2862 1545 2892 culm
1564 2861 1641 2887 LST:
1660 2861 1760 2888 scilicet
1778 2861 1843 2895 quid
1862 2862 1888 2888 in
1907 2863 2022 2895 vecula.
