2788 4204
73 408 84 418 '⁴
97 414 126 428 a:
142 413 189 430 sec.
199 407 289 429 scilicet

73 433 135 455 mod.

74 671 84 682 '¹
97 676 159 696 Αοαε
176 672 285 699 punctus.

72 724 83 735 ⁶
97 729 112 745 ο
125 729 174 745 om.
186 729 263 745 unum.

234 1789 284 1814 tun·

64 2048 77 2060 ⁸
85 2030 178 2072 OElect.
183 2055 222 2075 xv,
230 2052 280 2071 aot.

66 2075 90 2110 β.
103 2090 114 2096 -
121 2078 226 2102 subiet-u
231 2085 280 2102 om.

66 2109 136 2132 codd.
145 2126 151 2136 ,
171 2116 222 2132 exc.
237 2116 279 2137 εκς

18 2156 21 2161 .
66 2137 107 2160 aad
116 2140 178 2159 recte
185 2137 239 2159 edd.
246 2143 281 2159 cs.

65 2168 78 2180 ⁸
89 2173 183 2191 mr:
203 2167 282 2189 cnius-

104 2201 127 2243 15'
135 2200 231 2243 Hm·
241 2200 282 2216 ‘¹⁴‘

67 2265 112 2289 'Ca
130 2266 280 2288 .1v.-Comm.

65 2299 87 2320 Β,
138 2308 146 2316 .
166 2293 219 2315 leet.
239 2299 278 2319 vr,

0 2326 10 2338 ν
65 2321 133 2348 -eqq-

64 2430 76 2441 ⁸
82 2435 106 2452 a:
113 2435 191 2458 genus
200 2429 279 2452 subie-

64 2457 133 2480 etan.

1103 263 1212 300 CAP.
1243 264 1418 311 XXVIII,
1450 265 1599 301 LECT.
1630 265 1715 301 XLI

302 354 391 380 ma
420 339 576 389 quidem
606 338 802 385 sensibilis,
824 340 1036 377 secundum
1057 353 1172 389 quam
1202 340 1381 389 accipitur

314 393 505 433 secundus
533 392 674 429 modus
692 393 728 439 *;
754 392 825 429 alia
852 406 945 430 vero
975 394 1220 441 intelligibilis,
1242 395 1380 431 scilicet

312 449 396 498 ipsa
424 445 661 493 continuitas,
683 454 719 483 et
738 446 950 484 secundum
974 449 1073 484 hanc
1101 448 1281 496 accipitur
1308 456 1378 485 ter·

312 502 386 539 tius
415 500 566 537 modus.
587 500 637 536 Et
656 500 832 548 quamvis
859 500 920 537 hic
939 501 1067 538 tertius
1097 502 1235 538 modus
1265 514 1378 550 expo-

314 555 405 592 situs
443 553 488 590 sit
525 553 737 590 secundum
775 553 996 602 opinionem
1034 555 1220 601 Platonis,
1250 563 1378 593 tamen

315 608 429 645 etiam
449 607 662 644 secundum
678 607 900 656 opinionem
921 608 1130 646 Aristotelis
1155 617 1317 657 punctus
1338 622 1377 646 se

313 661 430 698 habet
454 672 500 697 ex
528 660 719 697 additione
746 661 794 698 ad
812 661 1013 699 unitatem.
1031 662 1134 698 Nam
1156 670 1342 711 punctum
1359 664 1378 684 ’¹‘

315 721 372 751 est
399 714 596 763 quoddam
614 726 736 751 unum
756 715 776 735 '¹‘
803 714 1027 752 indivisibile
1047 716 1085 752 in
1102 716 1292 762 continuo,
1314 717 1378 753 ab·

315 769 486 805 strahens
515 767 728 805 secundum
757 768 943 804 rationem
964 781 986 805 a
1010 769 1166 806 materia
1190 770 1377 816 sensibili;

314 833 436 858 unum
471 828 599 858 autern
633 821 812 858 abstrahit
841 829 876 858 et
904 834 926 858 a
954 822 1111 859 materia
1145 823 1309 860 sensibili
1344 831 1379 860 et

268 886 286 934 '.
315 875 363 911 ab
383 875 403 895 *
430 874 657 922 intelligibili.

369 928 405 964 6.
422 927 570 964 Deinde
587 940 675 964 cum
691 927 794 964 dicit:
821 928 905 964 Una
920 934 1045 965 autem
1059 929 1211 965 scientia
1227 935 1282 966 est
1294 937 1376 976 etc.‚

314 988 512 1029 comparat
539 980 712 1017 scientias
741 980 790 1017 ad
817 980 982 1017 invicem
1017 981 1229 1018 secundum
1257 983 1377 1019 unita-

314 1040 392 1070 tem
414 1041 450 1070 et
469 1033 737 1070 diversitatem.
758 1034 808 1069 Et
827 1033 924 1070 circa
942 1035 1017 1070 hoc
1033 1033 1110 1070 duo
1130 1035 1231 1071 facit:
1251 1035 1376 1083 primo

315 1086 417 1122 enim
456 1087 618 1123 ostendit
649 1086 846 1123 unitatem·
868 1094 903 1122 et
937 1086 1192 1123 diversitatem
1229 1100 1310 1124 esse
1328 1088 1378 1129 ,in

279 1167 286 1174 .
314 1138 476 1175 scientiis
506 1147 541 1175 et
561 1140 581 1160 ’¹‘
610 1139 821 1175 secundum
846 1139 1058 1175 subiectum
1088 1146 1125 1175 et
1141 1139 1360 1188 principia*
1368 1153 1377 1185 ;

259 1204 287 1220 ··
313 1191 496 1237 secundo,
520 1191 763 1240 prosequitur
783 1198 819 1227 et
838 1191 884 1227 de
906 1191 1086 1227 subiectis
1107 1198 1144 1227 et
1162 1191 1209 1228 de
1228 1193 1250 1212 '⁸
1275 1193 1376 1240 prin-

313 1243 437 1292 cipiis;
463 1243 531 1280 ibi:
559 1245 652 1280 Eius
680 1250 805 1280 autem
833 1244 936 1291 quod
960 1249 1013 1279 est
1039 1255 1064 1280 α
1078 1245 1246 1291 fortuna
1260 1245 1281 1265 *³
1307 1253 1374 1282 etc.

313 1296 424 1333 Circa
457 1296 626 1345 primum
662 1296 739 1333 duo
767 1296 873 1333 facit:
908 1295 1056 1344 prime,
1091 1297 1255 1333 ostendit
1286 1298 1377 1346 quid

311 1349 423 1388 faciat
449 1349 724 1393 Vada-unitatem
758 1349 821 1386 vel
843 1349 864 1369 *
892 1348 1146 1386 diversitatem
1181 1349 1375 1397 scientiae;

287 1396 498 1449 secundo,
529 1402 692 1439 ostendit
719 1401 916 1450 quoddam
951 1402 1207 1439 necessarium
1237 1403 1285 1440 ad
1315 1417 1377 1441 co-

277 1487 284 1498 ,
311 1455 575 1503 gnoscendum
604 1454 696 1503 quid
724 1454 835 1491 faciat
862 1454 910 1491 ad
932 1455 951 1476 *
979 1455 1229 1503 pluralitatem
1258 1457 1377 1494 scien-

310 1508 468 1554 tiarum3
497 1507 567 1544 ibi:
594 1507 727 1544 Plures
755 1510 880 1544 au'tem
908 1508 1240 1546 demonstrationes
1257 1510 1277 1530 ²⁸
1307 1518 1375 1548 etc.

308 1560 423 1598 Circa
454 1561 623 1610 primum
657 1560 734 1597 duo
774 1560 880 1597 facit:
913 1561 1060 1610 prim0,
1095 1562 1258 1599 ostendit
1285 1564 1377 1612 quid

310 1613 422 1651 faciat
439 1619 454 1638 '¹
480 1613 664 1651 unitatem
697 1613 892 1659 scientiae;
921 1614 1111 1661 secundo,
1147 1615 1238 1664 quid
1268 1617 1378 1654 faciat

311 1666 554 1704 scientiarum
575 1666 852 1712 diversitatem;
877 1667 948 1704 ibi:
964 1667 1095 1704 Altera
1115 1673 1240 1705 autem
1258 1670 1375 1707 scien-

311 1720 362 1757 tia
381 1720 403 1741 ⁴²
431 1728 499 1757 etc.
531 1720 642 1757 Circa
668 1719 838 1768 primum
868 1720 944 1757 duo
978 1721 1087 1757 facit:
1116 1721 1242 1770 primo
1272 1722 1374 1760 enim

309 1773 418 1822 ponit
431 1773 452 1794 ’⁸
471 1773 576 1822 quod
603 1772 728 1810 unitas
753 1772 929 1809 scientiae
950 1774 1209 1811 consideratur
1229 1786 1273 1811 ex
1292 1776 1374 1812 uni-

309 1833 384 1863 tate
418 1825 565 1874 generis
594 1826 768 1871 subiecti;
798 1826 980 1873 secundo,
1002 1827 1165 1864 ostendit
1193 1829 1302 1875 quale
1332 1829 1377 1866 sit

309 1890 442 1927 genus,
458 1878 564 1928 quod
581 1886 707 1928 potest
720 1880 740 1900 *
760 1891 841 1915 esse
862 1879 1074 1916 subiectum
1091 1880 1283 1926 scientiae;
1305 1881 1373 1919 ibi:

314 1930 568 1980 Quaecunque
595 1945 645 1969 ex
667 1933 802 1981 primis
822 1933 842 1953 ⁴*
872 1939 940 1969 etc.

363 1997 400 2034 7.
430 1985 530 2022 Dicit
555 1998 644 2034 ergo
670 1985 795 2035 primo
825 1985 930 2034 quod
958 1985 1111 2023 scientia
1133 1986 1267 2024 dicitur
1284 2000 1373 2034 una,

309 2050 355 2075 ex
382 2038 459 2075 hoc
486 2039 592 2086 quod
621 2047 676 2076 est
702 2039 816 2076 unius
844 2039 991 2086 generis
1020 2039 1176 2076 subiecti
1193 2041 1223 2076 *.
1255 2041 1373 2078 Cuius

309 2091 404 2128 ratio
434 2099 504 2138 est,
534 2092 624 2142 quia
650 2105 853 2142 processus
882 2092 1058 2129 scientiae
1088 2092 1285 2131 cuiuslibet
1319 2102 1375 2132 est

309 2145 417 2194 quasi
445 2146 602 2193 quidam
623 2154 751 2183 motus
771 2145 936 2183 rationis.
967 2145 1177 2183 Cuiuslibet
1198 2147 1218 2168 *
1245 2154 1374 2185 autem

307 2205 436 2235 motus
463 2199 587 2237 unitas
617 2212 662 2236 ex
686 2199 848 2237 termino
877 2199 1130 2248 principaliter
1160 2200 1374 2238 considera-

307 2258 378 2298 tur,
398 2259 441 2289 ut
458 2260 561 2300 patet
588 2253 627 2289 in
645 2253 680 2289 V
698 2253 947 2301 physicorum
968 2254 1000 2299 *,
1023 2259 1058 2289 et
1085 2252 1172 2289 ideo
1194 2261 1343 2302 oportet
1361 2252 1375 2275 ⁰

307 2305 412 2353 quod
431 2306 555 2343 unitas
574 2306 751 2344 scientiae
780 2306 1039 2345 consideretur
1059 2318 1104 2343 ex
1132 2307 1209 2343 fine
1229 2306 1308 2343 sive
1329 2319 1374 2344 ex

307 2357 470 2395 termino
491 2359 679 2397 scientiae.
714 2361 783 2398 Est
811 2368 938 2398 autem
968 2360 1165 2397 cuiuslibet
1197 2360 1372 2397 scientiae

306 2411 393 2448 finis
427 2412 507 2450 sive
539 2414 735 2460 terminus,
756 2427 875 2462 genus
889 2414 909 2435 ³¹²
929 2413 1026 2450 circa
1045 2413 1150 2461 quod
1176 2420 1231 2450 est
1253 2413 1372 2451 scien-

305 2463 372 2503 tia:
393 2465 482 2513 quia
500 2466 539 2503 in
559 2467 799 2516 speculativis
828 2467 990 2504 scientiis
1018 2467 1108 2503 nihil
1137 2466 1238 2503 aliud
1258 2479 1367 2515 quae·

307 2634 320 2649 ι
337 2632 416 2658 quam
426 2625 562 2657 qualitates
579 2623 725 2648 sensibiles.
739 2623 814 2648 Unde
826 2622 981 2655 quantitates
995 2621 1035 2656 (ut
1046 2622 1147 2647 numeri
1161 2627 1187 2647 et
1197 2622 1372 2647 dimensiones

307 2669 322 2684 ι,
335 2665 362 2686 et
379 2659 484 2692 figurae,
499 2667 567 2692 quae
587 2663 648 2683 sunt
666 2659 859 2684 terminationes
879 2657 1066 2693 quantitatum)
1087 2663 1199 2691 possunt
1217 2658 1372 2682 considerari

308 2704 322 2719 s
336 2696 437 2728 absque
456 2694 621 2728 qualitatibus
640 2694 814 2724 sensibilibus,
830 2695 901 2727 quod
921 2699 961 2719 est
979 2702 1022 2719 eas
1035 2693 1147 2718 absa-ahi
1160 2702 1175 2718 a
1187 2693 1293 2718 materia
1312 2701 1372 2718 sen-

272 2736 275 2737 ’
309 2740 322 2755 2
337 2731 418 2756 sibili:
437 2739 490 2755 non
509 2735 597 2754 tamen
610 2735 723 2762 possunt
737 2730 893 2755 considerari
908 2731 963 2754 sine
976 2730 1106 2754 intellectu
1120 2729 1277 2753 substantiae
1292 2737 1373 2761 quan-

309 2775 323 2790 »
338 2767 401 2792 titati
421 2766 564 2796 subiectae,
584 2765 655 2798 quod
675 2771 745 2790 esset
764 2773 808 2790 eas
831 2765 943 2790 abstrahi
963 2773 977 2789 a
996 2765 1102 2789 materia
1126 2764 1278 2796 intelligibili
1302 2772 1373 2788 com-

309 2811 322 2824 »
337 2802 420 2826 muni.
438 2801 554 2826 Possunt
571 2805 659 2825 tamen
685 2801 840 2825 considerari
859 2801 915 2825 sine
938 2800 985 2825 bac
1004 2801 1045 2825 vel
1065 2800 1108 2824 illa
1126 2799 1283 2829 substantia,
1303 2799 1374 2832 quod

309 2845 323 2861 ι
339 2841 379 2862 est
397 2844 440 2862 eas
460 2836 572 2863 abstrahi
587 2843 602 2860 a
614 2836 721 2861 materia
739 2836 892 2868 intelligibili
911 2835 1066 2860 individuali.
1083 2835 1217 2866 Quaedam
1231 2842 1294 2859 vero
1314 2839 1375 2859 sunt

309 2881 323 2896 »
337 2879 405 2905 quae
423 2876 535 2905 possunt
553 2871 666 2896 abstrahi
684 2871 761 2896 etiam
775 2879 789 2896 a
802 2872 908 2896 materia
922 2871 1073 2903 intelligibili
1088 2870 1227 2900 communi,
1242 2870 1308 2894 sicut
1320 2877 1374 2898 ens,

309 2915 323 2931 ι
338 2915 427 2936 unum,
438 2906 560 2939 potentia
579 2911 605 2931 et
623 2910 707 2936 actus,
721 2912 746 2932 et
764 2907 812 2931 alia
829 2906 992 2936 huiusmodi;
1012 2914 1080 2938 quae
1099 2906 1175 2931 etiam
1190 2913 1249 2930 esse
1263 2910 1375 2938 possunt

309 2952 322 2966 ι
338 2942 439 2975 absque
456 2942 528 2967 omni
547 2941 661 2972 materia,
675 2947 705 2967 ut
723 2947 793 2974 patet
811 2942 837 2966 in
855 2941 1005 2966 substantiis
1025 2941 1244 2966 immaterialibus.
1263 2941 1296 2965 Et
1314 2941 1375 2973 quia

309 2987 322 3001 ›
335 2978 409 3002 Plato
422 2985 476 3002 non
488 2976 660 3002 consideravit
678 2978 749 3010 quod
766 2977 862 3002 dictum
881 2981 922 3001 est
940 2978 972 3001 de
987 2977 1082 3009 duplici
1095 2977 1174 3001 modo
1187 2976 1373 3007 abstractionis,

309 3023 322 3036 ›
337 3012 424 3037 omnia
444 3020 510 3045 quae
529 3011 641 3036 diximus
660 3012 771 3037 abstrahi
794 3020 842 3045 per
864 3012 1038 3043 intellectum,
1058 3012 1146 3045 posuit
1169 3011 1296 3036 abstracta
1315 3018 1374 3036 esse

310 3058 322 3071 ›
337 3048 481 3072 secundum
500 3054 565 3071 rem.
578 3057 590 3069 ι»

360 3083 434 3107 Hanc
462 3090 483 3106 s.
501 3081 619 3106 ’rhomae
642 3082 784 3107 doctrinam
811 3082 908 3112 refero,
938 3090 990 3106 non
1014 3082 1102 3106 solum
1126 3081 1186 3114 quia
1210 3082 1321 3106 declarat
1344 3088 1374 3105 ea

307 3126 374 3151 quae
392 3117 442 3142 hoc
460 3118 518 3142 loco
537 3117 657 3141 dicuntur
675 3118 707 3142 de
726 3117 831 3142 materia
854 3117 969 3142 sensibili
994 3122 1020 3142 et
1042 3117 1206 3149 intelligibili,
1227 3117 1274 3141 sed
1297 3117 1374 3141 etiam

308 3154 368 3187 quia
392 3153 538 3186 postillator
562 3160 709 3187 anonymus
734 3153 790 3177 cod.
810 3153 832 3177 B
853 3152 919 3177 hanc
938 3157 1025 3177 notam
1051 3152 1190 3177 subnectit:
1214 3161 1228 3175 -x
1243 3152 1271 3176 ln
1290 3152 1374 3184 prima

309 3199 322 3212 ι
337 3193 410 3222 parte
429 3189 560 3218 Summae,
573 3188 726 3221 quaestione
738 3187 781 3212 illa
794 3195 846 3220 qua
864 3188 996 3220 quaeritur
1013 3192 1102 3212 utrum
1121 3187 1265 3211 intellectus
1285 3191 1374 3211 noster

308 3232 323 3248 »
338 3223 463 3256 intelligat
476 3231 518 3248 res
531 3230 668 3256 corporeas
682 3230 730 3256 per
748 3222 946 3247 abstractionem
961 3230 975 3247 a
987 3222 1216 3254 phantasmatibus,
1232 3226 1306 3246 necat
1317 3221 1374 3253 ipse

308 3268 322 3284 x>
336 3260 374 3291 (s.
392 3258 523 3291 Thomas)
542 3259 676 3283 materiam
695 3258 882 3290 intelligibilem
901 3262 927 3282 et
945 3257 1115 3282 substantiam
1135 3257 1306 3289 compositam
1325 3264 1372 3289 po-

309 3304 322 3319 »
338 3295 486 3325 tentialern‚
506 3301 521 3318 a
539 3301 592 3326 qua
615 3294 671 3319 fluit
695 3294 824 3326 quantitas
849 3298 875 3317 et
894 3293 994 3326 species
1013 3293 1078 3317 eius.
1103 3292 1190 3322 Quare
1212 3292 1371 3316 considera»

308 3330 364 3363 (fol.
376 3329 407 3354 23
421 3329 519 3362 verso).
531 3329 640 3354 Videtur
654 3336 717 3361 ergo
729 3328 884 3361 postillatori
906 3335 964 3353 esse
978 3327 1170 3361 oppositionem
1183 3327 1249 3351 inter
1262 3334 1291 3351 ea
1305 3334 1373 3359 quae

307 3365 348 3390 hic
367 3373 382 3390 a
400 3373 422 3390 ε.
437 3365 540 3389 Thoma
559 3364 678 3389 dicuntur
696 3364 728 3388 de
746 3363 852 3388 materia
866 3363 1030 3396 intelligibili,
1051 3368 1077 3387 et
1095 3370 1125 3387 ea
1143 3369 1210 3395 quae
1230 3362 1262 3386 de
1280 3362 1372 3386 eadem

307 3401 412 3426 materia
431 3400 500 3424 idem
519 3407 540 3424 s.
555 3399 652 3425 Ductor
670 3399 746 3424 docet
763 3400 813 3424 loc.
823 3398 864 3423 cit.
878 3398 1012 3423 Summae.
1027 3399 1061 3422 At
1079 3397 1141 3422 haec
1155 3396 1286 3429 oppositio
1300 3397 1372 3421 nulla

307 3442 354 3466 est,
370 3442 398 3461 ut
416 3436 497 3460 lector
516 3443 546 3460 ex
565 3434 757 3468 comparatione
775 3442 822 3467 per
840 3434 957 3466 seipsum
976 3433 1048 3458 facile
1067 3432 1198 3464 intelligit:
1219 3432 1284 3456 sicut
1302 3432 1371 3456 enim

306 3471 355 3497 hoc
375 3472 433 3496 loco
452 3470 585 3495 materiam
601 3469 788 3502 intelligibilem
807 3469 901 3502 posuit,
917 3469 950 3494 ita
964 3473 990 3493 et
1007 3468 1033 3492 in
1048 3467 1160 3492 Summa
1179 3467 1297 3491 eamdem
1316 3475 1371 3491 ma-

307 3507 397 3532 teriam
416 3505 526 3531 affirmat
543 3511 620 3538 atque
635 3510 751 3530 naturam
771 3504 826 3529 elus
842 3505 960 3529 declarat.
978 3503 1053 3528 Unde
1072 3502 1195 3527 mirabilis
1210 3501 1312 3526 videtur
1323 3510 1371 3534 po—

308 3542 438 3567 stillatoris
452 3541 626 3566 hallucinatio.
640 3540 762 3566 Lectione
781 3540 842 3564 item
855 3547 880 3564 1x
893 3538 1024 3572 sequentis
1039 3538 1095 3562 libri
1109 3537 1297 3567 Posterior-um,
1308 3545 1334 3562 n.
1347 3536 1369 3567 5,

308 3585 329 3603 s.
343 3578 460 3602 Thomas
480 3577 599 3601 eamdem
619 3575 772 3601 sententiam
792 3574 918 3604 enunciat,
934 3579 959 3599 et
977 3573 1038 3598 nihil
1057 3573 1202 3606 postillator
1220 3577 1298 3597 notat.

361 3612 388 3645 η)
405 3612 477 3643 Quid
484 3612 574 3646 saciat
586 3612 714 3637 unitatem
729 3615 777 3636 etc.
786 3611 850 3635 —Ita
863 3615 923 3634 cum
940 3609 1014 3634 codd.
1026 3608 1136 3641 legimus
1151 3607 1192 3633 hic
1206 3612 1232 3632 et
1245 3607 1318 3638 infra,
1330 3615 1370 3632 se-

449 3666 518 3698 Opp.
538 3665 569 3689 D.
584 3664 698 3688 ‘ramme
718 3663 749 3687 Τ.
769 3663 786 3687 1.

2421 267 2494 303 305

1436 344 1527 381 ritur
1555 356 1671 393 quarn
1701 344 1863 392 cognitio
1893 344 2039 393 generis
2068 344 2242 390 subiecti;
2267 345 2306 381 in
2324 346 2496 394 practicis

1435 406 1563 434 autem
1593 397 1754 435 scientiis
1774 397 1976 435 intenditur
1995 397 2102 446 quasi
2122 397 2207 434 finis
2231 404 2239 418 ‘
2268 399 2495 436 constructio

1435 450 1551 498 ipsius
1571 450 1739 488 subiecti.
1762 451 1867 487 Sicut
1886 450 1924 487 in
1940 450 2148 498 geometria
2166 450 2369 488 intenditur
2389 452 2495 500 quasi

1435 504 1521 540 finis
1556 503 1718 551 cognitio
1753 503 2038 551 magnitudinis,
2073 516 2170 552 quae
2200 511 2255 540 est
2283 504 2494 541 subiectum

1434 556 1680 604 geometriae;
1710 556 1748 592 in
1777 556 1930 593 scientia
1958 564 2086 593 autem
2113 556 2350 593 aedificativa
2377 557 2495 594 inten-

1434 609 1532 646 ditur
1547 609 1654 658 quasi
1672 609 1759 645 finis
1779 609 2005 646 constructio
2023 610 2042 630 *
2065 609 2215 655 domus,
2236 622 2333 658 quae
2355 618 2409 647 est
2426 612 2494 647 hu-

1433 662 1600 699 iusmodi
1628 662 1715 698 artis
1743 662 1968 700 subiectum.
2003 662 2112 699 Unde
2142 662 2362 710 relinquitur
2390 664 2494 712 quod

1434 715 1631 751 cuiuslibet
1646 715 1821 751 scientiae
1836 715 1959 752 unitas
1978 715 2190 752 secundum
2204 716 2387 752 unitatem
2407 717 2494 753 sub-

1433 767 1517 804 iecti
1538 775 1593 804 est
1618 767 1856 804 attendenda.
1889 768 1966 805 Sed
1987 768 2082 804 sicut
2099 768 2211 804 unius
2231 769 2377 815 generis
2406 770 2493 806 sub-

1433 820 1517 857 iecti
1539 820 1663 857 unitas
1689 828 1744 857 est
1764 821 2006 857 communior
2031 833 2147 869 quam
2167 821 2328 868 alterius,
2348 829 2390 858 ut
2403 830 2494 871 puta

1434 873 1528 910 entis
1554 873 1634 910 sive
1655 873 1883 910 substantiae
1899 874 1919 894 *²
1938 885 2054 921 quam
2075 874 2243 922 corporis
2262 875 2424 922 mobilis,
2445 876 2494 913 ita

1434 926 1546 962 etiam
1566 927 1586 947 ³¹⁴
1613 938 1690 962 una
1723 925 1878 962 scientia
1911 926 2153 962 communior
2181 934 2236 963 est
2259 939 2375 975 quam
2409 929 2491 966 alia.

1434 978 1538 1015 Sicut
1566 978 1836 1026 metaphysica,
1858 990 1955 1026 quae
1986 986 2040 1015 est
2064 979 2109 1015 de
2136 987 2219 1015 ente
2239 980 2318 1016 sive
2339 981 2385 1017 de
2406 982 2493 1018 sub-

1433 1031 1578 1077 stantia,
1600 1030 1843 1067 communior
1862 1038 1917 1066 est
1937 1043 2052 1078 quam
2071 1032 2238 1079 physica,
2255 1045 2352 1081 quae
2373 1042 2427 1071 est
2446 1035 2493 1072 de

1433 1095 1593 1131 corpore
1622 1083 1765 1119 mobili.

1487 1137 1522 1172 8.
1539 1135 1687 1172 Deinde
1705 1147 1793 1172 cum
1809 1135 1912 1171 dicit:
1939 1136 2189 1184 Quaecunque
2203 1149 2252 1173 ex
2260 1139 2395 1185 primis
2410 1146 2492 1186 etc.‚

1432 1188 1596 1225 ostendit
1614 1188 1738 1236 qualia
1758 1196 1844 1224 sunt
1862 1188 1923 1224 illa
1942 1201 2091 1236 genera,
2113 1190 2159 1226 de
2180 1191 2316 1238 quibus
2335 1201 2494 1240 possunt

1435 1253 1516 1277 esse
1537 1241 1732 1288 scientiae,
1760 1248 1796 1277 et
1814 1241 1922 1288 ponit
1950 1241 2044 1278 duas
2073 1242 2308 1280 conditiones
2329 1245 2358 1281 ³¹⁴.
2390 1246 2492 1291 Qua-

1432 1305 1519 1330 rum
1547 1306 1665 1330 unam
1693 1294 1800 1342 ponit
1829 1293 1974 1330 dicens:
2009 1295 2260 1343 Quaecunque
2287 1309 2336 1333 ex
2357 1299 2495 1345 primis

1432 1352 1725 1395 componuntur.-
1743 1346 1814 1383 ista
1841 1347 1980 1384 scilicet
2004 1355 2091 1384 sunt
2110 1360 2274 1396 quorum
2293 1350 2404 1387 unius
2432 1363 2493 1398 ge-

1431 1400 1531 1437 neris
1559 1413 1635 1437 una
1663 1399 1817 1436 scientia
1838 1408 1902 1437 est.
1930 1400 1991 1437 Ad
2011 1400 2118 1438 cuius
2147 1401 2375 1439 evidentiam
2405 1416 2493 1440 con-

1432 1453 1678 1490 siderandum
1712 1459 1767 1489 est
1795 1453 1919 1501 quod,
1955 1453 2050 1490 sicut
2083 1453 2159 1491 iam
2194 1454 2335 1492 dictum
2374 1463 2429 1492 est
2455 1457 2492 1503 ²¹³,

1431 1519 1654 1555 progressus
1691 1506 1867 1543 scientiae
1903 1506 2070 1543 consistit
2105 1507 2144 1544 in
2178 1508 2347 1556 quodam
2385 1517 2493 1546 motu

1432 1560 1585 1597 rationis
1615 1559 1854 1596 discurrentis
1880 1560 1927 1596 ab
1955 1572 2034 1596 uno
2062 1560 2101 1596 in
2130 1560 2246 1597 aliud:
2277 1561 2401 1598 omnis
2429 1575 2494 1599 au-

1432 1620 1509 1649 tem
1547 1620 1675 1649 motus
1703 1625 1726 1649 a
1752 1612 1938 1660 principio
1974 1613 2143 1661 quodam
2177 1614 2349 1662 procedit
2382 1622 2417 1651 et
2445 1616 2493 1653 ad

1431 1666 1571 1715 aliquid
1608 1665 1848 1711 terminatur;
1882 1666 1983 1703 unde
2018 1673 2167 1714 oportet
2204 1667 2308 1715 quod
2339 1668 2378 1704 in
2404 1681 2492 1717 pro-

1431 1731 1561 1767 gressu
1581 1719 1756 1756 scientiae
1786 1719 1878 1755 ratio
1907 1719 2089 1767 procedat
2117 1732 2161 1756 ex
2188 1720 2373 1768 aliquibus
2392 1722 2492 1769 prin-

1431 1773 1535 1821 cipiis
1553 1772 1697 1821 primis.
1719 1772 1758 1808 Si
1778 1784 1853 1820 qua
1873 1784 1961 1819 ergo
1982 1785 2041 1809 res
2061 1780 2126 1819 est,
2148 1785 2244 1822 quae
2259 1786 2338 1811 non
2354 1775 2493 1812 habeat

1430 1825 1613 1874 principia
1631 1826 1770 1874 priora,
1793 1837 1837 1861 ex
1857 1825 1994 1872 quibus
2018 1825 2111 1862 ratio
2131 1827 2338 1874 procedere
2357 1828 2488 1876 possit,

1430 1879 1570 1915 horum
1590 1891 1668 1915 non
1687 1886 1812 1927 potest
1831 1890 1912 1914 esse
1937 1879 2091 1915 scientia
2104 1879 2134 1926 *,
2155 1880 2366 1917 secundum
2386 1881 2490 1929 quod

1431 1932 1585 1968 scientia
1613 1931 1674 1969 hic
1707 1931 1902 1979 accipitur,
1931 1940 2045 1980 prout
2074 1939 2128 1968 est
2161 1932 2490 1971 demonstrationis

1432 1985 1588 2022 effectus
1618 1986 1648 2021 *.
1678 1984 1788 2021 Unde
1813 1984 1989 2021 scientiae
2018 1986 2270 2033 speculativae
2298 1999 2377 2023 non
2405 1996 2491 2024 sunt

1431 2038 1478 2075 de
1512 2038 1602 2087 ipsis
1638 2037 1805 2074 essentiis
1840 2037 2134 2074 substantiarum
2168 2047 2426 2087 separatarum
2456 2041 2488 2077 ²¹⁸.

1431 2092 1523 2128 Non
1544 2090 1645 2128 enim
1663 2103 1732 2139 per
1751 2090 1924 2127 scientias
1953 2091 2267 2129 demonstrativas
2285 2104 2490 2141 possumus

1431 2144 1525 2181 scire
1545 2145 1646 2193 quod
1664 2144 1754 2192 quid
1770 2149 1824 2180 est
1848 2144 1887 2180 in
1908 2145 1927 2165 '¹‘
1957 2144 2029 2190 eis;
2060 2144 2148 2193 quia
2175 2145 2278 2194 ipsae
2308 2145 2488 2183 essentiae

1429 2198 1566 2234 harum
1581 2196 1874 2234 substantiarum
1889 2197 2250 2245 sunt*inte11igibi1es
2264 2211 2333 2247 per
2347 2199 2488 2248 seipsas

1430 2251 1477 2288 ab
1507 2251 1695 2287 intellectu
1724 2250 1773 2287 ad
1804 2251 1878 2287 hoc
1909 2251 2215 2299 proportionato;
2249 2264 2327 2288 non
2361 2260 2488 2289 autem

1429 2312 1677 2352 congregatur
1696 2316 1827 2340 earum
1855 2303 1997 2350 notitia,
2027 2316 2102 2352 qua
2126 2304 2364 2352 cognoscitur
2391 2306 2492 2353 quod

1428 2358 1518 2406 quid
1535 2363 1588 2394 est
1609 2357 1788 2405 ipsarum,
1800 2369 1869 2405 per
1892 2357 2015 2405 aliqua
2029 2357 2166 2405 priora.
2193 2358 2270 2394 Sed
2283 2371 2352 2406 per
2371 2358 2488 2395 scien-

1427 2411 1496 2447 tias
1529 2410 1778 2459 speculativas
1805 2417 1930 2459 potest
1957 2410 2040 2447 sciri
2070 2410 2118 2447 de
2146 2410 2199 2447 eis
2227 2423 2276 2447 an
2303 2411 2375 2447 sint
2392 2417 2426 2458 ³²,
2454 2419 2490 2448 et

1429 2464 1519 2513 quid
1539 2476 1617 2500 non
1632 2472 1719 2500 sunt
1727 2464 1758 2510 ²¹³,
1771 2470 1808 2500 et
1822 2463 1963 2512 aliquid
1979 2463 2191 2501 secundum
2206 2464 2488 2501 similitudinem

1427 2622 1512 2654 posita
1535 2622 1626 2652 Plana,
1646 2622 1709 2654 quid
1726 2622 1818 2655 saciat
1835 2622 1873 2646 ad
1893 2622 2020 2646 unitatem
2039 2621 2201 2646 scientiae...
2204 2621 2295 2655 faciat
2314 2622 2351 2646 ad
2368 2622 2490 2647 scientia-

1427 2665 1495 2682 rum.
1505 2672 1524 2677 -
1533 2658 1557 2682 H
1572 2657 1655 2690 prima
1668 2657 1724 2682 vice
1739 2662 1788 2681 stat
1802 2665 1862 2682 cum
1875 2657 1930 2681 aliis
1945 2657 2034 2687 codd.;
2054 2657 2167 2681 secunda
2180 2662 2279 2681 autem:
2292 2657 2413 2687 secundo,
2425 2658 2490 2689 quid

1423 2693 1608 2724 pluralitatem
1614 2701 1622 2722 ‚¹
1637 2692 1673 2717 ibi
1691 2697 1738 2717 etc.

1481 2726 1505 2760 θ)
1526 2728 1562 2752 Et
1580 2728 1639 2752 ideo
1658 2731 1763 2759 oportet
1777 2732 1824 2752 etc.
1834 2742 1853 2746 -
1862 2727 1944 2752 Codd.
1959 2727 2098 2752 CEKLMT
2112 2733 2136 2752 et
2149 2735 2173 2759 p.
2188 2735 2223 2752 m.
2238 2728 2279 2752 NS
2292 2735 2349 2760 Vnon
2362 2732 2444 2752 recte:
2463 2731 2489 2752 et

1428 2763 1487 2788 ideo
1506 2766 1578 2788 tenet
1583 2770 1593 2792 5
1612 2763 1633 2787 D
1648 2771 1673 2795 p.
1685 2771 1719 2787 m.
1734 2763 1828 2787 omittit
1842 2766 1868 2788 et
1882 2763 1941 2787 ideo
1954 2770 2040 2795 usque
2053 2763 2085 2787 ad
2098 2763 2280 2787 consideretur
2298 2763 2435 2794 inclusive3
2451 2763 2488 2792 Q:

1428 2801 1455 2823 et
1473 2798 1532 2823 ideo
1551 2799 1640 2823 unitas
1658 2798 1784 2823 scientiae
1802 2798 1996 2823 consideratur.

1482 2833 1501 2865 ι)
1522 2834 1675 2859 Intenditur
1699 2834 1775 2866 quasi
1792 2834 1859 2867 finis
1884 2838 1931 2858 etc.
1946 2848 1964 2852 -
1983 2834 2006 2857 H
2026 2833 2151 2857 mendose
2169 2841 2222 2857 om.
2242 2833 2390 2858 intenditur
2413 2833 2491 2865 quasi

1422 2869 1620 2901 finis.—ABH:
1639 2869 1755 2902 cognitio
1775 2869 1871 2901 ipsius;
1891 2869 1916 2899 Q
1934 2874 1958 2893 et
1971 2877 1991 2892 s.
2006 2876 2041 2892 m.
2051 2869 2087 2892 D:
2106 2868 2253 2897 conclusio,·
2272 2869 2293 2892 E
2306 2873 2331 2892 et
2344 2876 2370 2900 p.
2385 2876 2420 2892 m.
2434 2868 2488 2892 DS:

1428 2904 1561 2938 conflictio
1580 2904 1660 2937 (forte
1679 2909 1799 2936 corrupte
1818 2912 1864 2936 pro
1882 2904 2023 2938 consec-tim·
2042 2903 2107 2928 sicut
2118 2903 2142 2927 T
2156 2908 2274 2935 corrupte
2287 2903 2359 2935 ponit
2376 2903 2488 2928 constri-

1428 2940 1480 2965 ctio
1495 2947 1542 2972 pro
1556 2938 1744 2973 constructio);
1759 2945 1784 2964 at
1796 2939 1822 2963 in
1834 2940 1852 2964 S
1866 2947 1930 2964 s.m.
1945 2945 1970 2963 et
1984 2939 2006 2963 D
2021 2943 2119 2963 tert.rn.
2132 2939 2265 2970 corrigitur
2279 2939 2305 2963 in
2318 2938 2487 2967 constructio,

1429 2983 1496 3007 quae
1510 2981 1549 2999 est
1561 2983 1622 2999 vera
1637 2975 1725 3005 lectio,
1744 2979 1773 2999 ut
1787 2979 1856 3007 patet
1870 2982 1900 2999 ex
1914 2974 1954 2999 his
1969 2982 2035 3006 quae
2045 2973 2190 2998 immediate
2203 2973 2321 2998 dicuntur
2333 2973 2365 2997 de
2378 2973 2488 2998 scientia

1427 3010 1605 3042 aedificativa.
1617 3010 1674 3040 Qua
1687 3010 1719 3034 de
1734 3017 1809 3034 causa
1824 3017 1947 3034 erroneae
1961 3014 2021 3034 sunt
2035 3009 2164 3039 lectiones,
2177 3009 2294 3041 cognitio
2308 3013 2332 3033 et
2346 3008 2486 3033 conclusio.

1429 3045 1539 3070 Scientia
1553 3046 1622 3070 enim
1637 3045 1795 3078 speculativa
1806 3046 1863 3069 solo
1873 3044 1923 3069 fine
1936 3044 2019 3069 differt
2029 3052 2043 3069 a
2053 3044 2156 3070 scientia
2168 3044 2277 3076 practica
2287 3043 2336 3076 (Cf.
2344 3044 2486 3073 lect.xxxv1,

1429 3085 1482 3105 not.
1497 3081 1537 3113 o),
1557 3086 1684 3113 quatenus
1699 3080 1794 3105 scilicet
1811 3079 1870 3104 finis
1889 3080 2009 3104 scientiae
2028 3079 2198 3112 speculativae
2211 3083 2251 3103 est
2264 3078 2374 3110 cognitio
2387 3078 2487 3109 obiecti,

1427 3115 1486 3140 finis
1505 3120 1592 3140 autem
1611 3115 1732 3140 scientiae
1751 3115 1876 3147 practicae
1895 3120 1934 3139 est
1954 3122 2028 3147 opus.

1481 3151 1506 3183 κ)
1527 3151 1617 3175 Potest
1634 3151 1698 3175 sciri
1712 3150 1745 3175 de
1762 3150 1799 3175 eis
1817 3158 1851 3175 an
1871 3150 1926 3174 sint
1944 3150 2162 3181 ete-Perspicua
2177 3149 2239 3173 haec
2258 3156 2280 3173 s.
2293 3148 2410 3173 Thomae
2427 3156 2487 3173 sen-

1428 3186 1505 3210 tentia
1524 3186 1556 3210 ita
1569 3186 1716 3217 perturbate
1731 3186 1804 3209 datur
1819 3193 1833 3209 a
1851 3185 1996 3215 codicibus,
2010 3190 2039 3209 ut
2051 3185 2092 3209 vix
2111 3189 2154 3208 aut
2171 3191 2204 3208 ne
2222 3185 2263 3208 vix
2280 3184 2384 3216 quidem
2397 3183 2422 3207 in
2441 3183 2487 3208 all-

1428 3221 1521 3252 quibus
1535 3221 1568 3244 sit
1577 3220 1818 3253 intelligibilis-A:
1833 3225 1867 3244 an
1883 3221 1944 3249 sint,
1955 3227 1989 3244 an
2005 3220 2064 3252 (an,
2075 3227 2100 3251 p.
2111 3227 2188 3243 manu
2204 3219 2295 3249 deleto,
2306 3219 2364 3243 add.
2374 3226 2426 3243 sec.
2439 3219 2486 3251 m.)

1428 3262 1480 3279 non
1499 3256 1566 3284 sint,
1586 3259 1612 3280 et
1630 3255 1732 3287 aliquid
1749 3255 1892 3279 secundum
1911 3259 1972 3286 etc.;
1992 3256 2025 3279 B:
2044 3262 2078 3279 an
2098 3257 2160 3279 sunt
2175 3254 2277 3286 aliquid
2291 3255 2332 3278 vel
2345 3261 2396 3278 non
2415 3256 2486 3282 sunt,

1427 3293 1453 3314 et
1471 3290 1573 3322 aliquid
1591 3295 1653 3321 etc.;
1673 3290 1707 3314 C:
1726 3297 1760 3314 an
1775 3290 1830 3314 sint
1847 3290 1949 3322 aliquid
1968 3290 2059 3322 (marg.
2076 3290 2133 3314 add.
2153 3293 2179 3314 et
2196 3289 2281 3321 quod)
2301 3296 2352 3313 non
2371 3292 2441 3317 sunt,
2461 3291 2488 3313 et

1428 3325 1469 3357 (et
1487 3324 1613 3359 expung.)
1634 3325 1736 3356 aliquid
1754 3325 1897 3349 secundum
1916 3330 1976 3355 etc.;
1995 3325 2031 3349 D:
2047 3331 2081 3349 an
2101 3325 2155 3349 sint
2168 3324 2269 3356 aliquid
2283 3324 2374 3356 (marg.
2388 3324 2446 3348 add.
2460 3327 2489 3348 et

1426 3360 1505 3393 quid)
1525 3367 1576 3385 non
1596 3363 1666 3388 sunt,
1679 3363 1706 3384 et
1719 3359 1822 3392 aliquid
1839 3359 1881 3391 (et
1898 3360 2001 3392 aliquid
2019 3359 2139 3392 expung.)
2158 3359 2300 3384 secundum
2315 3363 2376 3388 etc.;
2395 3359 2431 3383 E:
2450 3365 2485 3383 an

1426 3396 1481 3420 sint
1498 3395 1600 3428 aliquid
1618 3402 1709 3419 eorum
1728 3402 1795 3427 quae
1813 3402 1864 3419 non
1885 3398 1954 3424 sunt,
1974 3398 2000 3419 et
2013 3395 2114 3427 aliquid
2131 3395 2273 3419 secundum
2291 3393 2487 3419 multitudinem

1427 3431 1453 3455 in
1473 3431 1550 3455 rebus
1569 3435 1625 3461 etc.;
1644 3430 1684 3454 H:
1702 3437 1737 3454 an
1756 3430 1810 3454 sint
1829 3430 1930 3462 aliquid
1953 3433 2001 3454 aut
2025 3437 2076 3454 non
2096 3433 2123 3454 et
2140 3430 2243 3461 aliquid
2260 3434 2307 3454 etc.
2321 3429 2359 3460 1(;
2378 3436 2412 3454 an
2431 3429 2489 3454 sint

1426 3465 1529 3498 aliquid
1552 3465 1649 3498 (marg.
1669 3465 1726 3489 add.
1749 3468 1797 3489 aut
1819 3465 1906 3497 quod)
1932 3472 1984 3489 non
2009 3468 2072 3489 sunt
2095 3468 2121 3489 et
2144 3465 2242 3497 (marg.
2261 3465 2318 3489 add.
2343 3464 2392 3494 ad,
2421 3464 2488 3489 sorte

1425 3500 1537 3533 aliudP)
1556 3500 1674 3532 aliquid;
1696 3501 1730 3524 L:
1749 3507 1784 3524 an
1803 3500 1857 3525 sint
1879 3500 1981 3532 aliquid
2005 3507 2057 3524 non
2076 3503 2139 3524 sunt
2156 3503 2182 3524 et
2206 3500 2308 3532 aliquid
2325 3505 2373 3524 etc.
2392 3499 2432 3524 M:
2450 3506 2487 3524 em

1425 3537 1480 3561 sint
1497 3536 1600 3568 aliquid
1617 3535 1760 3560 secundum
1780 3540 1841 3566 etc.;
1860 3535 1896 3559 N:
1915 3542 1949 3559 an
1968 3535 2023 3560 sint
2040 3535 2142 3567 aliquid
2160 3534 2258 3567 (marg.
2277 3535 2345 3565 add„
2362 3534 2414 3567 an)
2433 3541 2485 3559 non

1425 3573 1496 3600 sunt,
1515 3571 1658 3596 secundum
1678 3575 1734 3601 etc.;
1753 3570 1791 3600 Q:
1811 3577 1845 3594 an
1865 3570 1919 3595 sint
1937 3570 2052 3602 aliquid,
2072 3578 2134 3595 nam
2153 3573 2215 3595 sunt
2233 3573 2259 3595 et
2276 3570 2378 3603 aliquid
2395 3576 2487 3595 secun-

1426 3607 1489 3632 dum
1509 3611 1570 3638 etc.;
1589 3606 1607 3631 S
1625 3614 1650 3638 p.
1669 3613 1719 3631 m.:
1744 3612 1778 3630 an
1797 3605 1865 3635 sint,
1889 3605 1953 3638 quid
1972 3612 2023 3630 non
2042 3608 2118 3636 sunt,
2137 3605 2240 3638 aliquid
2262 3605 2405 3631 secundum
2424 3609 2487 3636 etc.;

2290 3657 2344 3690 39*

2524 622 2532 630 '¹
2547 627 2574 642 a:
2589 623 2694 650 cognitio
2701 631 2710 649 ;
2720 630 2735 645 n

2523 654 2570 669 orn.
2589 648 2675 671 intend.
2695 656 2734 678 qu.

2514 674 2560 700 fin.
2575 677 2662 696 constr.

2522 881 2532 891 ⁸
2542 881 2597 902 Sive
2606 882 2677 903 subu.
2685 889 2732 904 om.

2520 914 2535 928 A

2523 924 2621 960 ''Etiam
2629 946 2656 961 ex
2665 941 2733 962 codd.

2521 1255 2529 1263 ·
2542 1254 2666 1277 eodm-1⁵:
2678 1262 2732 1277 con-

2521 1279 2563 1301 dit.
2584 1281 2634 1302 sive
2657 1283 2732 1304 ratio-

2521 1312 2571 1327 nes.

2522 1465 2530 1473 '¹
2546 1464 2616 1486 Nurn.
2632 1471 2706 1496 praec.
2723 1479 2732 1483 -

2522 1490 2734 1522 Cf.Qq.Dlspp.De

2521 1519 2629 1566 33:5⁰5?
2641 1525 2679 1546 ‘¹¹¹‘

2518 1890 2526 1898 ¹
2548 1894 2578 1919 9:
2595 1894 2646 1920 ⁸non
2667 1892 2704 1911 est

2517 1917 2624 1937 Sclentta.

2517 1998 2527 2008 ⁸
2548 1997 2584 2019 Cf.
2605 1999 2657 2020 lect.
2672 2005 2716 2026 vu,

2518 2030 2540 2045 n.
2552 2024 2574 2045 6.

2517 2052 2528 2062 ⁴
2544 2051 2580 2072 Cf.
2602 2052 2652 2073 lect.
2669 2058 2730 2079 xxx,

2518 2088 2542 2103 n.
2552 2088 2573 2109 7,
2584 2086 2606 2104 et
2620 2086 2668 2104 not.
2679 2089 2704 2111 η.

2514 2157 2524 2168 “
2543 2157 2567 2179 ln
2582 2163 2629 2179 om.
2645 2163 2667 2179 ι.

2516 2210 2526 2219 “
2537 2215 2564 2230 o:
2575 2209 2648 2230 subst.
2659 2215 2727 2237 sepa-

2518 2237 2626 2257 ratarum
2640 2238 2701 2257 sunt.

2516 2473 2526 2483 ⁴*
2541 2479 2567 2494 o:
2583 2473 2638 2494 sint.
