2548 4192
189 259 270 284 LXIV

192 327 355 357 induerent
379 324 522 364 religiosa
546 329 629 352 veste
657 321 778 361 piisque
803 319 950 349 institutis
974 328 1008 347 ac
1027 315 1134 366 litteris
1159 314 1254 343 infor-

190 376 321 407 marent,
338 379 372 399 ac
391 369 434 399 ita
453 366 635 398 suavissime
650 365 799 395 illicerent
814 364 853 393 ad
867 362 1050 402 religiosum
1064 365 1252 409 1nst1tutum.

256 413 373 445 Similis
393 412 485 443 fuerit
503 421 571 441 mos
586 411 639 440 ille
654 409 804 439 nobilium
820 408 963 447 regionis
978 411 1007 435 et
1015 409 1156 453 patriae,
1173 411 1255 442 quos

189 458 338 490 Monachi
362 457 523 488 Casinates
546 455 578 484 in
602 453 715 485 tenella
738 458 836 482 aetate
867 450 1042 489 exciperent
1064 445 1254 496 imbuendos

189 513 224 533 ac
252 501 426 533 monastica
453 506 537 530 veste
564 498 738 534 induerent,
768 505 845 525 aevo
872 494 934 524 divi
958 493 1104 541 Thomae
1131 496 1254 529 vigens:

191 556 308 587 perque
341 555 392 575 me
424 544 514 580 licet,
535 543 559 572 si
589 541 746 582 quispiam
775 538 962 574 contendat,
983 536 1089 566 Casm1
1119 540 1254 583 gestasse

189 591 296 631 ipsum
319 588 526 620 monasticam
549 593 678 622 vestem,
708 594 773 614 non
798 593 834 612 ex
857 582 916 611 ritu
937 590 1026 610 verae
1046 587 1254 628 propnaeque

190 634 357 665 oblationis
381 633 419 662 de
446 632 517 671 ipso
541 641 558 660 a
578 629 756 669 parentibus
780 627 888 662 factae,
909 625 963 674 sed
986 634 1022 653 ex
1041 633 1092 672 pia
1116 622 1254 672 quadam

189 679 309 708 invecta
333 674 569 711 consuetudine,
590 680 625 703 ut
639 673 682 702 sic
697 670 822 702 enutriti
842 668 975 709 pueruh,
995 668 1138 697 Domino
1158 675 1253 704 inspi-

189 729 285 758 rante,
304 722 376 751 loco
401 726 431 750 et
454 726 595 757 tempore
619 715 830 746 monasticum
861 712 1040 742 institutum
1071 709 1252 750 profiteren-
1281 727 1282 731 ,

188 773 247 800 tur.
267 765 350 795 Hinc
370 763 463 793 etiam
486 761 630 801 pervium
649 769 777 789 sensum
801 757 936 797 denique
960 756 1066 804 hab-es,
1086 764 1152 803 quo
1175 763 1252 792 pue-

189 810 293 840 rulum
307 808 469 838 Thomam
495 805 606 835 Casini
629 804 767 834 oblatum
784 802 884 832 dicere
905 806 1066 840 potuerint
1087 804 1252 837 scriptores

188 854 266 883 vitae
290 852 373 888 eius;
403 858 432 880 et
462 859 527 890 quo
552 847 705 888 scripserit
729 845 915 886 Logotheta‚
944 850 1086 884 parentes
1110 841 1252 871 eiusdem
1279 871 1281 873 ,

189 896 425 927 monachavisse
447 894 562 933 ipsum.
589 892 639 922 Ad
667 891 808 931 graviora
831 890 894 919 iam
919 897 1022 918 sermo
1047 886 1205 926 procedat.

567 979 763 1016 CAPUT
800 978 866 1014 IV.

185 1062 252 1086 Ante
266 1060 406 1093 pubertatis
421 1067 504 1084 annos
519 1059 613 1083 Casino
633 1057 739 1082 discedit
753 1056 878 1086 Thomas,
893 1064 907 1080 a
927 1055 1075 1088 parentibus
1090 1054 1122 1079 de
1141 1052 1250 1094 consilio

236 1096 342 1121 Abbatis
356 1100 500 1120 revocatus.
515 1094 649 1126 Neapolim
664 1093 771 1117 mittitur
790 1092 821 1116 ad
837 1092 939 1116 scholas
955 1091 1109 1115 saeculares.
1124 1089 1249 1113 Eiusdem

232 1131 387 1156 familiaritas
407 1135 433 1155 et
451 1130 613 1155 consuetudo
632 1136 691 1154 curn
711 1128 830 1152 fratribus
850 1127 954 1152 Ordinis
976 1125 1190 1150 Praedicatorum.

184 1205 205 1235 1.
294 1213 415 1233 rasmus
434 1201 578 1239 Gattula,
602 1200 657 1240 qui
681 1199 752 1229 loco
779 1198 870 1229 citato
895 1198 1117 1234 constituerat,
1138 1202 1249 1227 natum

231 1204 361 1286 Eesse
383 1246 545 1276 Thomam
576 1245 665 1275 initio
694 1244 806 1274 saltem
835 1243 914 1272 anni
943 1242 1030 1279 1225,
1062 1247 1138 1272 ante
1167 1241 1249 1271 diem

182 1294 346 1333 septimam
371 1291 489 1327 martii,
515 1289 684 1329 ipsumque
712 1297 798 1318 anno
822 1287 912 1324 1230,
932 1297 996 1327 pro
1020 1286 1149 1316 illorum
1174 1291 1249 1316 tem-

176 1347 292 1377 porum
313 1345 410 1372 more,
424 1344 563 1374 puerum
587 1334 819 1374 quinquennem
835 1331 1024 1361 monachum
1043 1330 1250 1361 Casinensem

182 1381 327 1421 effectum
335 1387 348 1417 ;
373 1388 531 1419 egressum
556 1377 622 1408 eius
646 1387 662 1407 e
687 1375 853 1407 Coenobio
878 1375 1041 1406 Casinensi
1066 1375 1105 1405 ad
1129 1385 1251 1405 annum

182 1425 296 1456 Christi
317 1424 408 1463 1239,
425 1433 459 1453 ac
478 1422 584 1452 aetatis
604 1421 748 1452 Thomae
763 1420 1075 1460 quartumdecimum
1090 1420 1251 1460 expletum

182 1469 288 1507 refert,
315 1476 504 1507 causamque
524 1465 708 1506 egressionis
727 1470 817 1505 putat
836 1464 982 1494 Friderici
1003 1464 1028 1494 Il
1050 1464 1251 1504 Imperatoris

182 1513 373 1544 violentiam.
390 1512 491 1542 Verba
516 1518 605 1541 sunt:
629 1523 642 1537 ‹<
666 1509 747 1539 Illud
765 1508 895 1549 quidem
910 1509 1078 1547 credimus,
1105 1516 1251 1540 sanctum

186 1571 199 1584 >›
223 1558 384 1588 Thomam
414 1555 579 1595 Neapolim
611 1564 693 1584 anno
730 1554 810 1592 1239
835 1553 1030 1591 consedisse,
1064 1553 1118 1583 ubi
1147 1553 1251 1585 studia

187 1615 200 1629 ³>
224 1613 280 1633 sua
303 1601 410 1632 omnia
441 1599 615 1639 perficeret,
636 1598 753 1629 Casino
778 1607 852 1628 cum
876 1597 1004 1638 reliquis
1028 1599 1193 1629 monachis
1217 1599 1249 1629 in

186 1660 199 1673 »
223 1646 350 1677 exilium
382 1651 486 1675 actum
516 1643 663 1674 violentia
695 1642 833 1672 Federici
865 1642 1086 1683 Imperatoris,
1115 1643 1154 1674 de
1183 1654 1250 1684 quo

185 1703 198 1718 >›
221 1691 296 1721 haec
320 1690 361 1720 ait
384 1689 555 1719 Richardus
579 1698 596 1717 a
620 1698 642 1718 s·
665 1687 824 1717 Germano
845 1685 899 1729 (ad
919 1687 1070 1718 eumdem
1093 1686 1250 1731 annum):

185 1748 198 1761 >>
222 1736 334 1765 Mense
351 1733 464 1774 aprilis
482 1733 713 1763 Monasterium
737 1731 923 1769 Casinense,
940 1731 1142 1772 Imperatore
1161 1743 1251 1763 man-

184 1792 198 1805 »
220 1779 326 1815 dante,
345 1777 554 1808 servientibus
573 1782 602 1807 et
620 1777 694 1806 aliis
707 1776 751 1806 ad
769 1777 946 1807 custodiam
963 1778 1154 1808 necessariis
1167 1787 1251 1808 com-

184 1836 197 1850 »
220 1824 370 1859 mittitur,
404 1821 590 1863 quibusdam
624 1821 788 1852 monachis
818 1830 860 1851 ex
890 1831 927 1851 eo
957 1822 1097 1853 exclusis
1128 1827 1185 1853 etc.
1211 1822 1251 1853 Et

183 1880 197 1893 »
220 1867 356 1897 inferius:
368 1867 487 1897 Eodem
499 1875 605 1896 mense
615 1864 722 1907 (iunii)
734 1867 850 1896 iterum
866 1866 935 1903 alii,
946 1867 1002 1907 qui
1012 1872 1248 1904 remanserant,

183 1925 196 1938 >›
220 1911 413 1942 monachide
425 1911 572 1941 Casinen.
582 1911 781 1941 Monasterio
792 1910 1022 1948 excluduntur,
1031 1911 1146 1952 quibus
1154 1912 1252 1942 simul

183 1969 196 1983 >›
219 1966 289 1986 cum
308 1957 425 1996 primis
446 1955 584 1986 exclusis
608 1956 731 1985 morari
748 1955 837 1995 apud
866 1955 1069 1986 Vallem-luci
1081 1957 1250 1996 provisum

183 2013 197 2026 »
220 2006 276 2038 est,
291 2001 406 2040 paucis
424 2000 592 2030 admodum
614 2001 645 2029 in
666 2000 865 2030 Monasterio
887 2001 1136 2031 remanentibus.
1156 2000 1250 2031 Paul·

183 2058 197 2071 a>
220 2045 315 2085 loque
338 2051 426 2085 post:
446 2044 564 2074 Eodem
590 2042 686 2086 (iulii)
711 2054 819 2074 mense
842 2045 937 2075 tertia
951 2045 997 2086 fit
1021 2046 1164 2076 exclusio
1184 2055 1250 2076 mo-

184 2102 197 2115 »
221 2089 394 2120 nachorum
427 2089 467 2119 de
498 2089 697 2119 Monasterio
730 2088 919 2126 Casinensi,
948 2099 1085 2130 quorum
1118 2090 1249 2131 quidam

185 2147 198 2160 2>
221 2133 308 2174 apud
336 2133 551 2170 Vallem-luci,
580 2133 708 2173 quidam
733 2133 821 2173 apud
850 2139 997 2164 sanctum
1022 2135 1153 2165 Petrum
1178 2135 1250 2166 Mo·

184 2190 197 2203 >›
221 2179 363 2215 nasterii,
384 2183 414 2208 et
432 2178 560 2218 quidam
581 2187 703 2208 moram
719 2177 839 2218 facere
858 2179 890 2208 in
910 2185 1086 2219 parentum
1105 2179 1251 2210 domibus

184 2235 197 2249 >›
220 2222 405 2263 elegerunt:
430 2228 460 2253 et
483 2223 515 2252 in
547 2223 613 2262 ipso
646 2223 847 2254 Monasterio
871 2224 1000 2254 nonnisi
1029 2229 1100 2254 octo
1124 2229 1250 2255 tantum

184 2280 197 2293 »
220 2267 365 2297 monachi
393 2267 436 2298 ad
468 2267 691 2298 celebrandum
717 2268 750 2298 in
775 2277 811 2298 eo
841 2267 951 2298 divina
982 2267 1091 2309 officia
1123 2278 1251 2299 reman-
1278 2260 1280 2272 ¹

184 2324 197 2338 >›
219 2317 331 2342 serunt
353 2316 410 2342 etc.
438 2314 519 2342 Ante
541 2311 573 2341 id
597 2319 677 2342 certe
701 2318 827 2352 tempus
852 2312 939 2342 nulla
958 2312 1040 2344 iusta
1063 2323 1158 2344 causa
1181 2324 1250 2344 san—

184 2368 196 2381 »
220 2362 270 2386 cto
294 2365 393 2396 puero
418 2355 517 2387 fuerat
541 2356 694 2387 resiliendi
719 2367 737 2387 a
757 2363 925 2396 parentum
949 2357 1111 2388 oblatione
1135 2358 1251 2389 iureiu-

184 2412 197 2426 »
220 2400 318 2430 rando
341 2399 472 2438 firmata,
492 2411 567 2431 nam
590 2410 628 2431 eo
652 2407 796 2441 tempore
820 2401 918 2432 redire
942 2402 983 2432 ad
1006 2403 1169 2433 saeculum
1194 2413 1251 2444 po-

186 2459 197 2470 »
221 2451 298 2475 terat
316 2445 555 2485 quatuordecim
570 2445 633 2475 iam
652 2455 810 2476 annorum
825 2446 936 2486 pubes.
953 2447 1000 2477 Ea
1018 2454 1125 2478 tamen
1140 2455 1251 2485 aetate,

185 2501 198 2515 »
222 2488 317 2519 fuisse
341 2489 379 2519 ab
403 2490 516 2519 eodem
531 2496 635 2520 exacta
658 2491 743 2530 apud
770 2490 933 2521 Casinates
953 2491 1057 2523 studia
1070 2492 1251 2532 grammati-

185 2546 198 2559 »
222 2543 286 2571 cae,
307 2533 437 2573 logicae,
457 2534 687 2574 philosophiae,
702 2542 831 2566 testatur
845 2536 1050 2567 Ptolomaeus
1066 2537 1248 2569 Lucensis.»

249 2578 358 2617 Longe
382 2578 536 2608 diversam
550 2579 835 2620 chronographiam
853 2580 960 2611 statuit
975 2581 1176 2623 Disquisitor:
1197 2583 1252 2613 sed

183 2621 215 2651 in
238 2631 277 2652 eo
310 2622 475 2661 convenit,
499 2623 588 2664 quod
618 2634 782 2654 summum
815 2626 1045 2656 controversiae
1069 2634 1165 2667 caput
1195 2634 1250 2658 est.

183 2665 344 2696 Thomam
367 2667 528 2698 contendit
552 2678 638 2698 anno
658 2678 731 2699 1220
752 2676 882 2707 natum,
908 2680 995 2701 anno
1016 2671 1093 2702 1225
1107 2671 1253 2703 oblatum

184 2710 290 2741 Casini
309 2721 327 2740 a
345 2711 524 2751 parentibus
544 2713 629 2750 Deo,
649 2723 735 2743 anno
760 2714 842 2744 1235
865 2722 938 2754 post
967 2715 1116 2746 emissam
1140 2726 1252 2747 mona-

183 2755 291 2785 sticam
315 2755 544 2795 professionem
575 2757 709 2788 missum
731 2759 901 2799 Neapolim
925 2769 1012 2790 anno
1039 2762 1156 2791 aetatis
1184 2763 1253 2792 eius

181 2799 429 2839 quintodecimo:
461 2801 658 2843 eiectumque
683 2802 801 2833 Casino
830 2813 905 2834 cum
936 2805 1063 2836 caeteris
1087 2806 1252 2837 monachis

182 2853 267 2875 anno
281 2844 373 2886 1239,
389 2846 504 2876 aetatis
517 2846 732 2877 decimonono.
745 2847 835 2885 Quae
850 2849 943 2879 verba
958 2849 1026 2880 eius
1040 2857 1114 2881 sunt
1129 2860 1197 2891 cap.
1206 2861 1252 2890 111,

184 2898 271 2919 num.
302 2889 330 2927 5,
357 2889 474 2920 refero:
504 2903 518 2918 «
540 2891 605 2921 Nec
639 2891 726 2922 facile
751 2893 959 2924 concesserim
983 2904 1063 2934 ego,
1088 2894 1253 2926 Thomam

187 2945 200 2958 »
223 2933 404 2972 decennem,
424 2940 459 2964 ut
482 2935 578 2975 vulgo
602 2935 733 2974 dicitur,
760 2947 777 2967 e
801 2937 910 2968 Monte
934 2938 1053 2969 Casino
1082 2939 1253 2980 Neapolim

186 2989 200 3003 ³>
223 2977 262 3007 ad
285 2977 394 3008 altiora
421 2978 523 3009 studia
547 2980 760 3011 contendisse:
786 2981 840 3011 sed
864 2988 963 3013 aetate
991 2983 1155 3024 aliquanto
1180 2994 1253 3025 pro-

187 3033 201 3047 »
223 3021 391 3052 vectiorem
414 3032 449 3053 ac
473 3024 636 3063 puberem,
655 3025 722 3055 imo
746 3025 810 3056 iam
833 3036 975 3066 expresse
1006 3028 1254 3070 solemniterque

188 3077 202 3091 »
225 3065 420 3104 professum;
446 3077 520 3097 cum
550 3068 602 3099 ille
625 3069 657 3099 in
687 3070 797 3101 Monte
831 3070 969 3109 Casino,
1001 3082 1068 3113 quo
1099 3074 1253 3114 puerulus

189 3122 202 3135 »
226 3109 339 3139 missus
369 3110 488 3149 fuerat,
520 3113 552 3142 in
577 3113 767 3154 logicalibus
795 3121 825 3146 et
849 3116 1053 3147 naturalibus
1075 3117 1254 3159 disciplinis

190 3166 203 3179 »
226 3154 340 3193 optime
359 3155 535 3195 profecisse
565 3157 684 3188 dicatur
707 3159 792 3198 apud
816 3159 1039 3191 Ptolomaeum
1064 3162 1252 3194 Lucensem.

191 3210 203 3223 »
227 3197 307 3234 Quis
339 3198 424 3228 enim
447 3205 551 3230 tantus
574 3201 606 3231 in
630 3203 759 3233 decenni
790 3214 891 3244 puero
915 3205 1075 3244 profectus
1105 3216 1172 3237 esse
1196 3217 1253 3247 po-

190 3254 205 3268 »
227 3239 355 3272 tuisset?
375 3249 430 3273 etc.
455 3255 468 3269 ν»

253 3286 340 3316 Haec
359 3296 416 3326 pro
436 3287 529 3327 genio
549 3289 734 3327 adserentes,
761 3291 923 3323 Gattulam
947 3301 977 3324 et
998 3294 1253 3336 Disquisitorem,

188 3330 295 3369 paucis
313 3331 425 3368 verbis,
440 3338 471 3362 at
488 3332 743 3365 luculentissimis
758 3335 869 3368 refellit
887 3337 1076 3370 Guillelmus
1090 3340 1129 3370 de
1143 3340 1255 3371 Tocco

187 3373 219 3403 in
234 3374 379 3405 Thomae
394 3375 476 3415 Vita,
491 3377 590 3417 capite
610 3385 634 3408 1:
650 3379 754 3410 Abbas
767 3386 874 3412 autem
888 3383 1049 3422 praedicti
1062 3385 1257 3416 Monasterii

183 3418 350 3456 providus,
371 3419 527 3460 inquiens,
547 3431 618 3452 cum
642 3423 823 3456 adverteret
846 3426 877 3456 in
900 3437 1006 3467 puero
1029 3433 1094 3458 tam
1119 3434 1207 3460 certa
1226 3435 1257 3461 et

191 3467 319 3493 matura
331 3463 472 3503 futurae
485 3466 694 3506 perfectionis
713 3468 830 3500 indicia
850 3475 881 3501 et
901 3471 992 3502 clara
1010 3473 1073 3502 iam
1087 3483 1256 3513 praenun-

192 3505 241 3535 cia
260 3507 382 3537 semina
397 3507 539 3548 futurae
556 3512 674 3551 segetis
691 3512 952 3553 Scripturarum‚
980 3516 1135 3548 advocato
1155 3517 1256 3549 domi-

194 3558 235 3578 no
257 3549 458 3591 Landulpho,
473 3559 569 3593 patre
585 3556 746 3594 praedicti
758 3559 867 3597 pueri,
882 3560 1019 3599 provide
1037 3562 1066 3591 ei
1085 3562 1256 3600 consuluit,

192 3597 229 3622 ut
246 3602 331 3632 puer
352 3596 530 3627 mitteretur
553 3598 720 3639 Neapolim
749 3601 792 3631 ad
813 3603 1026 3642 studendum‚·
1051 3605 1105 3635 ubi
1125 3606 1259 3638 studens

920 234 1378 276 DISSERTATIONES
1409 233 1656 270 CRlTlCAE

1312 312 1466 352 inciperet
1484 312 1662 347 addiscere,
1684 319 1767 350 quae
1786 310 1875 339 Deus
1896 314 1941 338 tot
1956 308 2082 337 indiciis
2097 314 2246 348 coeperat
2266 309 2396 340 demon-

1311 363 1427 388 strare.
1452 355 1544 385 Unde
1562 364 1649 394 puer
1672 355 1712 384 de
1740 354 1908 392 utriusque
1930 352 2082 391 parentis
2110 353 2244 383 consilio
2267 354 2395 394 Neapo-

1312 403 1366 431 lim
1392 401 1540 436 mittitur,
1562 404 1597 429 ut
1621 398 1680 428 sub
1704 397 1856 437 magistri
1874 396 2015 426 Martini
2034 397 2066 425 in
2094 398 2398 436 grammaticalibus

1312 451 1342 475 et
1366 444 1576 484 logicalibus‚
1605 448 1636 472 et
1666 442 1818 482 magistri
1840 441 1929 470 Petri
1958 440 1998 469 dc
2021 439 2197 480 Hybernia
2220 441 2339 472 studiis
2361 443 2394 473 in

1313 488 1516 519 naturalibus
1549 487 1756 516 edoceretur:
1783 486 1815 514 in
1839 494 1977 524 quorum
2002 484 2119 514 scholis
2148 490 2214 515 tam
2239 486 2396 517 luculenti

1312 533 1413 572 coepit
1432 541 1500 562 esse
1519 531 1643 571 ingenii
1657 535 1688 560 et
1697 530 1896 569 perspicacis
1916 529 2163 568 intelligentiae,
2185 535 2220 571 ut
2237 535 2294 561 etc.
2317 531 2395 568 Quo

1311 577 1384 606 loco
1409 576 1447 605 de
1481 574 1630 605 violentia
1654 584 1671 603 a
1695 572 1855 603 Friderico
1890 573 2084 612 Imperatore
2107 573 2203 604 inlata
2227 575 2394 606 monachis

1312 619 1537 651 Casinensibus
1564 619 1666 659 deque
1691 617 1926 647 monachorum
1952 616 2071 647 Casino
2096 617 2248 649 eiectione
2273 619 2396 650 mentio

1311 664 1408 701 nulla,
1429 663 1555 693 nullum
1578 662 1764 701 vestigium:
1789 661 1857 691 imo
1882 661 1961 692 ratio
1986 668 2054 692 tota
2077 662 2226 694 Thomae
2249 673 2394 704 egressus

1311 718 1347 738 ex
1371 718 1409 737 eo
1434 714 1543 737 sancto
1567 707 1640 736 loco
1665 705 1833 736 adducitur
1857 715 1912 743 ea,
1939 706 2029 746 quod
2053 716 2128 737 curn
2152 707 2185 737 in
2210 718 2311 748 puero
2331 709 2390 738 mi-

1310 751 1440 781 rabilem
1465 760 1651 790 praecocem
1671 750 1702 780 in
1728 749 1864 780 scientiis
1884 750 2066 790 profectum
2085 752 2260 784 adverteret
2273 753 2394 791 Abbas,

1310 795 1443 826 consilio
1468 805 1527 825 suo
1552 795 1638 834 apud
1667 801 1812 835 parentes
1839 794 1906 825 eius
1931 794 2042 833 effecit,
2063 803 2099 826 ut
2118 797 2296 828 mitteretur
2313 797 2396 828 Nea-

1309 839 1421 879 polim,
1442 839 1561 869 ibidem
1584 839 1617 868 in
1649 839 1766 869 scholis
1790 838 1972 879 diligentius
2002 850 2060 880 pro
2085 840 2203 881 ingenii
2233 842 2392 880 acumine,

1309 884 1464 914 feracitate
1485 893 1519 913 ac
1543 883 1708 914 velocitate
1733 884 1936 914 excolendus.

1375 928 1531 958 Nondum
1559 938 1635 958 vero
1664 929 1786 968 pubem
1816 935 1887 959 tum
1918 928 2072 969 adeptum
2101 940 2169 960 esse
2199 931 2396 972 Aquinatem

1278 996 1280 1007 ,
1308 972 1381 1002 satis
1395 972 1536 1002 indicant
1555 982 1590 1003 ac
1605 972 1756 1004 evincunt
1771 973 1988 1003 animadversa
2008 975 2040 1004 in
2057 984 2164 1014 puero
2179 974 2306 1007 futurae
2324 986 2394 1016 per·

1278 1028 1280 1042 ε
1307 1016 1452 1047 fectionis
1475 1016 1601 1055 iudicia,
1621 1018 1693 1048 data
1709 1017 1903 1058 Landulpho
1923 1018 2002 1058 patri
2020 1019 2184 1059 praedicti
2199 1022 2299 1060 pueri
2317 1031 2393 1051 con-

1307 1061 1375 1091 silia
1399 1068 1434 1091 ut
1458 1061 1635 1092 mitteretur
1657 1062 1846 1103 Neapolim,
1873 1062 2083 1104 eiusdemque
2107 1064 2195 1104 pueri
2220 1065 2394 1105 neapolita-

1308 1115 1388 1136 num
1407 1106 1474 1136 iter.
1495 1108 1547 1136 An
1571 1106 1941 1148 quindecimannorum
1965 1107 2125 1147 iuvenem,
2145 1109 2394 1151 professumque

1308 1150 1505 1181 monachum
1519 1150 1613 1182 toties
1631 1161 1771 1192 puerum
1787 1151 1975 1192 appellasset
1989 1152 2182 1184 Guillelmus
2202 1154 2241 1184 de
2261 1152 2394 1186 Tocco?

1308 1194 1370 1225 Sed
1393 1195 1479 1226 hunc
1494 1196 1664 1235 Abbatem,
1684 1196 1743 1227 sub
1759 1206 1826 1238 quo
1841 1196 1950 1227 Casini
1965 1197 2109 1229 moribus
2125 1204 2156 1229 et
2169 1198 2280 1229 litteris
2294 1199 2393 1230 infor-

1307 1240 1454 1270 mabatur
1463 1240 1620 1279 Thomas,
1628 1240 1725 1271 fuisse
1736 1241 1967 1282 Landulphum
1973 1241 2198 1281 Senebaldum,
2206 1250 2392 1284 temporum

1307 1283 1387 1315 ratio
1412 1285 1569 1325 postulat;
1590 1295 1664 1316 curn
1689 1285 1782 1316 illum
1806 1292 1909 1316 narret
1933 1285 2109 1318 Richardus
2131 1287 2170 1318 de
2189 1295 2299 1319 sancto
2314 1288 2392 1320 Ger-

1308 1338 1406 1359 mano
1425 1329 1458 1359 in
1478 1329 1641 1369 chronico,
1654 1330 1808 1361 Abbatiae
1829 1330 2010 1361 Casinensis
2033 1331 2263 1372 praefecturam
2288 1342 2394 1364 susce-

1307 1373 1390 1413 pisse
1409 1384 1497 1404 anno
1517 1383 1601 1414 1227,
1618 1382 1821 1416 mortemque
1837 1375 1953 1406 obiisse
1970 1386 2058 1407 anno
2078 1375 2172 1414 1236,
2191 1386 2300 1408 mense
2321 1377 2394 1408 iulii

1307 1419 1340 1448 in
1356 1417 1450 1459 sesto
1472 1425 1659 1450 sanctorum
1687 1420 1824 1462 Nazarii
1848 1425 1879 1451 et
1904 1420 2000 1451 Celsi.
2028 1420 2113 1452 Hinc
2137 1431 2213 1452 vero
2236 1421 2393 1453 coniicere

1306 1471 1364 1502 par
1387 1470 1449 1500 est,
1478 1463 1709 1504 Landulphum
1741 1465 1920 1503 Abbatem‚
1940 1465 1995 1505 qui
2020 1465 2185 1496 Thomam
2218 1466 2393 1507 puerulum

1307 1514 1469 1547 exceperat
1484 1507 1592 1539 Casini
1606 1508 1716 1539 litteris
1731 1515 1762 1540 et
1776 1509 1922 1540 moribus
1936 1509 2161 1548 imbuendum,
2176 1510 2269 1542 illum
2283 1511 2392 1552 ipsum

1307 1551 1419 1590 fuisse,
1439 1552 1496 1593 qui
1520 1563 1596 1583 cum
1619 1553 1858 1595 nobilissimum
1881 1553 2030 1585 Thomae
2051 1554 2218 1596 ingenium
2242 1555 2392 1587 advertis-

1306 1603 1372 1634 set,
1400 1597 1583 1637 parentibus
1614 1598 1786 1629 consilium
1809 1598 1948 1636 dederit,
1974 1605 2010 1630 ut
2032 1599 2101 1640 ipse
2124 1600 2296 1641 Neapolim
2318 1600 2392 1632 mit·-

1306 1647 1432 1671 teretur.
1463 1641 1579 1673 Missus
1613 1652 1688 1683 ergo
1714 1642 1808 1674 fuerit
1836 1642 1888 1673 ille
1919 1653 2004 1673 anno
2044 1645 2139 1682 1235,
2173 1651 2229 1676 aut
2260 1645 2392 1677 ineunte

1307 1695 1392 1716 anuo
1418 1687 1512 1725 1236,
1532 1697 1599 1728 quo
1619 1693 1712 1718 natus
1732 1694 1796 1718 erat
1820 1687 1888 1728 ipsc
1908 1687 2019 1718 decem
2037 1688 2087 1719 vel
2107 1688 2259 1720 undecim
2277 1697 2392 1728 annon

1307 1740 1382 1760 nam
1406 1730 1473 1761 eius
1498 1731 1637 1762 natalitia
1661 1731 1811 1772 illiganda
1833 1742 1900 1763 esse
1925 1742 2000 1763 cum
2027 1743 2113 1764 anno
2137 1743 2227 1765 aerae
2251 1733 2393 1766 christia-

1307 1784 1366 1805 nae
1387 1777 1467 1806 1225
1489 1782 1544 1807 aut
1558 1775 1761 1817 insequente,
1782 1776 2058 1817 infra-dicendum
2077 1785 2134 1810 est.
2159 1780 2202 1809 At
2226 1779 2259 1810 in
2279 1779 2395 1810 Monte

1310 1818 1450 1857 Casino,
1470 1819 1574 1861 inquit
1598 1821 1810 1862 Disquisitor,
1831 1828 2004 1862 antequam
2037 1822 2110 1853 inde
2141 1822 2334 1863 discederet,
2356 1824 2392 1855 in

1307 1864 1499 1905 logicalibus
1523 1871 1553 1896 et
1577 1866 1783 1896 naturalibus
1805 1866 1986 1906 disciplinis
2008 1867 2126 1907 optime
2150 1867 2392 1909 profectis-redi-

1307 1909 1387 1939 citur
1420 1910 1507 1949 apud
1538 1910 1765 1941 Ptolomaeum
1790 1911 1985 1941 Lucensem:
2011 1912 2083 1952 quis
2113 1921 2190 1944 vero
2219 1917 2330 1944 tantus
2357 1913 2393 1944 in

1306 1953 1441 1984 decenni
1461 1962 1568 1995 puero
1580 1954 1752 1996 profectus
1770 1965 1839 1986 esse
1851 1957 2021 1996 potuisset,
2041 1966 2127 1997 quae
2139 1961 2231 1988 tanta
2246 1956 2392 1998 philam-

1301 1998 1475 2038 phicarum
1500 2009 1610 2030 rerum
1624 2001 1758 2040 peritia,
1780 2005 1817 2031 ut
1833 2010 1935 2040 pares
1962 2001 2032 2031 eius
2055 2002 2251 2033 institutioni
2267 2011 2390 2042 procu-

1307 2042 1433 2074 randae
1446 2045 1623 2084 magistros
1636 2054 1676 2075 ac
1686 2050 1917 2085 praeceptores
1934 2045 2047 2076 Casini
2061 2055 2125 2076 non
2140 2045 2297 2078 liaberet?
2314 2046 2389 2078 Pto-

1307 2086 1423 2118 lomaei
1443 2088 1559 2120 scilicet
1573 2089 1668 2119 verba
1682 2089 1754 2130 plus
1774 2089 1875 2119 nimio
1896 2097 2060 2130 exaggerat
2078 2090 2140 2121 ille.
2164 2090 2252 2122 idem
2267 2093 2391 2123 Auctor

1307 2139 1337 2162 et
1361 2132 1553 2164 Guillelmus
1577 2134 1616 2164 de
1640 2133 1752 2164 Tocco
1775 2134 1912 2165 invicem
1937 2133 2120 2165 conferendi
2145 2141 2230 2173 sunt,
2256 2141 2292 2167 ut
2313 2135 2390 2176 legi·

1278 2210 1280 2213 ,
1307 2176 1405 2207 timus
1430 2187 1540 2208 sensus
1565 2178 1726 2209 habeatur.
1748 2178 1802 2209 Ait
1821 2178 1889 2216 iste,
1904 2188 2045 2219 puerum
2066 2179 2232 2211 Thomam
2255 2179 2392 2212 missum

1307 2231 1375 2252 esse
1399 2222 1591 2262 Neapolim,
1619 2230 1654 2254 ut
1685 2224 1951 2264 grammaticalia
1975 2229 2006 2254 et
2030 2223 2184 2265 logicalia
2218 2224 2394 2257 addisceret

1308 2266 1366 2296 sub
1391 2266 1555 2307 disciplina
1579 2267 1718 2308 magistri
1743 2268 1890 2304 Martini,
1915 2275 1947 2299 et
1975 2269 2143 2300 naturalia
2167 2278 2224 2300 seu
2247 2268 2392 2310 philoso-

1308 2310 1400 2351 phica
1425 2312 1484 2342 sub
1509 2311 1660 2352 magistro
1684 2313 1778 2343 Petro
1802 2313 1841 2343 de
1866 2312 2038 2354 Hybernia.
2067 2313 2160 2344 Unde
2184 2313 2393 2346 Ptolomaeus

1308 2355 1476 2394 Lucensis,
1497 2356 1645 2388 Thomae
1670 2356 1777 2388 Casini
1803 2357 1945 2397 degentis
1969 2357 2151 2398 profectum
2175 2367 2325 2397 narrauit,
2345 2358 2393 2390 in-

1308 2399 1497 2440 telligendus
1521 2408 1568 2432 est
1591 2411 1658 2432 non
1679 2409 1744 2432 tam
1768 2402 1807 2432 de
1830 2403 1948 2443 optimo
1968 2402 2113 2442 profectu
2138 2403 2171 2433 in
2202 2403 2397 2444 logicattbus

1308 2449 1338 2475 et
1362 2445 1568 2476 naturalibus
1591 2446 1780 2487 disciplinis,
1801 2456 1866 2487 qua
1888 2447 1950 2477 late
1974 2453 2084 2487 patent
2108 2447 2273 2488 spectatis,
2293 2457 2395 2489 quem

1308 2488 1416 2529 potius
1440 2489 1472 2520 in
1497 2490 1607 2531 primis
1641 2491 1827 2522 earumdem
1851 2491 2063 2529 rudimentis,
2086 2499 2119 2522 ut
2143 2491 2238 2524 refert
2260 2491 2393 2524 Guillel-

1308 2543 1391 2565 mus.
1413 2534 1586 2576 Utriusque
1601 2535 1763 2576 scriptoris
1786 2535 1862 2567 inita
1882 2536 2064 2574 concordia,
2083 2536 2150 2567 vim
2169 2536 2266 2568 exerit
2289 2543 2394 2569 totum

1308 2586 1534 2618 argumentum
1554 2590 1590 2611 ex
1604 2580 1707 2611 verbis
1730 2580 1849 2611 laudati
1870 2580 2033 2612 Guillelmi
2053 2581 2296 2622 depromptum,
2310 2591 2394 2624 quae

1308 2623 1338 2653 T
1340 2623 1473 2654 hornam
1496 2624 1600 2655 adhuc
1618 2634 1760 2665 puerum
1781 2632 1812 2656 et
1830 2625 2031 2666 impuberem
2055 2632 2301 2666 repraesentant,
2317 2635 2392 2658 eum

1308 2667 1360 2698 ille
1380 2667 1499 2699 Casino
1519 2669 1691 2709 Neapolim
1710 2669 1827 2700 missus
1847 2676 1902 2700 est.
1923 2672 1970 2700 Ac
1989 2679 2064 2700 sane
2084 2679 2245 2711 quaenam
2265 2670 2394 2702 miratio

1309 2711 1420 2743 fuisset
1442 2712 1495 2743 illa
1509 2713 1641 2744 Abbatis
1656 2713 1838 2744 Casinensis
1853 2714 1891 2744 de
1911 2714 2057 2754 profectu
2077 2714 2226 2746 Thomae
2240 2714 2273 2746 in
2292 2714 2392 2746 seien-

1308 2756 1369 2794 tiis,
1390 2757 1415 2787 si
1440 2757 1612 2798 pubertatis
1632 2768 1734 2788 annos
1753 2758 1817 2788 iam
1837 2765 1907 2789 tum
1926 2758 2076 2799 indeptus
2095 2765 2176 2790 esset
2202 2769 2239 2791 ac
2257 2765 2393 2791 aetatem

1308 2801 1494 2842 quindecim
1517 2812 1677 2833 annorum
1701 2800 1873 2842 attigisset?

1376 2846 1438 2877 Sed
1461 2846 1557 2878 etiam
1572 2846 1691 2878 Casino
1707 2857 1725 2878 a
1738 2847 1921 2888 parentibus
1942 2854 2126 2879 revocatum
2150 2858 2288 2888 puerum
2303 2848 2393 2880 Tho-

1308 2900 1396 2921 mam
1415 2892 1509 2922 verba
1534 2891 1668 2923 suadent
1687 2891 1868 2923 Guillelmi:
1895 2892 2002 2923 Abbas
2019 2897 2128 2923 autem
2142 2893 2306 2933 praedicti
2318 2893 2392 2925 Mo—

1309 2937 1444 2967 nasterii
1451 2936 1653 2977 providae...
1669 2936 1853 2978 inquientis,
1875 2937 2032 2968 advocato
2050 2937 2180 2968 domino
2194 2937 2390 2979 Landuhlto

1302 2985 1400 3020 patre
1418 2981 1580 3022 praedicti
1597 2982 1707 3022 pueri,
1721 2981 1860 3022 provide
1877 2983 1908 3013 ei
1926 2981 2099 3019 consuluit,
2128 2987 2165 3013 ut
2182 2991 2270 3023 puer
2287 2982 2392 3014 ntim-

1308 3030 1400 3055 retur
1418 3025 1588 3066 Neapolim
1612 3026 1656 3057 ad
1673 3026 1877 3057 studendum.
1893 3049 1901 3058 .
1918 3049 1925 3057 .
1945 3049 1952 3058 .
1981 3026 2074 3057 Unde
2091 3036 2179 3067 puer
2204 3027 2246 3058 de
2270 3027 2391 3061 ultius·

1307 3078 1370 3110 que
1389 3071 1536 3110 parentis
1559 3070 1692 3101 consilio
1715 3071 1885 3112 Neapolim
1911 3072 2058 3102 mittitur.
2086 3071 2195 3112 ltaque
2221 3071 2260 3104 de
2287 3074 2390 3113 puero

1308 3113 1438 3145 Thoma
1457 3115 1561 3156 deque
1575 3114 1687 3146 studiis
1702 3115 1770 3146 eius
1785 3125 1851 3146 non
1866 3116 1962 3147 audet
1976 3116 2083 3147 Abbas
2098 3116 2194 3156 pleno
2209 3115 2289 3156 iure,
2300 3116 2392 3149 ut'de

1309 3159 1470 3190 monacho
1494 3169 1566 3198 suo,
1586 3166 1721 3193 statuere
1745 3158 1865 3203 (iacobi
1890 3160 2024 3191 Echardi
2049 3160 2282 3197 animadversio
2302 3159 2413 3204 eet);·

1309 3209 1340 3233 at
1363 3203 1593 3245 Landulphum
1616 3210 1739 3245 patrem
1767 3205 1901 3236 advocat
1927 3212 2102 3246 monetque
2127 3212 2162 3237 ut
2188 3205 2214 3236 si
2237 3204 2306 3239 filio
2327 3214 2391 3238 tuo

1309 3248 1494 3287 consultum
1508 3248 1594 3287 velit,
1614 3249 1718 3280 mittat
1731 3249 1914 3290 Neapolim,
1933 3249 2072 3291 aptiores
2086 3250 2119 3280 in
2138 3260 2176 3282 ea
2198 3250 2276 3284 urbe
2289 3258 2418 3293 quam*r

1309 3294 1342 3324 in
1361 3293 1567 3332 Monasterio,
1587 3301 1806 3335 praeceptores
1830 3301 2009 3325 nacturum.
2025 3294 2197 3336 Neapolim
2215 3293 2305 3329 vadit
2324 3293 2413 3334 isse,

1310 3347 1376 3369 non
1396 3347 1472 3369 cum
1494 3337 1603 3369 litteris
1621 3345 1677 3370 aut
1701 3339 1955 3380 ex·praescripto
1974 3339 2125 3378 Abbatis,
2151 3339 2207 3370 sed
2226 3348 2270 3370 ex
2286 3339 2391 3373 eonsi-

1311 3383 1370 3420 lio,
1398 3392 1453 3413 seu
1478 3381 1702 3414 deliberatione
1721 3393 1757 3414 ac
1781 3383 1916 3424 imperio
1940 3383 2079 3424 parentis
2107 3383 2291 3425 utriusque;

1311 3427 1429 3468 ipsum,
1454 3436 1491 3458 ex
1514 3437 1581 3468 quo
1605 3428 1704 3459 semel
1728 3427 1847 3459 Casino
1871 3438 2014 3469 egressus
2039 3434 2096 3467 eet,
2116 3434 2229 3470 utpote
2252 3426 2308 3460 nih
2349 3426 2405 3459 Μ’

1311 3482 1344 3503 se
1363 3471 1561 3511 attinentem,
1575 3472 1752 3504 curaverint
1766 3472 1915 3514 deinceps
1929 3473 2037 3504 Abbas
2051 3473 2101 3504 vel
2115 3471 2276 3504 monachi.
2292 3471 2398 3505 Hune

1312 3517 1446 3557 planum
1459 3526 1495 3548 ac
1518 3516 1665 3557 pervium
1677 3517 1851 3548 verborum
1865 3517 2031 3549 Guillelmi
2051 3526 2183 3548 sensum
2202 3515 2390 3557 amplector,

1312 3568 1343 3592 et
1356 3561 1516 3602 adprobo:
1536 3571 1618 3603 quae
1633 3562 1743 3602 paullo
1758 3562 1847 3593 aliter
1861 3562 2065 3603 intelligenda
2079 3561 2181 3603 capite
2194 3571 2234 3600 u,
2247 3570 2340 3592 num.
2359 3560 2390 3600 3,

1313 3615 1555 3647 proposueram,
1575 3612 1611 3637 ut
1635 3606 1660 3636 si
1679 3606 1826 3637 Thomas
1844 3605 2109 3648 quidemCasini
2132 3605 2258 3637 oblatus
2282 3604 2352 3636 Deo
2371 3614 2392 3636 ι
