2788 4204
36 498 46 506 '
57 497 141 524 Codd„
152 504 203 520 exc.
215 504 246 524 q:

31 525 164 551 posterius.

132 561 150 587 μ

134 710 147 727 V

34 808 150 830 ⁸Sion-n.
164 813 249 836 serp

35 840 68 856 m.
83 841 110 861 κς
125 841 141 856 u
160 842 180 857 s.
200 841 233 857 m.

35 851 164 888 Etsit':‚si.

33 1239 84 1260 ’ω
98 1244 148 1261 om.

34 1271 132 1314 othon.
140 1271 168 1287 se
181 1266 236 1288 nab.

82 1297 196 1320 unm.

33 1398 46 1410 ⁸
59 1397 132 1420 Num.
147 1403 180 1425 ¹⁴·

58 1460 74 1476 ι
93 1453 168 1482 fut.

33 1461 148 1503 ”Cinci--
154 1486 176 1503 r:
184 1482 250 1507 sunt,-

33 1512 49 1530 ι
62 1512 112 1540 ομ.

33 1665 228 1689 'Psenmau

32 1930 45 1943 ⁸
66 1935 202 1953 tamn:
227 1932 252 1952 et

31 1956 182 1986 oua-soane-

32 2035 116 2058 Ἀιιικε
121 2035 248 2058 naoeriae.

33 2067 78 2084 m
91 2062 116 2085 h.
125 2062 170 2084 lac.

1134 300 1246 337 CAP.
1276 301 1327 347 X,
1358 301 1509 338 LECT.
1540 301 1592 337 IX

276 378 389 416 situm
419 386 474 416 est
501 380 690 426 lucernae,
711 379 880 426 sequitur
899 378 1003 426 quod
1023 378 1256 415 diffundatur
1275 391 1344 427 per

274 444 392 481 poros
420 432 537 481 pellis.
568 432 654 469 Alio
684 431 802 468 modo
823 444 845 468 a
865 443 980 468 causa
1007 431 1218 480 posteriori,
1246 444 1344 480 quae

277 493 333 522 est
346 486 534 534 posterior
550 487 569 507 ’⁸
589 485 628 522 in
643 484 744 531 fieri;
766 492 801 521 et
820 484 1031 521 secundum
1050 485 1126 521 hoc
1145 497 1345 533 argumen-

276 539 475 576 tabirnurf‘
495 538 600 587 quod
629 538 660 574 si
687 537 771 574 fieri
801 537 980 585 contingit
1006 538 1126 574 finem
1153 538 1343 585 ultimum,

278 600 428 641 oportet
446 591 675 641 praecedere
706 603 751 627 ea
768 602 838 639 per
865 603 964 639 quae
987 591 1207 639 pervenitur
1234 592 1282 629 ad
1302 592 1346 628 fi-

277 657 379 684 nem.
410 645 516 682 Sicut
533 651 636 694 patet
655 643 693 680 in
717 644 882 681 tonitruo
912 644 1016 691 quod
1037 644 1067 680 si
1094 652 1149 681 est
1167 644 1260 692 ignis
1286 657 1346 681 ex-

276 698 424 745 tinctus,
453 709 609 741 necesse
639 704 695 734 est
720 697 829 746 sizire
846 703 875 744 ⁹,
896 697 992 734 idest
1011 697 1134 734 facere
1154 697 1346 734 fremitum

277 750 487 799 quemdam
516 750 611 798 ignis
640 749 789 787 extincti
819 758 855 787 et
882 762 1022 786 sonum
1046 751 1267 798 quemdam.
1298 751 1347 787 Et

277 803 308 840 si
329 805 349 825 *
369 803 499 853 opinio
527 803 870 852 Pythagoricorum
900 811 955 840 est
980 815 1090 849 vera,
1121 803 1224 852 quod
1253 803 1347 840 toni-

275 864 406 893 truum
433 857 501 894 fiat
526 857 574 894 ad
595 856 913 893 comminandum
933 856 992 892 his
1011 856 1076 904 qui
1104 864 1191 893 sunt
1218 856 1257 893 in
1275 864 1347 893 tar-

276 917 379 957 taro,
409 917 560 959 oportet
576 910 702 947 dicere
731 910 836 958 quod
865 909 1074 946 tonitruum
1102 910 1169 946 fiat
1197 909 1245 946 ad
1273 910 1348 946 hoc

278 963 382 1012 quod
409 963 587 1000 homines
615 963 682 1011 qui
710 970 797 1000 sunt
824 962 862 999 in
890 970 1028 999 tartaro
1057 962 1225 999 timeant.
1293 1000 1296 1003 ,

337 1027 395 1052 12.
425 1016 575 1054 Deinde
605 1028 694 1053 cum
728 1015 835 1053 dicit:
864 1015 1036 1052 Plurima
1063 1021 1188 1052 autem
1223 1015 1348 1051 huius-

277 1069 383 1106 modi
409 1077 492 1116 etc.,
514 1069 679 1106 ostendit
706 1069 745 1106 in
764 1068 902 1117 quibus
932 1068 1123 1115 contingat
1149 1069 1224 1105 hoc
1242 1067 1347 1115 quod

278 1121 422 1159 dictum
443 1130 510 1159 est.
531 1123 581 1159 Et
600 1123 699 1159 circa
717 1123 792 1159 hoc
811 1121 881 1158 tria
900 1121 1004 1157 facit:
1023 1121 1163 1169 primo,
1185 1120 1348 1157 ostendit

277 1175 477 1223 quomodo
507 1175 582 1211 hoc
610 1188 651 1212 se
676 1175 815 1211 habeat
842 1174 881 1211 in
908 1174 966 1210 his
995 1186 1093 1221 quae
1123 1181 1210 1210 sunt
1237 1186 1259 1210 a
1283 1185 1348 1209 na-

162 1245 251 1267 quom,-
276 1234 381 1273 tura3
411 1228 594 1275 secundo,
615 1227 816 1276 quomodo
833 1228 853 1248 '¹‘
873 1239 914 1263 se
933 1226 1074 1262 habeat
1101 1226 1139 1262 in
1162 1226 1220 1262 his
1249 1237 1347 1274 quae

277 1287 365 1317 sunt
380 1293 402 1317 a
416 1280 631 1329 proposito;
652 1281 720 1318 ibi:
742 1281 796 1317 In·
808 1280 865 1317 his
879 1284 1004 1316 autem
1020 1290 1118 1326 quae
1130 1284 1216 1315 sunt
1227 1279 1246 1299 *
1262 1285 1346 1323 etc.;

275 1333 397 1380 tertio,
411 1333 520 1371 infert
534 1330 732 1382 qu'oddam
753 1331 1011 1377 corollarium3
1028 1331 1097 1368 ibi:
1117 1331 1246 1373 Quare
1252 1331 1349 1379 finis

276 1387 428 1424 bonus*
448 1395 517 1424 etc.
539 1386 639 1423 Dicit
658 1398 748 1434 ergo
763 1386 890 1435 primo
910 1384 1015 1433 quod
1036 1384 1200 1433 plurima
1219 1384 1348 1421 huius-

276 1439 395 1487 modi,
412 1452 511 1488 quae
531 1439 672 1476 scilicet
690 1446 778 1475 sunt
793 1439 812 1460 *
834 1451 878 1475 ex
898 1438 1121 1474 necessitate
1142 1445 1178 1474 et
1196 1438 1292 1474 fiunt
1304 1438 1346 1459 *²³*

274 1499 433 1542 propter
459 1493 598 1539 finem,
628 1491 795 1529 maxime
824 1491 1069 1528 inveniuntur
1096 1490 1135 1527 in
1161 1490 1219 1527 his
1248 1503 1347 1539 quae

275 1544 485 1582 subsistunt
512 1557 535 1582 a
562 1552 713 1591 natura,
745 1552 781 1582 et
808 1545 847 1582 in
874 1545 933 1581 his
961 1556 1060 1592 quae
1089 1551 1175 1580 sunt
1193 1556 1263 1593 per
1281 1556 1346 1580 na-

274 1605 402 1636 turam
422 1606 648 1636 constructa.
670 1599 819 1635 Natura
835 1598 936 1634 enim
952 1597 1144 1646 quaedam
1160 1596 1246 1634 facit
1258 1610 1346 1656 pro-

274 1658 360 1701 pter
386 1652 525 1698 finem,
555 1651 746 1701 quaedam
775 1663 870 1688 vero
900 1650 987 1687 facit
1006 1651 1026 1671 *
1056 1662 1102 1686 ex
1125 1650 1346 1687 necessitate

274 1704 448 1754 priorum
478 1717 691 1741 causarum.
714 1705 824 1751 Quae
844 1703 1001 1753 quidem
1022 1710 1077 1740 est
1095 1703 1250 1752 duplex:
1269 1716 1347 1740 una

275 1757 489 1795 secundum
519 1765 706 1804 naturam,
727 1769 826 1806 quae
847 1764 903 1793 est
922 1756 1135 1793 secundum
1164 1756 1346 1793 conditio-

274 1823 367 1848 nem
387 1811 584 1857 materiae;
605 1810 678 1847 alia
693 1810 907 1847 secundum
928 1821 1083 1846 causam
1103 1817 1344 1847 moventem:

276 1863 372 1901 sicut
386 1863 480 1913 lapis
494 1871 674 1901 movetur
691 1863 849 1912 quidem
866 1875 910 1900 ex
930 1862 1153 1900 necessitate
1173 1863 1345 1911 quando-

276 1928 352 1965 que
371 1929 536 1963 sursum,
557 1917 791 1966 quandoque
807 1918 827 1938 ³¹²
847 1916 1059 1962 deorsum„
1073 1915 1140 1953 sed
1160 1928 1239 1952 non
1257 1929 1344 1965 pro-

274 1977 360 2018 pter
381 1969 486 2007 idem
501 1982 621 2018 genus
645 1969 892 2015 necessitatis;
910 1969 977 2006 sed
1006 1969 1187 2006 deorsum
1211 1981 1344 2006 move-

274 2029 337 2060 tur
353 2030 511 2072 propter
525 2023 790 2060 necessitatem
806 2030 962 2060 naturae
983 2023 1015 2068 ’ἢ
1046 2034 1197 2059 sursum
1217 2030 1344 2059 autern

273 2083 432 2125 propter
459 2076 723 2113 necessitatem
752 2075 954 2122 moventis,
982 2075 1078 2113 idest
1104 2075 1343 2124 proiicientis.

335 2129 392 2165 13.
414 2129 562 2166 Deinde
583 2141 671 2166 cum
696 2129 804 2166 dicit:
824 2130 871 2165 In
891 2129 948 2166 his
966 2134 1092 2165 autem
1113 2136 1195 2175 etc.,
1221 2136 1344 2165 osten-

275 2181 329 2220 dit
356 2182 557 2230 quomodo
586 2194 627 2220 se
655 2183 794 2219 habeat
821 2182 860 2219 in
888 2181 946 2219 his
974 2194 1073 2230 quae
1103 2190 1189 2219 sunt
1216 2194 1239 2218 a
1258 2194 1345 2230 pro-

273 2235 412 2283 posito.
442 2237 492 2273 Et
519 2235 608 2273 dicit
635 2235 740 2284 quod
764 2235 803 2272 in
822 2235 891 2272 illis
911 2236 931 2256 ⁹¹²
959 2247 1058 2283 quae
1078 2235 1174 2272 fiunt
1200 2247 1270 2284 per
1287 2248 1345 2272 ra-

330 2390 358 2424 μ.)
379 2390 416 2415 Et
433 2390 577 2416 secundum
590 2390 639 2415 hoc
652 2390 939 2423 argumentabimur.-
953 2391 999 2415 AN
1012 2399 1066 2415 om.
1080 2394 1115 2416 et.
1128 2392 1181 2416 -G
1193 2400 1247 2416 om.
1260 2392 1317 2417 hoc.
1327 2405 1346 2411 -·

274 2426 469 2451 BCEKLNOS:
491 2426 754 2459 argumentabimur,-
773 2426 861 2451 DMT:
880 2427 1152 2470 argumentabamur5
1170 2427 1190 2451 F
1193 2428 1242 2458 IQ
1261 2434 1344 2460 argu-

275 2464 442 2491 mentamum
460 2462 493 2486 P.
508 2461 754 2494 argumentabitur.

329 2496 353 2529 ν)
368 2497 480 2522 Necesse
493 2500 533 2522 est
544 2496 624 2529 sizire
637 2501 715 2521 etc.—
724 2496 748 2521 Τ
766 2505 819 2521 om.
835 2503 951 2523 necesse:
963 2497 1030 2522 EGS
1047 2502 1074 2522 et
1091 2505 1116 2530 p.

274 2531 347 2557 DFM
365 2539 418 2556 om.
434 2539 536 2557 necesse
554 2535 601 2557 est.
617 2532 687 2556 Loco
705 2532 797 2565 sizire,
819 2532 889 2564 quod
908 2532 986 2557 habet
1004 2540 1026 2557 s.
1046 2541 1081 2557 m.
1103 2533 1125 2563 1,
1146 2533 1236 2565 legunt
1254 2533 1343 2557 ABCE

1132 2505 1167 2522 m.
1181 2497 1205 2522 K
1223 2506 1277 2522 om.
1291 2501 1344 2526 est,-

243 2582 246 2583 .
275 2567 402 2592 GKLNS:
417 2567 506 2595 sitire;
520 2567 606 2592 DMT:
621 2574 710 2592 vocem
722 2567 798 2592 sitire
810 2567 862 2599 (vel
873 2575 961 2592 vocem
977 2573 1097 2600 corrupte
1109 2576 1157 2600 pro
1171 2575 1274 2593 necesse
1284 2568 1343 2600 est),

274 2602 310 2627 F:
326 2610 414 2628 vocem
433 2603 532 2627 sentire
537 2610 546 2631 ;
562 2603 570 2627 1
590 2611 615 2635 p.
630 2610 680 2627 m.:
701 2603 800 2627 sentire
805 2611 815 2633 ;
834 2603 872 2627 O:
884 2603 963 2635 sieri,
985 2603 1021 2633 Q:
1039 2603 1115 2628 scire.
1131 2604 1154 2627 H
1172 2611 1226 2628 om.
1242 2610 1344 2628 necesse

275 2640 368 2663 est...
387 2638 511 2663 extincti.
523 2652 543 2657 -
555 2638 589 2662 P:
609 2645 711 2663 necesse
735 2641 775 2663 est
797 2638 910 2669 sceptire
933 2638 1001 2663 idest
1015 2638 1179 2671 fulminare,
1205 2642 1232 2663 et
1248 2640 1344 2672 facere

268 2673 412 2707 fremitum
418 2680 428 2703 ;
447 2674 494 2698 sed
505 2674 657 2707 fulminare
675 2677 702 2698 et
719 2681 772 2698 om.
793 2674 868 2698 codd.
879 2686 898 2692 ·-
911 2674 1036 2698 Existimo
1055 2675 1111 2698 sine
1129 2675 1183 2699 ulla
1200 2674 1344 2698 temeritate

2386 302 2460 338 363

1399 379 1556 426 tionem,
1577 378 1672 415 sicut
1691 385 1777 415 sunt
1796 390 1914 427 opera
1933 377 2037 425 artis,
2059 379 2249 427 quaedam
2272 380 2359 416 talia
2378 388 2464 417 sunt

1399 433 1524 480 quaess
1540 444 1739 480 nunquam
1754 432 1851 468 fiunt
1866 444 1888 468 a
1903 444 2005 479 casu,
2018 432 2112 469 sicut
2127 433 2266 469 domus
2282 441 2317 470 et
2331 441 2462 480 statua,

1400 497 1470 522 nec
1504 485 1617 522 etiam
1651 492 1812 534 possunt
1843 497 2014 533 unquam
2047 485 2130 522 fieri
2166 498 2210 522 ex
2243 486 2463 523 necessitate

1400 546 1577 584 naturae3
1612 538 1679 575 sed
1714 550 1866 587 semper
1887 539 1993 575 ‘fiunt
2019 547 2175 588 propter
2202 539 2341 587 finem,
2375 540 2463 588 quia

1401 600 1553 640 semper
1584 591 1681 628 fiunt
1709 603 1731 627 a
1759 591 1920 638 ratione,
1950 604 2049 639 quae
2082 604 2160 629 non
2189 601 2366 641 operatur
2393 592 2464 629 nisi

1400 644 1599 681 intendens
1619 645 1749 681 finem.
1771 644 1974 690 Quaedam
1988 657 2083 682 vero
2112 653 2198 682 sunt
2220 647 2239 667 '³²
2259 658 2357 694 quae
2375 658 2463 694 pos-

1401 706 1487 734 sunt
1506 697 1662 745 quidem
1681 697 1764 734 fieri
1792 710 1814 734 a
1843 697 1987 734 ratione
2016 698 2123 746 artis,
2152 706 2282 736 tamen
2304 706 2465 748 possunt

1402 751 1516 787 etiarn
1541 750 1774 798 quandoque
1814 750 1897 787 fieri
1925 763 1948 787 a
1975 751 2143 788 fortuna:
2173 752 2268 789 sicut
2285 759 2388 801 patet
2416 752 2463 789 de

1402 804 1570 850 sanitate,
1600 815 1697 851 quae
1726 803 1958 851 quandoque
1979 805 1998 825 ²¹²
2022 805 2066 840 fit
2082 817 2151 854 per
2170 813 2290 842 artem
2310 805 2463 843 medici-

1402 869 1491 903 nae;
1517 856 1584 893 sed
1607 864 1748 903 tamen,
1769 856 1857 904 quia
1884 864 2008 916 potest
2034 858 2237 906 provenire
2267 871 2311 895 ex
2339 859 2465 907 aliqua

1403 922 1516 946 causa
1544 908 1719 955 naturali,
1748 916 1873 968 potest
1893 910 2107 957 contingere
2130 912 2234 959 quod
2254 912 2387 960 aliquis
2406 925 2464 949 sa-

1402 970 1511 999 netur
1529 970 1678 1011 praeter
1702 962 1965 1009 intentionem,
1996 963 2091 1000 sicut
2109 964 2139 1000 si
2158 961 2329 1013 leprosus
2358 977 2464 1002 sane-

1401 1023 1462 1052 tur
1489 1027 1535 1052 ex
1555 1027 1622 1051 esu
1646 1014 1840 1073 serpentis,
1861 1027 1976 1063 quem
1998 1016 2164 1054 comedit
2181 1026 2222 1054 ut
2241 1026 2462 1055 moreretur.

1402 1069 1452 1104 Et
1466 1068 1633 1104 similiter
1653 1067 1833 1115 contingit
1852 1068 1899 1104 de
1919 1069 2051 1115 salute;
2069 1082 2157 1106 cum
2177 1070 2316 1107 scilicet
2330 1071 2464 1120 aliquis

1403 1120 1544 1157 intrans
1572 1121 1733 1157 domum
1752 1129 1908 1169 propter
1927 1121 2066 1169 aliquid
2086 1123 2199 1170 aliud,
2219 1123 2397 1162 liberatur
2417 1124 2464 1161 de

1403 1185 1521 1209 manu
1558 1172 1801 1210 inimicorum
1839 1175 2102 1222 quaerentium
2139 1176 2275 1224 ipsum.
2315 1178 2364 1214 Et
2390 1178 2464 1214 hoc

1402 1225 1570 1262 maxime
1599 1226 1778 1273 contingit
1806 1226 1880 1263 in*
1909 1228 2088 1264 omnibus
2121 1230 2232 1266 rebus
2260 1230 2299 1266 in
2326 1230 2464 1278 quibus
2491 1240 2502 1251 ·

1404 1279 1583 1327 contingit
1597 1280 1702 1327 quod
1718 1279 1858 1328 aliquid
1878 1280 1921 1316 fit
1940 1287 1975 1316 et
1995 1280 2047 1317 sic
2063 1289 2098 1317 et
2113 1282 2216 1318 aliter
2232 1280 2255 1328 ε,
2279 1295 2366 1320 cum
2386 1296 2465 1320 non

1403 1344 1425 1368 a
1453 1332 1603 1369 fortuna
1621 1333 1675 1379 fit,
1697 1332 1792 1369 idest
1821 1333 1946 1369 cum
1939 1333 2147 1381 contingit
2167 1335 2347 1372 eumdem
2376 1336 2502 1373 effe-·

1403 1392 1506 1422 ctum
1534 1398 1613 1422 non
1647 1385 1800 1422 fortuito
1834 1398 1879 1422 ex
1908 1385 2066 1423 diversis
2102 1388 2222 1424 causis
2249 1389 2463 1436 provenire.

1402 1439 1498 1475 Puta
1525 1446 1650 1486 potest
1673 1438 1806 1486 aliquis
1834 1438 1970 1475 intrare
1997 1440 2158 1477 domum
2178 1453 2257 1477 non
2276 1454 2298 1477 a
2317 1442 2466 1479 fortuna

1401 1499 1443 1528 ut
1461 1492 1628 1528 salvetur
1650 1504 1673 1528 a
1691 1504 1809 1528 manu
1828 1492 2014 1539 hostium,
2043 1493 2105 1529 vel
2134 1501 2175 1530 ut
2195 1494 2383 1541 comedat,
2403 1496 2464 1532 vel

1401 1552 1443 1581 ut
1470 1545 1649 1603 quiescat.
1679 1545 1790 1582 Unde
1814 1545 1844 1581 si
1872 1544 2104 1583 intendendo
2139 1559 2261 1583 unum
2291 1559 2424 1584 eorum
2446 1549 2465 1569 *

1403 1597 1553 1635 eveniat
1580 1597 1692 1644 aliud,
1714 1597 1783 1634 erit
1801 1610 1823 1634 a
1842 1598 2003 1636 fortuna.
2035 1599 2111 1636 Sed
2132 1599 2271 1636 domus
2292 1607 2328 1636 et
2346 1607 2466 1638 statua

1402 1663 1481 1688 non
1508 1651 1605 1687 fiunt
1623 1651 1694 1687 nisi
1711 1663 1781 1699 per
1797 1651 1990 1688 *easdem
2016 1664 2166 1699 causas;
2197 1660 2232 1689 et
2258 1652 2346 1690 ideo
2380 1654 2466 1691 talia

1401 1717 1480 1741 non
1510 1704 1689 1751 contingit
1715 1704 1797 1740 fieri
1826 1716 1848 1740 a
1876 1704 2036 1742 fortuna.

1461 1768 1518 1804 14.
1548 1757 1697 1794 Deinde
1726 1769 1814 1794 cum
1835 1757 1937 1794 dicit:
1971 1758 2100 1799 Quare
2119 1758 2215 1806 finis
2234 1759 2353 1796 bonus
2381 1766 2464 1807 etc.,

1402 1810 1593 1847 concludit
1621 1822 1666 1847 ex
1699 1810 1916 1858 praemissis
1953 1811 2057 1858 quod
2090 1811 2290 1860 pervenire
2319 1812 2368 1849 ad
2397 1813 2464 1849 bo·

1401 1875 1495 1900 num
1517 1864 1536 1884 ’²‘
1566 1871 1621 1900 est
1648 1871 1713 1900 aut
1732 1876 1754 1900 a
1773 1871 1905 1900 natura
1933 1872 1998 1900 aut
2016 1864 2064 1900 ab
2085 1872 2174 1901 arte.
2205 1867 2277 1901 Ars
2298 1865 2399 1902 enim
2429 1873 2466 1902 et

1401 1924 1535 1953 natura
1562 1916 1731 1953 similiter
1759 1924 1964 1965 operantur
1991 1925 2152 1965 propter·
2173 1918 2310 1964 finem,
2339 1927 2381 1955 ut
2399 1920 2464 1955 ha-

1401 1970 1509 2006 betur
1527 1969 1566 2006 in
1586 1971 1617 2006 II
1637 1970 1785 2018 Physic.
1803 1971 1823 1990 '¹‘
1844 1970 1920 2007 Sed
1940 1982 1962 2006 a
1981 1970 2131 2007 fortuna
2158 1983 2237 2007 non
2263 1971 2307 2007 fit
2325 1972 2503 2020 aliquid

1400 2022 1518 2070 gratia
1539 2022 1663 2059 huius.
1695 2023 1812 2069 Quod
1832 2023 1852 2043 ⁹⁹⁸
1880 2023 1967 2060 ideo
1997 2023 2148 2070 dicitur,
2178 2023 2267 2072 quia
2296 2025 2362 2061 etsi
2391 2025 2464 2061 for-

1400 2083 1491 2112 tuna
1511 2075 1701 2123 contingat
1728 2076 1767 2112 in
1789 2076 1848 2112 his
1876 2088 1974 2124 quae
2002 2077 2098 2113 fiunt
2129 2085 2285 2126 propter
2312 2077 2463 2126 aliquid,

1400 2137 1442 2166 ut
1470 2128 1603 2166 dicitur
1621 2129 1660 2165 in
1680 2129 1711 2164 II
1731 2130 1878 2177 Physic.
1897 2130 1929 2176 *,
1951 2129 2040 2166 illud
2059 2137 2188 2167 tamen
2207 2131 2312 2178 quod
2332 2131 2465 2168 dicitur

1401 2195 1424 2219 a
1443 2182 1594 2219 fortuna
1621 2181 1722 2228 fieri,
1751 2194 1830 2219 non
1859 2190 1914 2219 est
1941 2182 2127 2219 intentum
2154 2192 2337 2232 tanquam
2364 2185 2462 2232 finis,

1401 2235 1468 2272 sed
1496 2243 1646 2284 praeter
1673 2235 1920 2272 intentionem
1949 2236 2094 2272 accidit.

1399 2391 1520 2417 affirmari
1539 2400 1619 2424 posse
1638 2392 1710 2424 quod
1728 2392 1851 2416 lectiones
1870 2392 1982 2421 sentire,
2001 2392 2080 2421 scire,
2101 2397 2126 2417 et
2144 2393 2294 2424 praesertim
2308 2393 2396 2423 sitire,
2412 2402 2464 2418 non

1400 2427 1468 2452 aliud
1486 2433 1547 2451 sunt
1560 2435 1639 2460 quam
1654 2427 1734 2460 sizire
1748 2428 1899 2452 correctoris
1915 2428 1971 2451 cod.
1982 2427 2000 2457 1,
2012 2432 2131 2460 corrupte
2145 2428 2177 2452 ab
2191 2428 2390 2453 amanuensibus
2404 2430 2465 2453 scri-

1399 2468 1481 2495 ptum.
1501 2463 1576 2488 Unde
1595 2463 1732 2495 recipimus
1751 2463 1844 2496 sizire:
1863 2463 1934 2495 quod
1947 2467 1987 2487 est
2001 2463 2085 2495 ipsum
2104 2463 2260 2488 vocabulum
2279 2464 2310 2488 ab
2326 2464 2465 2489 Aristotele

1434 2498 1527 2522 situm:
1547 2496 1599 2526 σίζε
1603 2506 1633 2522 ιν.

1398 2506 1432 2530 po
1454 2531 1477 2565 ξ)
1496 2533 1616 2575 Aliquid
1624 2533 1662 2576 fit
1679 2536 1705 2557 et
1728 2533 1767 2557 sic
1785 2536 1812 2558 et
1829 2533 1950 2557 aliteru-
1962 2533 2010 2557 Est
2027 2533 2101 2558 lectio
2120 2533 2167 2558 ista
2185 2534 2205 2558 P
2224 2533 2301 2558 textui
2320 2533 2465 2559 Aristotelis

1399 2568 1555 2593 conformis.
1577 2576 1620 2592 και
1635 2566 1682 2592 ωδε
1696 2576 1739 2592 και
1756 2564 1851 2597 ἄλλως.
1864 2569 1900 2592 A:
1920 2568 2023 2600 alnqmd
2029 2569 2067 2601 fit
2080 2572 2106 2593 et
2118 2569 2211 2599 aliter;
2225 2570 2259 2593 B:
2278 2569 2381 2601 aliquid
2392 2570 2427 2594 sit
2440 2573 2466 2594 et

1399 2604 1506 2633 taliter,·
1525 2603 1779 2633 CEFGILMNQST:
1793 2603 1897 2635 aliquid
1910 2604 1946 2628 sit
1960 2604 2066 2631 taliter,·
2080 2604 2117 2628 D:
2131 2604 2233 2636 aliquid
2246 2604 2337 2636 (marg.
2353 2605 2410 2629 add.
2418 2605 2463 2638 fit)

1398 2639 1502 2668 taliter;
1522 2639 1560 2663 H.
1580 2639 1683 2671 aliquid
1692 2639 1730 2671 fit
1746 2638 1851 2669 taliter;
1865 2639 1902 2663 Κ.
1920 2639 2024 2670 aliquid
2037 2640 2128 2664 taliter
2145 2640 2195 2670 sit,·
2210 2639 2248 2664 O-
2243 2659 2249 2665 .
2263 2640 2366 2672 aliquid
2378 2640 2417 2665 sic
2429 2640 2464 2665 sit

1398 2677 1424 2699 et
1442 2674 1612 2699 alitem—AL
1631 2682 1684 2699 om.
1696 2681 1728 2704 a;
1746 2674 1833 2704 BOQ:
1851 2681 1869 2698 a
1879 2675 1996 2707 fortuna
2014 2674 2058 2699 sit.

2491 448 2497 455 ”
2508 445 2595 467 Codd.-
2603 452 2623 467 P:
2632 446 2703 473 quod.

2491 659 2500 667 ¹
2516 657 2578 678 Sunt
2590 664 2618 679 ex
2633 657 2703 680 codd.

2492 816 2500 824 ’
2522 821 2555 836 1⁷1:
2571 820 2632 842 quae
2651 815 2703 842 qui-

2492 841 2542 862 dem
2554 841 2702 869 quandoque.

2515 1239 2542 1261 In
2556 1245 2605 1261 om.
2618 1246 2657 1261 AN.

2587 1288 2600 1319 Ε

2518 1349 2573 1370 Cum
2590 1356 2619 1371 ex
2633 1349 2693 1371 codd
2698 1365 2704 1371 .

2492 1559 2503 1569 ⁴
2512 1558 2600 1581 Codd.:
2611 1559 2708 1585 norunt,-

2492 1591 2522 1606 ιο
2536 1591 2584 1607 om.

2488 1664 2584 1718 pgpdd.
2595 1671 2638 1686 -122
2645 1670 2705 1692 pro-

2492 1880 2501 1888 ·
2510 1884 2525 1899 A
2539 1884 2558 1899 s.
2570 1884 2610 1900 m.:
2623 1878 2706 1900 bonum

2486 1904 2568 1932 finem.

2518 1988 2574 2015 Cap.
2587 1994 2633 2013 vm,
2644 1994 2684 2009 nn.
2694 1994 2705 2016 5

2493 2015 2561 2036 et8.-
2572 2015 2705 2036 Comi-nent.

2493 2048 2511 2062 s.
2530 2041 2575 2062 Th.
2596 2042 2647 2063 lect.
2665 2047 2705 2062 xnr

2492 2071 2514 2088 et
2529 2074 2566 2088 xiv

2493 2096 2574 2115 “;ΑΗΝ
2589 2093 2627 2115 Et.

2492 2141 2559 2190 CCap.
2569 2148 2590 2167 ν
2599 2146 2639 2163 nn.
2634 2148 2703 2189 415.-

2512 2158 2623 2192 ommdnt.
2632 2174 2643 2189 3
2682 2169 2706 2190 11.

2491 2195 2604 2216 lect.v1u.
