2548 4192
929 275 983 311 IN
1015 275 1052 310 S.
1074 272 1317 310 THOMAM
1344 274 1669 320 AQUINATEM

195 359 308 390 nantia
334 366 432 388 sacra
464 356 550 387 dona
583 356 812 395 complectitur.
833 355 984 395 Hymnus
1016 353 1074 384 iste
1107 353 1268 383 dicebatur

193 403 318 434 Laudis
340 402 512 438 canticum,
537 410 604 441 quo
629 400 707 430 sacri
731 399 866 430 ministri
891 405 921 429 et
943 398 1052 428 fideles
1079 407 1268 438 supremum

194 448 339 478 datorem
353 446 516 476 bonorum
531 443 681 474 omnium
697 443 840 474 canendo
854 443 1036 474 laudabant:
1047 452 1159 472 verum
1174 442 1269 472 etiam

193 491 308 533 gratias
331 490 464 530 agebant
480 499 539 529 pro
559 488 653 519 sacris
677 488 770 519 donis
787 488 827 518 ad
843 498 903 518 nos
920 487 1166 524 dimanantibus,
1184 486 1269 517 unde

195 543 227 567 et
249 534 554 575 Sacro-principalis
575 534 762 574 gratiarum
782 534 867 563 actio
889 532 1072 563 vocabatur.
1090 532 1140 561 Ab
1158 530 1269 571 aliqui-

195 581 255 611 bus
283 579 361 610 item
384 578 573 619 Symbolum
603 578 772 618 religionis
806 577 927 607 dictum
951 576 1028 613 fuit;
1053 575 1108 606 ubi
1137 575 1271 615 dignum

195 631 243 656 est
264 622 556 659 animadversione,
586 622 775 662 Symbolum
805 621 866 652 dici
894 631 961 651 non
981 620 1086 662 fidei,
1111 620 1166 650 sed
1196 620 1270 650 reli-

194 669 323 711 gionis:
341 677 399 698 nec
415 667 502 698 enim
525 666 659 706 simplex
683 673 748 696 erat
770 665 844 696 fidei
868 665 1040 706 professi03
1057 665 1113 695 sed
1132 664 1271 695 christia-

195 723 255 744 nae
278 712 439 752 religionis
463 711 623 752 mysteria,
646 711 717 741 Deo
732 710 842 741 laudes
859 709 1063 747 effundendo,
1087 709 1180 750 eique
1203 719 1272 748 gra-

195 758 254 789 tias
284 767 344 797 pro
377 755 500 787 collatis
533 755 626 786 donis
659 755 804 795 agendo,
829 755 1124 786 commemorabant
1151 753 1270 784 fideles.

195 801 383 842 Diciturque
406 801 540 831 demum
563 800 720 831 catholica
744 800 968 840 hymnologia,
992 805 1159 839 propterea
1182 798 1271 839 quod

195 846 362 878 universus
386 845 544 876 Ecclesiae
568 851 678 875 coetus
701 844 862 885 hymnum
884 844 978 874 illurn
1001 843 1196 874 decantabat.

262 890 350 921 Nihil
373 896 420 920 est
438 899 526 929 ergo,
542 889 632 930 quod
651 888 825 919 formulam
847 888 946 926 illam,
966 898 1066 929 quam
1083 887 1270 928 Symbolum

193 935 272 975 fidei
289 945 455 972 vocamus,
474 934 600 964 indicet.
626 933 745 964 Mirum
764 933 856 971 foret,
876 940 924 963 tot
939 932 1124 963 nominibus
1143 931 1272 971 insigni-

194 986 264 1011 tam
286 979 374 1010 illam
397 978 505 1016 fuisse,
525 988 608 1019 quae
626 978 732 1008 Patres
749 978 800 1008 alii
820 977 1083 1017 ecclesiasticique
1107 976 1273 1016 scriptores

198 1033 380 1065 numquam
402 1029 607 1063 usurparunt,
631 1032 737 1063 neque
755 1022 822 1062 ipse
841 1021 1140 1061 Areopagiticorum
1163 1027 1274 1051 auctor

198 1069 262 1100 alio
286 1068 319 1098 in
342 1068 427 1106 loco,
444 1067 498 1098 ubi
514 1067 554 1097 de
567 1066 724 1107 Symbolo
743 1066 817 1096 fidei
831 1066 1066 1106 Apostolorum
1080 1064 1153 1104 agit.
1173 1065 1273 1094 Porro

200 1112 393 1154 Symbolum
423 1112 488 1142 sive
511 1111 764 1151 Apostolorum,
788 1110 853 1141 sive
875 1110 1074 1146 Nicaenum,
1099 1108 1163 1138 sive
1187 1108 1273 1139 Con—

200 1156 523 1196 stantinopolitanum
538 1165 556 1185 a
571 1154 689 1194 graecis
698 1155 844 1185 Patribus
854 1155 976 1185 dictum
991 1153 1127 1193 legimus
1143 1153 1271 1192 πίστιν,

199 1208 231 1232 et
255 1193 401 1239 ἔκδοσιν,
428 1206 459 1230 et
483 1196 569 1242 ὅρος,
591 1206 622 1229 et
645 1200 804 1239 πίστεως,
821 1206 851 1230 et
865 1195 1015 1238 κανόνα,
1042 1204 1072 1228 et
1097 1195 1192 1241 ἅγιον
1210 1195 1276 1240 μα’.-

199 1242 308 1288 Θημα,
325 1251 356 1275 et
369 1241 525 1289 γράμμα,
551 1251 582 1274 et
604 1242 759 1288 γραφὴνε
785 1243 898 1274 nullibi
920 1244 1090 1284 hymnum,
1107 1248 1163 1272 aut
1182 1242 1275 1283 hym—

200 1290 378 1331 nologiam,
403 1296 458 1319 aut
479 1289 639 1331 canticum
659 1288 786 1326 laudis,
815 1294 870 1318 aut
895 1289 1082 1329 gratiarum
1106 1288 1273 1317 actionem.

201 1335 272 1377 lpse
288 1340 418 1367 auctor
433 1332 731 1373 Areopagiticorum
761 1333 863 1373 capite
886 1343 909 1362 11
939 1333 978 1362 de
1001 1331 1168 1362 ecclesiast.
1198 1331 1275 1361 Hie-

196 1378 322 1410 *melfia
343 1388 434 1408 num.
452 1387 482 1416 2,
499 1378 529 1418 §-
550 1378 569 1408 6
595 1378 634 1408 de
657 1377 814 1418 Symbolo
837 1376 910 1407 fidei
933 1377 1080 1417 loquens,
1105 1375 1194 1417 quod
1217 1375 1275 1406 ini-

197 1423 299 1455 tiandi
322 1422 482 1463 baptismo
507 1422 642 1453 edebant
664 1432 700 1452 ac
723 1421 969 1462 profitebantur,
992 1427 1085 1451 vocat
1106 1421 1184 1451 illud
1204 1417 1275 1451 θεο-

204 1460 425 1511 παροιδότους
441 1466 643 1512 ἰερολογίας,
658 1476 755 1498 sacra
769 1476 790 1496 a
803 1467 874 1496 Deo
889 1466 1009 1497 tradita
1025 1466 1161 1506 eloquia.
1177 1465 1277 1502 Quod

201 1519 391 1553 argumento
415 1512 548 1542 demum
571 1518 628 1549 est,
653 1511 731 1541 nihil
755 1521 823 1542 esse
846 1511 879 1541 in
899 1521 938 1541 eo
953 1511 1026 1541 loco
1041 1510 1275 1550 Areopagitico,

201 1557 294 1598 quod
315 1556 509 1598 Symbolum
531 1555 604 1586 fidei
628 1555 756 1593 indicet,
781 1556 910 1596 quodve
928 1562 1047 1595 spectet
1070 1555 1110 1585 ad
1133 1555 1230 1586 ritum
1243 1555 1276 1585 in

201 1601 310 1633 officio
333 1601 480 1642 liturgico
503 1601 666 1632 invectum
689 1610 708 1630 a
730 1601 824 1631 Petro
848 1600 994 1631 Fullone.

567 1704 766 1741 CAPUT
798 1704 916 1740 XIII.

205 1802 363 1837 Symbolum
382 1801 493 1834 simplex
507 1800 649 1825 Nicaenum
665 1799 725 1825 fecit
740 1801 828 1824 'sacrae
843 1799 961 1831 liturgiae
976 1804 1075 1832 partem
1091 1800 1184 1824 Petrus
1194 1800 1279 1825 Fullo.

277 1838 434 1871 Symbolum
449 1835 762 1868 Constantinopolitanum
773 1835 917 1860 Orthodoxi
931 1834 1117 1861 adhibuerunt:
1133 1835 1208 1868 isque
1218 1836 1281 1861 ritus

275 1874 303 1899 iu
321 1872 463 1899 Occidente
481 1871 564 1896 serius
583 1871 667 1896 multo
686 1876 814 1904 receptus.
843 1870 919 1895 Ritus
938 1870 1087 1896 huiusmodi
1107 1879 1159 1896 non
1178 1873 1283 1905 exponit

277 1916 326 1934 nec
343 1907 437 1933 indicat
455 1912 544 1932 auctor
561 1906 810 1940 Areopagiticorum.
830 1906 897 1932 Hinc
910 1906 991 1931 vitam
1007 1907 1059 1939 egit
1077 1907 1122 1932 ille
1140 1912 1199 1932 ante
1214 1908 1283 1933 eius·

277 1945 339 1970 dem
358 1943 418 1968 novi
436 1942 499 1968 ritus
519 1948 646 1975 tempora.

210 2031 233 2066 1.
255 2026 463 2111 Nondum
486 2033 570 2064 satis.
596 2032 761 2064 Invectum
775 2042 793 2062 a
807 2032 944 2063 Fullone
964 2032 1060 2063 ritum
1083 2033 1222 2074 penitius
1236 2034 1283 2065 in-

338 2077 509 2119 trospicere
532 2084 679 2118 praestat,
703 2084 739 2108 ut
761 2076 884 2118 liquido
909 2077 1042 2107 demum
1065 2085 1180 2118 pateat,
1205 2079 1283 2109 nihil

208 2134 276 2156 esse
308 2123 342 2154 in
365 2122 594 2163 Areopagiticis
622 2121 730 2160 dictis,
761 2121 851 2163 quod
878 2128 1020 2152 mentem
1050 2132 1086 2152 ac
1118 2123 1283 2163 ingenium

207 2168 291 2200 Petri
314 2167 460 2199 Fullonis
489 2177 525 2197 ac
548 2166 792 2198 Severianorum
821 2166 971 2197 redoleat.
1003 2166 1099 2197 Illum
1122 2168 1283 2199 verissime

207 2213 344 2244 declarat
357 2211 545 2243 christianus
555 2212 667 2251 Lupus
682 2210 715 2241 in
729 2210 956 2241 Dissertatione
971 2211 1009 2241 de
1029 2210 1184 2252 Symbolo
1194 2215 1282 2253 Apo-

208 2257 322 2290 stolico
342 2263 373 2288 et
385 2256 527 2287 Nicaeno
543 2255 644 2296 capite
658 2262 699 2286 vr:
723 2256 830 2286 Tertio
844 2255 1008 2293 discimus,
1026 2255 1183 2297 inquiens,
1198 2257 1284 2298 quod

206 2302 388 2334 Nicaenum
412 2300 600 2340 Symbolum
623 2300 811 2331 solemniter
833 2301 962 2331 cantari
983 2300 1028 2330 ad
1041 2310 1165 2332 omnem
1190 2302 1283 2332 litur-

205 2347 309 2388 giam,
329 2346 458 2387 primus
481 2346 514 2376 in
538 2345 737 2376 Antioche-na
760 2344 907 2376 Ecclesia
931 2355 971 2375 ac
983 2345 1131 2376 Dioecesi
1154 2346 1284 2377 iusserit

198 2390 323 2432 foedus
340 2390 592 2431 Eutychianista
606 2390 722 2420 Petrus
741 2389 846 2420 Fullo.
876 2389 1013 2427 Quarto,
1033 2390 1119 2430 quod
1137 2391 1281 2421 eumdem

208 2437 308 2466 ritum
333 2436 366 2465 in
384 2434 773 2474 Constantinopolitanum
788 2433 967 2464 Ecclesiam
982 2444 1022 2464 ac
1039 2434 1218 2465 Dioecesim
1234 2436 1282 2465 in-

209 2480 334 2512 vexerit
362 2479 502 2510 eiusdem
526 2478 719 2509 Patriarcha
748 2478 940 2508 Timotheus.
975 2478 1041 2508 Iam
1065 2485 1154 2517 tene,
1186 2479 1283 2509 ritum

208 2523 302 2554 illum
325 2533 343 2553 a
366 2523 502 2554 Fullone
526 2522 559 2553 in
578 2522 752 2553 Ecclesiam
766 2521 1011 2560 Antiochenam,
1027 2532 1046 2552 a
1059 2523 1234 2553 Timotheo
1250 2523 1283 2553 in

210 2567 612 2608 constantinopolitanam,
635 2566 882 2607 Eutychianistis
901 2566 1086 2597 hominibus
1109 2567 1282 2606 invectum,

209 2613 243 2644 in
266 2613 335 2643 sola
358 2611 504 2653 Symboli
523 2611 743 2642 decantatione
765 2610 909 2651 positum
924 2620 990 2641 non
1005 2621 1083 2650 esse,
1103 2611 1159 2642 sed
1172 2611 1206 2642 in
1221 2622 1282 2643 usu

209 2656 355 2699 Symboli
378 2655 520 2693 Nicaeni‚
544 2655 659 2686 reiecto
684 2654 1053 2695 Constantinopolitano.

277 2701 346 2733 Cur
368 2698 433 2732 ita?
455 2700 680 2731 Animadverte
704 2699 878 2730 formulam
901 2698 992 2738 fidei,
1022 2710 1122 2741 quam
1144 2700 1176 2730 in
1196 2700 1283 2731 Con-

209 2746 282 2778 cilio
306 2745 448 2776 Nicaeno
467 2745 616 2775 adversus
634 2744 749 2775 Arium
760 2743 894 2775 trecenti
909 2744 1019 2774 decem
1035 2751 1066 2775 et
1084 2751 1158 2775 octo
1177 2745 1283 2776 Patres

208 2790 431 2828 condiderunt,
446 2789 639 2831 quibusdam
662 2796 773 2829 postea
796 2795 923 2819 auctam
937 2788 1032 2819 fuisse
1052 2789 1283 2828 additamentis,

209 2835 260 2866 vel
282 2834 411 2866 maioris
435 2833 650 2874 explicationis
673 2833 782 2873 gratia,
800 2833 851 2863 vel
865 2843 967 2863 novae
988 2840 1025 2864 ut
1038 2833 1180 2864 haereses
1195 2834 1284 2865 claris

209 2879 312 2911 verbis
345 2878 601 2910 confoderentur.
638 2878 817 2909 Nicaenum
849 2877 980 2919 quidem
1013 2877 1206 2919 Symbolum
1235 2879 1283 2909 his

210 2923 313 2955 verbis
343 2923 472 2954 desinit:
501 2923 566 2960 Qui
586 2927 724 2964 propter
756 2927 899 2953 nostram
923 2922 1060 2953 salutem
1093 2923 1284 2954 incarnatus

212 2973 270 3006 est,
286 2973 318 2998 et
336 2969 421 2998 inter
442 2967 586 2998 homines
604 2972 770 2998 versatus:
784 2968 840 3007 qui
848 2976 969 3007 passus
985 2972 1042 3004 est,
1058 2972 1089 2998 et
1103 2969 1285 2998 resurrexit

212 3011 308 3043 tertia
324 3011 395 3042 die:
413 3011 557 3042 ascendit
578 3011 622 3042 ad
635 3012 777 3048 Patrem,
794 3016 824 3041 et
839 3012 955 3042 iterum
971 3017 1127 3042 venturus
1150 3017 1198 3042 est
1211 3022 1283 3043 cum

211 3056 340 3097 gloria,
366 3060 402 3086 ut
433 3056 521 3086 vivos
550 3055 667 3086 iudicet
689 3065 730 3085 ac
752 3060 917 3086 mortuos:
940 3055 1101 3086 credimus
1131 3057 1226 3086 etiam
1251 3058 1283 3087 in

213 3100 369 3140 Spiritum
392 3104 550 3130 sanctum.
575 3099 620 3129 Ita
642 3109 717 3130 vero
742 3109 775 3130 se
798 3099 915 3130 habent
938 3100 1083 3140 Symboli
1103 3099 1284 3131 Constanti-

214 3142 393 3184 nopolitani
417 3142 648 3174 additamenta:
677 3143 742 3181 Qui
758 3149 896 3184 propter
919 3154 978 3175 nos
1000 3145 1158 3183 homines,
1184 3150 1214 3175 et
1229 3155 1285 3176 no-

212 3194 316 3220 stram
339 3187 476 3218 salutem
508 3186 670 3218 descendit
691 3187 732 3218 de
761 3189 878 3219 caelis:
901 3193 932 3219 et
963 3189 1155 3219 incarnatus
1177 3195 1225 3220 est
1247 3189 1287 3220 de

213 3233 338 3274 Spiritu
361 3236 473 3262 sancto
497 3240 539 3261 ex
556 3231 668 3262 Maria
689 3231 831 3273 Virgine,
848 3238 879 3263 et
896 3233 990 3264 homo
997 3232 1116 3273 factus
1135 3239 1198 3265 est:
1212 3244 1286 3265 cru-

214 3277 331 3318 cifixus
355 3277 450 3306 etiam
475 3285 540 3315 pro
564 3275 654 3306 nobis
675 3276 734 3307 sub
756 3276 870 3307 Pontio
893 3277 1016 3314 Pilato,
1041 3287 1162 3318 passus
1185 3283 1216 3308 et
1238 3288 1286 3309 se-

208 3321 324 3362 pultus
347 3326 394 3351 est
416 3326 474 3350 etc.

283 3366 464 3405 Utrumque
487 3363 679 3405 Symbolum
700 3364 735 3394 in
749 3364 881 3405 Synodo
905 3365 1175 3404 Calchedonensi,
1198 3366 1288 3407 quod

215 3409 362 3440 habitum
385 3408 445 3439 fuit
468 3408 616 3438 adversus
631 3408 811 3449 Eutychem
825 3415 855 3439 et
874 3409 1016 3447 asseclas,
1032 3409 1158 3449 publica
1179 3410 1287 3440 ortho-

217 3454 376 3485 doxorum
407 3452 637 3483 adclamatione
671 3462 707 3482 ac
737 3452 868 3483 Patrum
891 3453 1016 3483 decreto
1052 3452 1287 3492 confirmatum;

217 3505 390 3539 utrumque
408 3497 543 3528 Actione
567 3497 593 3526 11
618 3496 798 3527 recitatum:
823 3507 859 3527 ac
874 3497 980 3536 primo
1003 3497 1052 3527 his
1075 3497 1288 3528 adclamatum

214 3542 357 3573 Nicaeno
381 3541 500 3572 verbis:
524 3541 620 3571 Haec
642 3541 870 3572 catholicorum
884 3541 985 3582 fides,
1000 3541 1075 3571 huic
1097 3551 1207 3572 omnes
1220 3552 1287 3572 cre-

215 3586 341 3624 dimus,
366 3587 399 3617 in
422 3586 484 3617 hac
506 3586 658 3627 baptizati
678 3595 810 3622 sumus,
835 3586 868 3615 in
892 3585 954 3616 hac
976 3585 1196 3626 baptizamus;
1218 3592 1288 3616 tum

217 3630 333 3671 pariter
355 3629 730 3670 Constantinopolitano:
755 3629 850 3660 Haec
868 3630 1009 3660 omnium
1023 3629 1123 3671 fides,
1138 3630 1218 3661 haec
1235 3640 1288 3661 or-

2338 288 2396 312 CLI

1322 353 1534 384 thodoxorum
1548 353 1653 394 fides,
1677 354 1725 383 sic
1747 363 1857 383 omnes
1879 353 2049 384 credimus.
2074 354 2109 383 In
2133 353 2315 384 definitione
2342 355 2395 385 de-

1323 408 1415 428 mum
1429 397 1513 435 fidei,
1525 407 1606 438 quae
1616 397 1749 428 habetur
1763 397 1898 427 Actione
1909 398 1947 434 V,
1956 397 1999 428 ita
2009 407 2067 437 pro
2083 404 2219 438 utroque
2235 399 2395 429 decretum

1323 442 1424 472 latum
1446 442 1578 481 legitur:
1605 442 1776 472 Communi
1794 442 1912 472 iudicio
1926 442 2079 482 dogmata
2097 442 2290 481 expellentes
2305 452 2394 472 erro-

1323 488 1380 523 ris,
1402 491 1432 517 et
1446 486 1650 516 inerrabilem
1666 487 1800 517 Patrum
1829 487 2055 516 renovavimus
2067 486 2184 526 fidem,
2205 485 2392 526 Symbolum

1324 536 1540 561 trecentorum
1564 530 1671 561 decem
1696 536 1727 561 et
1749 535 1819 561 octo
1842 530 1988 561 omnibus
2010 530 2257 570 praedicantes:
2280 535 2310 560 et
2329 540 2392 566 eos,

1324 576 1379 615 qui
1401 575 1486 605 hanc
1509 575 1608 606 veluti
1630 580 1783 605 tesseram
1802 576 1934 615 pietatis
1955 580 2165 614 acceperunt,
2192 579 2227 604 ut
2244 575 2397 614 proprios

1324 620 1439 650 Patres
1457 620 1553 650 etiam
1568 619 1780 650 adscribimus
1787 627 1800 656 ,·
1823 629 1876 650 eos
1895 620 2059 656 nimirum,
2080 619 2135 659 qui
2147 623 2262 658 postea
2282 619 2314 648 in
2330 628 2397 648 ma-

1324 674 1392 705 gna
1411 664 1688 704 Constantinopoli
1702 664 1896 704 congregati
1908 669 1984 694 sunt
2003 668 2128 695 centum
2144 663 2394 703 quinquaginta,

1326 714 1356 739 et
1379 708 1522 739 eamdem
1536 708 1640 749 fidem
1664 709 1726 748 ipsi
1739 718 1863 748 quoque
1882 708 2165 748 confirmaverunt.
2185 707 2398 738 Decernimus

1326 754 1460 794 igitur...
1486 752 1703 793 praefulgere
1732 752 1858 792 quidem
1888 757 1995 782 rectae
2018 757 2049 782 et
2072 752 2299 782 immaculatae
2311 750 2397 792 fidei

1326 798 1554 837 expositionem
1577 802 1764 827 sanctorum
1779 802 1810 826 et
1828 797 2082 826 beatissimorum
2098 794 2165 826 318
2180 796 2327 832 Patrum,
2343 796 2400 835 qui

1327 843 1359 871 in
1384 842 1508 872 Nicaea
1531 841 1726 880 temporibus
1742 841 1820 880 piae
1836 841 2009 871 memoriae
2035 840 2239 871 Constantini
2254 839 2399 879 Impera·

1327 887 1406 916 toris
1422 886 1615 926 congregati
1630 890 1725 915 sunt:
1742 886 1869 914 servari
1883 890 1990 914 autem
2005 890 2036 915 et
2050 894 2099 922 ea,
2111 894 2194 924 quae
2208 884 2296 924 apud
2314 883 2399 914 Con-

1326 929 1565 969 stantinopolim
1586 939 1607 958 a
1625 929 1835 959 sanctissimis
1858 929 1918 958 150
1934 929 2084 959 Patribus
2104 929 2232 959 decreta
2251 933 2338 964 sunt,
2354 927 2398 958 ad

1328 973 1535 1014 expellendas
1550 973 1676 1013 quidem
1700 973 1849 1003 haereses
1871 983 1954 1013 quae
1973 982 2009 1003 eo
2033 978 2174 1012 tempore
2195 973 2398 1013 germinave-

1328 1023 1415 1054 rant,
1425 1023 1456 1048 et
1470 1017 1514 1048 ad
1523 1017 1797 1057 confirmationem
1815 1017 1954 1047 eiusdem
1975 1017 2150 1047 catholicae
2165 1022 2196 1047 et
2205 1016 2400 1056 apostolicae

1329 1067 1459 1092 nostrae
1471 1061 1566 1102 fidei.
1592 1061 1675 1091 Hinc
1698 1070 1774 1091 vero
1798 1060 1929 1097 factum,
1949 1067 1985 1091 ut
2003 1060 2178 1091 Orientales
2202 1061 2399 1091 orthodoxae

1329 1106 1498 1143 Ecclesiae,
1518 1104 1729 1144 singularibus
1752 1104 1825 1134 fidei
1849 1104 1995 1135 formulis
2019 1105 2258 1144 praetermissis,
2283 1104 2399 1145 quibus

1329 1151 1498 1180 utebantur
1513 1159 1572 1189 pro
1589 1149 1740 1185 libertate,
1751 1159 1833 1189 quae
1848 1155 1924 1179 tunc
1940 1149 2112 1186 obtinebat,
2123 1149 2288 1189 paullatim
2307 1149 2399 1189 Sym-

1328 1194 1442 1224 bolum
1465 1193 1861 1232 Constantinopolitanum
1883 1193 2030 1223 adhibere
2055 1193 2215 1233 coeperint
2237 1193 2270 1222 in
2298 1192 2399 1232 bapti-

1329 1238 1438 1269 smatis
1462 1237 1648 1275 collatione,
1673 1237 1816 1278 illudque
1845 1237 2098 1268 constantissime
2127 1237 2310 1267 retinuerint
2339 1237 2398 1266 ho-

1330 1283 1445 1323 dieque
1474 1282 1644 1319 retineant;
1668 1281 1818 1322 idemque
1842 1281 2034 1322 Symbolum
2063 1281 2271 1311 nihilominus
2295 1281 2327 1311 in
2351 1291 2400 1311 ec—

1331 1326 1508 1358 clesiasticis
1532 1326 1750 1356 monumentis
1774 1326 1969 1366 appellatum
1993 1325 2086 1356 fuerit
2108 1326 2302 1363 Nicaenum,
2327 1335 2402 1355 cum

1330 1381 1437 1402 revera
1455 1371 1494 1402 sit
1513 1371 1620 1411 ipsum
1639 1370 1816 1401 Nicaenum
1835 1370 1994 1411 aliquibus
2017 1370 2236 1400 additamentis
2259 1376 2400 1400 auctum.

1397 1418 1441 1446 At
1463 1416 1540 1446 haec
1564 1415 1787 1452 additamenta,
1812 1425 1894 1455 quae
1913 1415 1944 1445 in
1960 1414 2115 1455 Symbolo
2131 1414 2401 1453 Constantinopo-

1330 1461 1430 1491 litano
1453 1460 1619 1498 habentur,
1640 1459 1886 1500 pertinacissime
1910 1459 2067 1489 reiiciebat
2090 1458 2266 1499 Eutyches:
2291 1458 2402 1488 adhae-

1331 1505 1482 1546 rebatque
1501 1504 1561 1535 soli
1577 1514 1613 1535 ac
1632 1503 1767 1544 simplici
1783 1504 1935 1541 Nicaeno,
1950 1514 2016 1544 quo
2034 1503 2157 1533 divinae
2173 1508 2404 1533 sacramentum

1333 1549 1559 1580 Incarnationis
1583 1558 1649 1579 non
1672 1548 1715 1579 ita
1738 1547 1914 1588 perspicue,
1930 1555 1966 1578 ut
1983 1548 2016 1578 in
2033 1546 2403 1587 Constantinopolitano,

1332 1594 1535 1634 explanatum
1559 1593 1669 1624 fuerat.
1703 1593 1909 1632 Apertissime
1933 1603 2000 1623 rem
2023 1592 2164 1632 produnt
2192 1598 2260 1622 acta
2283 1590 2404 1631 Synodi

1333 1638 1567 1669 Oecumenicae
1602 1637 1880 1668 Calchedonensis.
1917 1637 2053 1667 Actione
2082 1637 2093 1667 1
2124 1636 2248 1666 libellus
2275 1634 2407 1666 refertur

1335 1682 1543 1714 confessionis
1567 1682 1763 1723 EutychetiS,
1787 1682 1819 1712 in
1843 1692 1909 1722 quo
1929 1682 2121 1722 Symbolum
2135 1681 2312 1711 Nicaenum
2331 1689 2406 1709 con-

1334 1727 1492 1758 tinebatur
1515 1737 1590 1757 cum
1614 1727 1662 1757 his
1685 1725 1787 1756 verbis
1811 1727 1851 1756 ad
1875 1725 2101 1756 Incarnationis
2125 1724 2312 1766 mysterium
2338 1723 2406 1754 atti-

1335 1771 1501 1802 nentibus:
1538 1771 1604 1808 Qui
1628 1776 1764 1811 propter
1794 1780 1852 1801 nos
1880 1771 2024 1801 homines
2047 1775 2077 1800 et
2094 1775 2231 1810 propter
2259 1773 2402 1799 nostram

1335 1816 1473 1846 salutem
1496 1815 1676 1852 descendit,
1703 1821 1733 1846 et
1756 1817 1946 1846 incarnatus
1969 1820 2026 1852 est,
2052 1820 2082 1845 et
2104 1815 2196 1845 homo
2211 1813 2328 1854 factus
2351 1817 2407 1849 est,
2446 1820 2451 1824 ·

1331 1870 1462 1901 passus,
1488 1865 1519 1890 et
1541 1861 1723 1891 resurrexit
1746 1861 1841 1890 tertia
1865 1860 1917 1890 die
1939 1866 1997 1890 etc.
2022 1860 2111 1890 Tum
2134 1858 2178 1889 sic
2201 1857 2288 1888 addit
2309 1857 2408 1897 Euty-

1338 1905 1430 1935 ches:
1455 1904 1510 1935 Sic
1531 1905 1572 1935 ab
1596 1905 1697 1941 initio,
1723 1903 1880 1945 inquiens,
1905 1914 1925 1934 a
1943 1903 2208 1944 progenitoribus
2231 1903 2309 1932 meis
2327 1901 2410 1931 acci-

1332 1951 1439 1990 piens,
1456 1949 1588 1986 credidi,
1601 1954 1631 1980 et
1645 1948 1773 1980 credo...
1791 1949 1835 1979 Et
1850 1950 1882 1978 in
1899 1949 1961 1979 hac
1965 1948 2039 1989 fide
2054 1948 2242 1989 baptizatus,
2260 1947 2410 1986 signatus

1337 2004 1420 2031 sum,
1446 1999 1477 2024 et
1500 2003 1600 2034 usque
1622 1994 1716 2024 hodie
1739 1994 1838 2024 vixi...
1863 1993 1959 2030 Eum,
1980 1994 2036 2033 qui
2053 1997 2188 2032 praeter
2207 1992 2299 2021 istam
2319 1989 2409 2020 addi-

1337 2039 1422 2069 derit
1450 2038 1594 2078 aliquid,
1627 2043 1687 2068 aut
1719 2039 1871 2068 minuerit
1903 2043 1961 2068 aut
1993 2037 2158 2074 docuerit,
2196 2035 2409 2066 damnationi-

1337 2083 1427 2114 bus...
1451 2083 1626 2114 subiacere.
1651 2082 1784 2112 Pravam
1807 2081 1953 2112 haeretici
1981 2081 2120 2112 hominis
2144 2087 2285 2111 mentem
2304 2078 2410 2109 statim

1338 2127 1484 2168 patefecit
1513 2127 1673 2167 Diogenes
1696 2126 1876 2167 Episcopus
1906 2126 2024 2167 Cyzici.
2049 2126 2136 2156 Haec
2166 2125 2218 2155 ille
2248 2122 2407 2164 reposuit:

1336 2173 1467 2209 Dolose,
1492 2171 1650 2212 inquiens,
1668 2172 1860 2212 praeposuit
1878 2168 2066 2213 (Eutyches)
2091 2169 2258 2210 Synodum
2282 2172 2408 2198 sancto-

1338 2227 1411 2248 rum
1435 2217 1581 2254 Patrum,
1606 2225 1690 2256 quae
1713 2217 1745 2246 in
1770 2216 1893 2246 Nicaea
1908 2214 2007 2256 facta
2031 2219 2087 2244 est.
2119 2214 2248 2253 Accepit
2271 2221 2409 2252 namque

1337 2261 1558 2292 additamenta
1582 2271 1602 2291 a
1625 2261 1747 2291 sanctis
1775 2260 1926 2290 Patribus
1955 2257 2122 2301 (Nicaenis
2155 2258 2194 2287 ad
2217 2256 2409 2297 Symbolum

1337 2305 1572 2346 Apostolorum
1596 2303 1690 2346 facta)
1708 2309 1844 2344 propter
1862 2313 2052 2344 perversum
2073 2302 2267 2332 intellectum
2287 2300 2408 2340 Apolli—

1339 2352 1440 2387 naris,
1466 2355 1496 2380 et
1525 2350 1694 2386 Valentini,
1721 2353 1751 2378 et
1773 2348 1968 2385 Macedonii‚
1994 2353 2025 2378 et
2046 2347 2103 2388 qui
2126 2347 2171 2377 eis
2192 2345 2312 2376 similes
2334 2350 2411 2375 sunt

1338 2393 1469 2436 (quibus
1493 2393 1643 2424 Eutiches
1667 2393 1775 2423 animo
1799 2390 2062 2434 adhaerescebat).
2086 2391 2131 2421 Et
2148 2391 2292 2421 additum
2312 2394 2359 2419 est
2377 2390 2409 2418 in

1338 2439 1490 2479 Srmbolo
1513 2443 1698 2469 sanctorum
1718 2438 1852 2468 Patrum
1867 2435 1998 2479 (nempe
2018 2431 2407 2475 Constantinopolitano):

1341 2483 1406 2520 Qui
1421 2483 1593 2520 descendit,
1603 2487 1634 2512 et
1650 2483 1840 2512 incarnatus
1859 2487 1906 2512 est
1920 2481 1960 2511 de
1974 2481 2096 2521 Spiritu
2113 2485 2225 2511 sancto
2242 2488 2284 2509 ex
2298 2478 2410 2508 Maria

1344 2528 1485 2568 Virgine.
1510 2527 1585 2557 Hoc
1608 2536 1746 2567 namque
1763 2527 1985 2566 praetermisit
2007 2525 2183 2566 Eutyches,
2207 2525 2290 2554 sicut
2312 2521 2408 2562 Apol-

1338 2573 1498 2602 linarista.
1528 2572 1614 2602 Nam
1638 2571 1733 2601 etiam
1757 2571 1958 2611 Apollinaris
1979 2571 2112 2610 suscipit
2134 2565 2279 2600 sanctam
2304 2567 2408 2607 Syno-

1337 2617 1426 2654 dum,
1450 2626 1534 2657 quae
1557 2617 1590 2646 in
1614 2615 1738 2646 Nicaea
1751 2615 1850 2656 sacta
1874 2620 1937 2651 est,
1962 2614 2137 2645 secundum
2152 2613 2320 2654 propriam
2331 2620 2408 2651 per-

1339 2662 1520 2692 versitatem
1545 2660 1729 2701 intelligens
1753 2660 1860 2690 verba.
1883 2658 2023 2700 Effugit,
2041 2659 2081 2689 de
2103 2659 2225 2698 Spiritu
2244 2660 2355 2687 sancto
2378 2660 2409 2685 et

1338 2706 1450 2736 Maria
1480 2705 1622 2746 Virgine,
1639 2709 1675 2735 ut
1689 2714 1730 2734 ne
1743 2705 1873 2735 omnino
1897 2705 2046 2734 unionem
2067 2704 2176 2734 carnis
2192 2701 2407 2742 confiteretur.

1337 2750 1466 2780 Etenim
1489 2750 1595 2780 sancti
1617 2749 1749 2786 Patres,
1773 2750 1829 2789 qui
1852 2749 1884 2778 in
1909 2749 2031 2779 Nicaea
2063 2750 2299 2782 convenerunt,
2323 2742 2410 2784 quod

1339 2794 1537 2825 Incarnatus
1560 2799 1622 2831 est,
1647 2793 1810 2824 dixerunt.
1842 2793 1954 2823 Sancti
1976 2797 2082 2823 autem
2106 2792 2236 2827 Patres,
2262 2790 2317 2829 qui
2334 2793 2410 2828 post

1339 2840 1424 2879 ipsos
1436 2838 1583 2880 fuerunt
1605 2836 1902 2880 (Constantinopoli
1926 2835 2105 2876 congregati
2128 2836 2161 2865 in
2183 2831 2328 2876 Synodo)
2353 2842 2408 2862 ex—

1333 2883 1556 2924 planaverunt
1578 2883 1738 2913 dicentes:
1760 2882 1811 2912 De
1834 2882 1956 2922 Spiritu
1971 2886 2092 2918 sancto,
2109 2885 2195 2910 etex
2209 2879 2319 2909 Maria
2342 2877 2408 2906 Vir-

1338 2929 1426 2969 gine.
1451 2928 1538 2958 Haec
1562 2926 1712 2968 Cyziceni
1735 2926 1886 2966 Episcopi
1905 2926 1998 2956 verba
2022 2926 2150 2964 insuper
2168 2924 2318 2954 habentes
2333 2922 2408 2961 Epi-

1339 2972 1429 3012 scopi
1452 2971 1584 3012 quidam
1602 2970 1761 3011 Aegyptii,
1777 2970 1832 3011 qui
1851 2970 2034 3010 Eutychetis
2056 2979 2092 2999 ac
2111 2968 2255 2999 Dioscori
2274 2968 2408 2999 Alexan-

1339 3016 1421 3046 drini
1444 3015 1611 3053 Antistius,
1622 3015 1791 3056 Eutycheti
1806 3014 2017 3054 patrocinium
2031 3013 2253 3053 impendentiS,
2268 3013 2409 3052 partibus

1339 3060 1565 3098 adhaerebant,
1590 3060 1781 3090 adiectiones
1804 3059 1944 3089 Nicaeno
1969 3058 2124 3098 Symbolo
2157 3057 2253 3088 factas
2283 3057 2408 3088 reiicere

1339 3111 1560 3145 perrexerunt:
1577 3105 1690 3141 Nemo,
1715 3103 1903 3144 inquientes,
1926 3103 2057 3142 suscipit
2079 3102 2298 3139 adiectionem,
2317 3111 2409 3132 nemo

1340 3150 1605 3180 diminutionem:
1627 3158 1710 3189 quae
1741 3149 1772 3178 in
1798 3148 1920 3178 Nicaea
1953 3148 2124 3178 constituta
2148 3152 2242 3183 sunt,
2268 3151 2406 3177 teneant.

1342 3196 1388 3224 Ac
1412 3200 1558 3223 rursum:
1586 3193 1802 3223 Adiectionem
1837 3192 1947 3222 nullus
1973 3192 2126 3233 suscipit:
2148 3196 2297 3228 teneant,
2326 3201 2410 3231 quae

1341 3238 1475 3268 Patrum
1499 3242 1594 3268 sunt:
1616 3241 1756 3274 teneant,
1780 3246 1864 3276 quae
1887 3237 1919 3266 in
1943 3236 2066 3266 Nicaea
2086 3237 2257 3266 constituta
2277 3241 2362 3266 sunt.

1409 3281 1488 3312 Satis
1511 3281 1576 3311 iam
1599 3287 1684 3321 patet
1716 3281 1858 3310 solemne
1883 3280 2088 3320 Eutychianis
2117 3279 2233 3317 fuisse,
2265 3287 2300 3310 ut
2323 3279 2409 3310 Con-

1343 3325 1662 3365 stantinopolitanum
1685 3325 1877 3365 Symbolum
1900 3324 2081 3364 sugillarent
2104 3334 2139 3354 ac
2163 3324 2333 3361 reiicerent,
2357 3333 2409 3353 so-

1342 3370 1475 3410 lumque
1498 3364 1675 3399 Nicaenum
1699 3368 1928 3408 profiterentur.
1954 3369 2026 3398 Hoc
2050 3368 2134 3398 idem
2149 3368 2318 3398 consilium
2339 3368 2409 3398 Μο-

1343 3413 1521 3454 nophysitis
1535 3413 1628 3443 Petro
1652 3413 1781 3442 Fulloni
1791 3412 1952 3452 Episcopo
1963 3412 2175 3448 Antiocheno,
2191 3418 2222 3442 et
2235 3411 2410 3442 Timotheo

1342 3457 1504 3497 Episcopo
1529 3456 1886 3496 Constantinopolitano
1915 3456 2085 3486 insederat:
2110 3456 2288 3496 eodemque
2311 3466 2410 3496 pravo

1342 3500 1462 3531 inducti
1487 3500 1620 3530 consilio
1644 3507 1766 3540 partem
1795 3499 1938 3539 liturgiae
1967 3500 2090 3530 divinae
2111 3499 2252 3531 fecerunt
2275 3500 2411 3541 Symbo-

1342 3545 1422 3582 lum,
1447 3554 1512 3574 non
1536 3544 1939 3584 Constantinopolitanum,
1958 3544 2046 3585 quod
2063 3544 2257 3582 reiiciebant;
2279 3545 2334 3575 sed
2357 3544 2412 3574 Ni-

1343 3599 1493 3626 caenum,
1517 3599 1583 3629 quo
1607 3589 1825 3619 abutebantur.
1850 3587 1957 3618 Refert
1985 3598 2059 3628 ergo
2083 3589 2274 3619 Theodorus
2298 3589 2413 3620 Lector

1342 3632 1423 3663 libro
1447 3633 1474 3663 11
1498 3633 1628 3663 Petrum
1651 3632 1861 3673 Cnaphaeum
1884 3630 1970 3675 (cum
1985 3643 2101 3663 rursus
2115 3633 2342 3674 Episcopatum
2361 3643 2412 3664 re-
