2788 4204
0 455 10 472 1

0 474 3 531 Ξ
23 492 71 513 ἰε
85 471 204 512 senatun.

23 653 62 678 fn
69 657 109 680 op.
117 651 189 673 slmil.
198 650 237 679 qd.

1085 290 1197 327 CAP.
1227 290 1334 338 XIV,
1364 291 1517 328 LECT.
1548 292 1638 328 XIX

263 371 406 409 habere
426 369 585 418 angulos
606 367 810 405 exteriores
829 369 1008 417 aequales
1028 377 1192 417 quatuor
1211 370 1333 417 rectis,

265 432 322 462 est
349 424 387 460 in
414 424 501 472 plus
534 434 652 472 quam
689 421 896 469 triangulus
931 429 996 458 aut
1029 423 1333 470 quadrangulus:

265 477 333 515 sed
354 477 384 514 si
404 477 516 514 simul
533 475 776 524 accipiantur,
798 475 1004 523 aequaliter
1025 476 1044 496 ‘¹‘
1065 488 1106 512 se
1126 476 1333 513 habebunt.

266 531 532 579 Quaecunque
561 529 664 566 enim
697 528 843 575 figurae
882 529 1168 566 communicant
1196 529 1235 566 in
1262 531 1337 567 hoc

266 585 373 634 quod
400 584 568 621 habeant
604 582 764 629 angulos
794 581 999 619 exteriores
1037 584 1216 631 aequales
1245 595 1336 632 qua-

266 645 354 674 tuor
381 636 503 683 rectis,
526 643 676 684 oportet
695 635 802 684 quod
822 635 991 672 similiter
1011 636 1031 656 *
1052 636 1339 673 communicent

266 691 306 728 in
333 690 478 736 medio,
498 689 604 738 quod
624 696 680 725 est
709 700 824 725 causa
843 689 1078 737 aequalitatis
1098 690 1147 727 ad
1175 698 1339 738 quatuor

268 744 427 791 angulos
443 750 577 779 rectos.
591 742 640 778 Et
654 743 730 779 hoc
740 743 877 790 probat
891 742 987 790 sicut
1002 750 1039 779 et
1050 744 1069 764 *
1080 743 1185 792 prius
1198 744 1253 790 *ᾖ
1268 756 1339 792 per

267 797 343 834 hoc
371 796 478 846 quod
506 795 680 832 medium
702 803 758 831 est
787 795 958 832 definitio
979 796 1135 833 maioris
1164 797 1338 833 extremi-

267 850 363 888 tatis.
385 851 435 887 Et
454 849 543 886 inde
563 857 620 885 est
639 854 649 869 ¹
669 849 775 898 quod
795 861 932 886 omnes
953 850 1131 887 scientiae
1156 851 1253 887 fiunt
1271 863 1341 899 per

269 903 545 943 definitionem.
575 903 719 939 Probat
747 910 876 940 autem
905 904 980 940 hoc
1016 916 1086 952 per
1119 904 1339 952 exemplum

268 957 308 994 in
336 958 451 994 rebus
479 956 725 993 naturalibus.
747 957 835 993 Hoc
864 956 967 993 enim
997 957 1103 1006 quod
1128 965 1185 994 est
1212 957 1302 994 folio
1322 958 1342 978 *

267 1011 401 1058 fluere,
423 1009 668 1059 consequitur
696 1009 745 1047 ad
772 1010 892 1047 vitem
912 1009 926 1036 t
959 1018 996 1047 et
1024 1011 1171 1048 excedit
1198 1011 1339 1059 ipsam,

269 1064 359 1114 quia
387 1071 443 1101 est
470 1064 509 1100 in
528 1063 717 1112 pluribus;
740 1063 985 1112 consequitur
1005 1064 1119 1101 etiarn
1149 1064 1198 1101 ad
1222 1064 1342 1101 ficum

226 1118 230 1122 ’
269 1125 307 1155 61
352 1117 500 1154 excedit
546 1129 658 1154 eam:
696 1129 775 1154 non
817 1116 947 1154 tamen
997 1125 1053 1154 est
1102 1117 1341 1154 excessivum

269 1171 446 1208 omnium
485 1171 624 1220 quibus
654 1170 855 1217 convenit,
885 1170 953 1207 sed
982 1178 1038 1208 est
1076 1183 1212 1207 eorum
1247 1170 1343 1206 sicut

269 1224 499 1274 aequalium.
527 1224 567 1261 Si
588 1236 678 1271 ergo
700 1223 835 1273 aliquis
863 1223 955 1260 velit
978 1220 1150 1272 accipere
1174 1223 1213 1259 id
1238 1223 1343 1272 quod

270 1286 327 1316 est
353 1278 523 1327 primum
545 1277 719 1315 medium
749 1284 925 1326 respectu
944 1276 1133 1323 omnium,
1157 1276 1224 1313 erit
1247 1277 1344 1313 haec

169 1347 179 1366 »-
228 1347 234 1362 =
270 1332 442 1370 definitio
464 1332 546 1371 eius
566 1331 674 1380 quod
689 1338 744 1367 est
763 1331 784 1352 *
805 1330 895 1367 folio
911 1330 1050 1375 fluere;
1072 1342 1169 1378 quae
1186 1330 1343 1378 quidem

269 1386 442 1424 definitio
472 1385 542 1422 erit
568 1385 738 1434 primurn
767 1383 941 1420 medium
970 1385 1019 1421 ad
1048 1384 1132 1430 alia,
1161 1396 1206 1420 eo
1237 1384 1343 1432 quod

180 1464 187 1471 ·
217 1464 223 1470 -
270 1439 402 1476 omnia
420 1438 508 1475 talia
527 1446 624 1475 sunt.
647 1439 696 1474 Et
715 1437 852 1474 iterum
873 1437 986 1474 huius
1006 1437 1026 1458 *
1047 1437 1251 1486 accipietur
1279 1437 1343 1474 ali-

270 1493 377 1542 quod
405 1492 508 1529 aliud
536 1491 727 1538 medium,
752 1498 844 1540 puta
869 1491 974 1539 quod
998 1503 1135 1528 succus
1164 1491 1344 1528 densatur

268 1558 339 1596 per
367 1545 677 1592 desiccationem,
697 1545 760 1581 vel
790 1544 947 1593 aliquod
975 1544 1078 1582 aliud
1107 1544 1341 1582 huiusmodi.

268 1600 382 1638 Unde
411 1598 442 1636 si
470 1606 675 1647 quaeratur
694 1597 786 1647 quid
806 1605 863 1634 est
890 1598 981 1635 folio
1006 1598 1142 1644 fluere,
1171 1598 1344 1635 dicemus

269 1653 378 1703 quod
414 1652 506 1689 nihil
544 1651 647 1689 aliud
686 1659 743 1688 est
775 1663 892 1700 quam
926 1652 1153 1689 condensari
1187 1664 1342 1689 succum

267 1706 421 1744 seminis
449 1706 486 1742 in
516 1711 688 1743 contactu
714 1705 751 1751 *,
772 1705 912 1741 scilicet
940 1705 1017 1742 folii
1046 1706 1095 1742 ad
1124 1717 1288 1742 ramum.

327 1761 360 1798 5.
382 1759 533 1797 Deinde
563 1770 652 1795 cum
682 1758 791 1795 dicit:
812 1759 859 1795 In
877 1759 1025 1808 figuris
1045 1764 1174 1798 autem
1202 1759 1256 1795 sic
1284 1771 1342 1795 as-

268 1812 434 1864 signaffz‘t
469 1820 557 1859 etc.,
589 1811 740 1849 ordinat
766 1811 931 1849 modum
959 1812 1176 1861 praedictae
1211 1824 1344 1849 conse-

271 1866 433 1905 cutionis
465 1866 504 1903 in
537 1866 660 1913 figura
697 1865 946 1913 syllogistica;
978 1873 1014 1902 et
1052 1865 1140 1902 dicit
1178 1866 1283 1913 quod
1313 1866 1343 1902 si

270 1927 475 1970 quaeratur
504 1918 724 1956 consecutio
755 1931 892 1955 causae
913 1925 951 1955 et
979 1918 1133 1966 causati,
1155 1919 1208 1955 sic
1235 1926 1342 1968 pote-

269 1974 316 2012 rit
334 1972 516 2022 assignari
536 1972 749 2009 secundum
779 1973 920 2020 figuras
945 1973 1266 2021 syllogismorum.
1290 1972 1346 2010 Sit

270 2026 375 2065 enirn
404 2029 439 2064 A
467 2027 505 2063 in
534 2025 641 2063 omni
673 2026 692 2046 *
726 2025 779 2071 B;
810 2027 840 2062 B
870 2033 999 2062 autem
1034 2026 1071 2063 in
1107 2039 1343 2075 unoquoque

270 2093 407 2119 eorum
436 2091 535 2129 quae
570 2086 657 2116 sunt
685 2079 740 2126 D,
770 2078 839 2116 sed
867 2079 905 2115 in
937 2080 1024 2128 plus
1053 2092 1170 2128 quam
1203 2081 1250 2117 D.
1283 2080 1345 2117 Sic

270 2134 383 2183 igitur
409 2135 441 2171 B
469 2132 734 2170 universaliter
771 2132 840 2170 erit
868 2132 906 2169 in
934 2133 992 2170 his
1021 2146 1119 2182 quae
1150 2134 1344 2171 continen-

270 2196 332 2226 tur
359 2189 430 2225 sub
459 2188 507 2234 D,
534 2186 748 2224 secundum
778 2186 883 2235 quod
921 2187 1184 2224 universaliter
1212 2187 1347 2234 dicitur

270 2241 396 2280 inesse
425 2240 531 2290 quod
556 2252 635 2277 non
656 2240 898 2276 convertitur.
921 2241 999 2277 Sed
1020 2248 1056 2277 et
1073 2241 1243 2289 primum
1262 2241 1345 2278 uni-

269 2295 419 2333 versale
449 2301 516 2341 est,
538 2294 598 2330 cui
625 2294 934 2342 unumquodque
960 2299 974 2317 '’
1003 2294 1160 2342 quidem
1190 2301 1345 2333 conten-

270 2355 399 2386 torum
419 2349 491 2385 sub
516 2359 563 2384 eo
593 2359 672 2384 non
701 2347 952 2393 convertitur;
983 2347 1114 2384 omnia
1142 2356 1272 2387 autem
1298 2349 1345 2386 si-

271 2403 353 2439 mul
373 2408 530 2450 accepta
554 2408 828 2438 convertuntur
856 2413 945 2437 cum
970 2401 1096 2449 primo
1125 2402 1344 2450 universali,

272 2463 310 2492 et
327 2455 347 2476 *
367 2455 556 2492 excedunt
580 2454 777 2503 quodlibet
805 2466 940 2491 eorum
966 2467 1065 2503 quae
1095 2456 1166 2492 sub
1191 2469 1238 2492 eo
1255 2469 1345 2493 con-

270 2508 447 2546 tinentur.
477 2508 539 2545 Sic
568 2508 678 2556 igitur
698 2507 804 2556 quod
824 2509 858 2543 A
878 2508 925 2544 sit
952 2507 990 2544 in
1014 2507 1105 2556 ipsis
1130 2521 1229 2557 quae
1255 2523 1345 2546 con-

271 2561 439 2599 tinentur
466 2562 538 2599 sub
559 2563 611 2608 D,
634 2573 748 2598 causa
777 2568 833 2597 est
861 2562 903 2598 B.
927 2561 1091 2610 Oportet
1119 2575 1210 2610 ergo
1239 2564 1345 2612 quod

219 2644 225 2651 .
271 2616 306 2652 A
336 2615 561 2652 extendatur
588 2615 626 2652 in
654 2615 740 2664 plus
769 2627 887 2664 quam
916 2615 946 2651 B
971 2616 1002 2652 ’ἦ
1025 2617 1065 2653 Si
1095 2625 1224 2653 autem
1253 2630 1343 2663 non,

271 2668 341 2706 sed
368 2681 410 2706 se
438 2669 597 2706 haberet
625 2680 671 2705 ex
709 2681 847 2717 aequ0,
876 2681 993 2717 quare
1031 2669 1151 2718 magis
1185 2671 1217 2707 B
1247 2679 1346 2708 esset

272 2735 388 2760 causa
415 2722 455 2759 in
474 2722 674 2759 inferendo
694 2722 800 2771 quod
819 2719 854 2760 A
874 2722 920 2759 sit
938 2722 976 2758 in
1005 2724 1053 2770 D,
1075 2736 1192 2772 quam
1213 2736 1234 2760 e
1255 2737 1344 2761 con-

269 2775 416 2813 verso?
445 2777 576 2813 Potest
604 2775 708 2813 enim
729 2775 749 2796 *
770 2787 815 2812 ex
842 2782 1007 2824 utroque
1037 2777 1343 2814 convertibilium

271 2829 448 2867 concludi
485 2830 600 2867 aliud.
630 2830 801 2866 Ponatur
833 2830 944 2878 igitur
980 2830 1136 2867 ulterius
1175 2832 1281 2880 quod
1310 2834 1344 2868 A

269 2883 510 2933 praedicetur
539 2883 586 2920 de
607 2882 788 2920 omnibus
808 2883 846 2920 in
875 2883 1014 2932 quibus
1034 2892 1091 2921 est
1110 2885 1155 2930 E,
1177 2884 1245 2921 sed
1266 2898 1343 2922 non

118 2936 135 2970 ”.
160 2927 176 2952 ’·
230 2937 244 2970 .”
271 2937 515 2975 convertitur.
538 2937 702 2985 Oportet
721 2949 809 2985 ergo
825 2937 846 2957 *
864 2937 989 2974 dicere
1010 2938 1116 2986 quod
1136 2938 1198 2975 illa
1213 2939 1344 2975 omnia

2384 293 2457 340 395

1391 383 1488 419 quae
1511 371 1751 408 continentur
1766 371 1837 409 sub
1853 373 1886 408 E
1904 372 1936 419 ²⁸⁸,
1954 371 2027 408 sint
2042 371 2183 421 aliquid
2197 385 2319 409 unum
2340 372 2463 409 diver-

1391 438 1477 462 sum
1507 425 1555 461 ab
1585 437 1632 461 eo
1662 425 1769 474 quod
1790 431 1846 462 est
1873 427 1916 462 B.
1939 425 1979 462 Si
2000 424 2102 461 enim
2131 437 2210 461 non
2235 434 2333 462 esset
2361 425 2463 462 aliud

1392 480 1424 515 E
1445 490 1563 528 quam
1582 479 1626 525 B,
1649 479 1850 527 quomOdo
1872 486 1972 515 esset
1993 490 2132 515 verum
2153 478 2278 515 dicere
2304 480 2409 527 quod
2429 480 2463 515 A

1391 532 1531 569 inesset
1560 531 1666 568 omni
1694 533 1743 579 B,
1765 539 1801 568 et
1820 544 1899 569 non
1928 544 1949 568 e
1979 543 2179 578 converSO‚
2206 544 2295 568 eum
2322 534 2357 568 A
2385 544 2465 569 non

1392 586 1438 622 sit
1465 585 1535 622 nisi
1557 585 1595 621 in
1615 586 1647 621 E
1668 593 1705 621 et
1723 585 1762 621 in
1782 584 1844 622 B?
1871 587 1920 622 Et
1938 585 1988 621 ita
2017 592 2250 633 sequeretur,
2272 585 2302 621 si
2324 586 2356 622 E
2377 593 2414 622 et
2432 586 2463 621 B

1393 651 1471 675 non
1500 645 1626 675 essent
1664 638 1786 685 aliud,
1817 638 1923 687 quod
1950 640 1986 675 A
2014 651 2093 675 non
2123 639 2143 660 *
2178 646 2276 675 63361
2313 638 2351 675 in
2378 639 2464 687 plus

1393 704 1511 741 quam
1549 692 1594 728 E.
1626 692 1872 740 Supponatur
1907 704 1997 739 ergo
2035 691 2141 741 quod
2168 693 2204 728 A
2232 692 2278 729 sit
2314 692 2352 728 in
2379 693 2466 741 plus

1394 757 1511 795 quam
1540 746 1575 781 D
1597 752 1634 781 et
1658 757 1775 793 quam
1805 746 1850 782 E.
1878 745 2007 792 Quare
2029 757 2118 793 ergo
2147 758 2226 782 non
2253 745 2392 794 poterit
2411 745 2465 782 in-

1393 798 1515 835 veniri
1536 798 1555 818 *
1576 798 1702 847 aliqua
1723 811 1837 835 causa
1855 806 2012 847 propter
2030 811 2147 848 quam
2172 798 2258 836 insit
2286 799 2466 836 omnibus

1395 864 1494 901 quae
1523 858 1610 888 sunt
1628 852 1667 888 in
1686 851 1751 888 D?
1779 853 1828 888 Et
1847 852 1943 888 haec
1963 863 2078 888 causa
2098 859 2153 889 est
2172 853 2215 889 B.
2243 853 2321 889 Sed
2341 853 2467 889 adhuc

1395 905 1660 954 quaerendum
1682 912 1738 942 est
1758 912 1887 941 utrum
1912 912 1948 941 et
1963 904 1983 925 *
2004 905 2134 942 omnia
2153 918 2252 954 quae
2273 905 2466 943 continen-

1395 967 1455 996 tur
1470 959 1540 995 sub
1557 959 1603 1006 E,
1619 959 1786 995 habeant
1800 958 1967 1006 aliquam
1982 970 2100 995 unam
2117 971 2289 1005 causam;
2301 966 2338 996 et
2352 959 2398 996 sit
2412 967 2464 996 ta-

1396 1012 1439 1048 lis
1469 1024 1583 1048 causa
1609 1012 1652 1049 C.
1675 1011 1737 1048 Sic
1761 1011 1871 1059 igitur
1897 1011 2087 1049 concludit
2111 1009 2124 1032 ⁰
2153 1013 2258 1061 quod
2288 1013 2467 1061 contingit

1397 1065 1571 1101 eiusdem
1601 1077 1685 1101 esse
1712 1065 1841 1113 plures
1871 1077 2025 1111 causas,
2059 1065 2127 1102 sed
2152 1078 2231 1102 non
2259 1066 2298 1103 in
2327 1067 2466 1103 eodem

1397 1118 1611 1155 secundum
1632 1117 1812 1166 speciem.
1841 1118 1946 1154 Sicut
1974 1117 2054 1154 eius
2083 1118 2188 1166 quod
2209 1127 2265 1156 est
2283 1121 2328 1165 A,
2353 1132 2467 1156 causa

1398 1179 1454 1207 est
1473 1179 1509 1208 et
1529 1171 1548 1191 *
1569 1172 1599 1207 B
1626 1179 1662 1207 et
1687 1171 1736 1207 C:
1757 1171 1824 1208 sed
1845 1172 1874 1207 B
1905 1178 1960 1207 est
1989 1183 2102 1207 causa
2122 1173 2226 1220 quod
2247 1174 2281 1209 A
2305 1173 2391 1210 insit
2409 1173 2467 1210 his

1398 1237 1495 1273 quae
1517 1224 1758 1261 continentur
1777 1224 1848 1260 sub
1869 1225 1917 1271 D,
1939 1224 1970 1260 C
2000 1232 2127 1261 autem
2149 1234 2205 1262 est
2224 1238 2338 1262 causa
2363 1226 2467 1275 quod

1397 1279 1431 1314 A
1470 1277 1557 1314 insit
1588 1277 1647 1314 his
1684 1289 1784 1326 quae
1823 1277 2062 1314 continentur
2099 1279 2169 1315 sub
2203 1280 2248 1316 E.
2283 1280 2332 1316 Et
2358 1280 2467 1328 ponit

1399 1332 1619 1380 exemplum
1654 1330 1693 1367 in
1722 1331 1836 1367 rebus
1856 1331 1876 1351 ‘¹‘
1901 1331 2144 1368 naturalibus.
2180 1331 2235 1368 Sit
2263 1333 2364 1369 enim
2393 1334 2468 1369 hoc

1397 1385 1504 1434 quod
1524 1392 1580 1421 est
1599 1397 1683 1421 esse
1703 1385 1839 1432 longae
1866 1384 1979 1431 vitae,
2001 1385 2109 1434 quasi
2129 1387 2184 1430 A;
2206 1387 2468 1435 quadrupedia

1398 1438 1505 1487 quasi
1535 1440 1589 1483 D;
1610 1438 1679 1475 sed
1707 1450 1786 1475 non
1810 1438 1952 1474 habere
1974 1439 2178 1485 choleram,
2210 1439 2349 1476 scilicet
2367 1439 2387 1460 *
2408 1453 2467 1476 311-

1396 1492 1586 1541 perfluam
1602 1492 1635 1538 ³⁸,
1656 1491 1702 1528 sit
1720 1491 1827 1541 quasi
1847 1492 1890 1538 B,
1911 1492 2017 1540 quod
2037 1499 2093 1528 est
2112 1504 2226 1529 causa
2246 1493 2284 1529 in
2304 1493 2468 1542 quadru-

1396 1545 1560 1594 pedibus
1575 1546 1711 1593 longae
1721 1545 1839 1591 vitae;
1851 1545 2018 1582 volatilia
2034 1553 2162 1582 autern
2178 1546 2280 1583 sint*
2292 1547 2399 1595 quasi
2415 1548 2466 1594 E;

1398 1599 1542 1636 siccum
1567 1607 1696 1636 autem
1722 1611 1822 1646 esse,
1849 1599 1911 1635 vel
1937 1598 2079 1647 aliquid
2104 1599 2205 1636 aliud
2229 1599 2466 1647 huiusmodi,

1397 1653 1503 1702 quod
1532 1653 1600 1689 est'
1615 1652 1653 1689 in
1683 1652 1736 1688 eis
1776 1664 1890 1688 causa
1918 1653 2054 1700 longae
2081 1653 2203 1700 vitae,
2235 1661 2300 1690 aut
2327 1654 2468 1703 aliquid

1398 1706 1500 1743 aliud
1528 1705 1751 1743 huiusmodi
1780 1706 1826 1742 sit
1854 1706 1961 1754 quasi
1991 1706 2034 1742 C.

1452 1760 1488 1796 6.
1510 1759 1659 1796 Deinde
1676 1771 1764 1796 cum
1785 1759 1892 1796 dicit:
1915 1760 1956 1795 Si
1978 1764 2103 1795 autem
2127 1759 2164 1796 in
2190 1764 2358 1796 atomum
2383 1767 2466 1807 etc„

1398 1821 1531 1850 movet
1550 1813 1761 1862 quamdam
1791 1813 2066 1849 dubitationem
2088 1825 2133 1849 ex
2151 1813 2380 1862 praemissis.
2402 1813 2467 1850 Di-

1399 1874 1502 1903 ctum
1523 1874 1579 1903 est
1599 1866 1700 1903 enim
1717 1866 1737 1886 *
1757 1879 1872 1915 supra
1889 1867 1932 1887 ss*
1951 1867 2056 1915 quod
2075 1879 2153 1903 non
2175 1866 2299 1903 statim
2320 1880 2342 1903 a
2364 1867 2466 1916 prin-

1399 1920 1498 1968 cipio
1521 1920 1672 1956 venitur
1699 1919 1738 1956 in
1758 1920 1778 1940 *
1798 1920 1952 1969 aliquod
1977 1928 2166 1967 atomum,
2186 1920 2282 1957 idest
2300 1920 2466 1958 indivisi-

1399 1973 1490 2021 bile,
1517 1973 1555 2010 in
1583 1986 1661 2022 quo
1691 1973 1904 2010 inveniatur
1931 1973 2023 2010 illud
2047 1973 2153 2010 cuius
2178 1986 2291 2010 causa
2319 1975 2466 2023 quaeri-

1399 2035 1474 2073 tur;
1496 2027 1564 2064 sed
1584 2027 1709 2063 statim
1730 2027 1975 2064 inveniuntur
1994 2028 2112 2063 multa
2137 2035 2173 2064 et
2192 2027 2353 2065 indivisa
2373 2029 2406 2075 ²¹⁴,
2428 2028 2466 2065 in

1400 2081 1538 2130 quibus
1567 2080 1659 2117 illud
1695 2093 1816 2117 unum
1846 2081 2057 2127 invenitur,
2089 2089 2124 2117 et
2153 2093 2232 2117 non
2262 2089 2318 2118 est
2345 2094 2466 2118 unum

1400 2134 1589 2181 medium,
1619 2147 1689 2183 per
1717 2134 1822 2183 quod
1851 2135 1898 2171 de
1927 2135 2106 2171 omnibus
2135 2133 2226 2171 illud
2253 2147 2374 2172 unum
2403 2136 2467 2172 de-

1400 2195 1643 2233 monstretur,
1666 2195 1702 2224 et
1730 2200 1866 2224 causae
1899 2188 2026 2236 plures
2055 2194 2151 2224 sunt.
2183 2189 2252 2224 Est
2279 2201 2369 2236 ergo
2399 2189 2467 2225 du-

1401 2241 1543 2289 bitatio,
1565 2241 1595 2278 si
1624 2242 1775 2277 illorum
1803 2241 1969 2290 plurium
2000 2242 2019 2262 *
2049 2241 2266 2277 mediorum
2296 2250 2469 2290 oporteat

1401 2295 1568 2344 aliquam
1607 2307 1762 2332 causam
1791 2294 1983 2343 accipere,
2013 2302 2140 2331 utrum
2179 2303 2353 2344 oporteat
2381 2308 2466 2332 eam

1400 2349 1573 2398 accipere
1594 2361 1639 2385 ex
1657 2355 1764 2396 parte
1792 2347 2015 2384 universalis
2034 2348 2158 2396 primi,
2178 2356 2270 2396 puta
2299 2361 2344 2385 ex
2362 2357 2469 2398 parte

1400 2402 1517 2451 ipsius
1546 2404 1597 2447 A;
1623 2402 1685 2439 vel
1715 2414 1760 2438 ex
1787 2409 1894 2450 parte
1923 2401 2184 2449 singularium,
2209 2402 2305 2439 idest
2334 2415 2468 2439 eorum

1401 2468 1499 2505 quae
1528 2463 1615 2492 sunt
1643 2455 1769 2491 minus
1798 2455 2031 2501 communia,
2053 2455 2148 2492 sicut
2167 2468 2282 2504 supra
2310 2456 2468 2504 accipie-

1401 2510 1538 2546 bantur
1557 2509 1576 2529 *
1598 2509 1631 2545 Ε
1652 2516 1688 2545 et
1711 2510 1763 2554 D,
1789 2509 1850 2545 vel
1871 2508 2135 2557 quadrupedia
2156 2516 2192 2545 et
2220 2521 2322 2546 aves.
2345 2510 2393 2546 Et
2421 2510 2470 2547 ad

1400 2564 1476 2599 hoc
1500 2561 1706 2611 respondet
1732 2562 1862 2599 dicens
1882 2562 1902 2582 *
1922 2562 2028 2611 quod
2050 2570 2199 2611 oportet
2218 2574 2372 2611 semper
2390 2576 2470 2599 me-

1401 2617 1463 2654 dia
1491 2616 1664 2664 accipere
1689 2627 1788 2664 quae
1817 2623 1905 2652 sunt
1923 2615 2197 2665 propinquiora
2226 2616 2408 2663 subiecto,
2431 2617 2469 2653 in

1400 2683 1478 2719 quo
1508 2669 1701 2719 quaeritur
1730 2681 1843 2705 causa
1871 2668 1967 2705 illius
2002 2669 2217 2706 communis
2247 2670 2402 2715 causati3
2434 2678 2470 2706 et

1401 2724 1454 2760 sic
1483 2731 1634 2772 oportet
1670 2722 1881 2771 procedere
1919 2735 2120 2771 quousque
2147 2723 2392 2771 perveniatur
2419 2724 2468 2760 ad

1400 2777 1439 2813 id
1467 2778 1574 2826 quod
1599 2784 1654 2813 est
1673 2775 1939 2812 immediatum
1969 2776 2165 2812 communi
2188 2777 2208 2798 '¹‘
2234 2784 2398 2813 causato.
2420 2777 2469 2813 Et

1400 2830 1513 2867 huius
1542 2830 1730 2867 rationem
1759 2829 1932 2876 assignat,
1964 2829 2053 2878 quia
2081 2830 2172 2866 illud
2201 2830 2305 2878 quod
2339 2838 2394 2866 est
2423 2842 2468 2866 ex

1399 2892 1506 2933 parte
1531 2884 1612 2920 eius
1641 2883 1746 2931 quod
1776 2883 1988 2919 continetur
2007 2883 2077 2919 sub
2101 2883 2226 2931 aliquo
2258 2883 2466 2929 communi,

1401 2946 1457 2975 est
1486 2937 1519 2974 ei
1549 2949 1662 2974 causa
1690 2937 1796 2985 quod
1824 2936 1870 2973 sit
1897 2937 1967 2972 sub
1996 2936 2059 2972 illo
2090 2936 2302 2981 communi;
2323 2936 2418 2972 sicut
2437 2936 2467 2972 si

323 3045 346 3078 ε)
367 3046 403 3070 Et
421 3045 484 3070 inde
501 3046 623 3070 est-A:
640 3046 676 3070 Et
694 3046 757 3070 inde
775 3049 815 3071 est
833 3046 905 3078 quod
923 3050 963 3071 est
981 3047 1102 3079 definitio
1121 3048 1232 3073 maioris
1251 3051 1342 3073 extre-

271 3081 381 3106 mitaris.
397 3081 432 3106 Et
451 3081 513 3106 inde
531 3084 572 3106 est
590 3086 638 3105 etc.
654 3081 700 3105 Est
719 3081 815 3105 inutilis
834 3083 952 3114 repetitio
972 3083 1189 3114 praecedentium.

323 3116 349 3148 ζ)
371 3116 548 3148 Consequitur
561 3116 599 3140 ad
613 3116 691 3140 vitem
707 3117 826 3141 etc—P:
840 3117 1012 3149 consequitur
1025 3118 1063 3142 ad
1081 3118 1161 3143 vitem
1180 3121 1207 3143 et
1225 3119 1287 3150 quia
1307 3126 1345 3143 ex

264 3152 391 3184 pluribus
409 3152 580 3183 consequitur
593 3151 673 3176 etiam
688 3152 726 3176 ad
737 3153 821 3184 ficum
837 3160 890 3177 non
905 3153 1014 3177 excedit
1033 3153 1118 3184 ipsam
1138 3157 1226 3178 tamen
1241 3158 1281 3178 est
1295 3162 1344 3179 ex—

269 3187 398 3212 cessivum
417 3188 535 3212 omnium
555 3187 715 3217 etc-Quae
734 3193 775 3212 est
793 3188 869 3212 lectio
887 3188 1016 3212 intricata:
1032 3189 1093 3219 imo,
1107 3190 1143 3213 uti
1158 3189 1230 3219 iacet,
1245 3194 1286 3214 est
1304 3197 1343 3214 er-

270 3230 364 3253 ronea;
379 3222 475 3247 falsum
494 3223 563 3247 enim
577 3227 618 3247 est
636 3227 662 3247 et
674 3223 700 3247 in
719 3231 748 3247 se
767 3228 793 3247 et
811 3224 879 3248 iuxta
897 3231 919 3248 s.
937 3224 1069 3248 Thomam
1088 3225 1160 3256 quod
1173 3224 1244 3257 solio
1256 3226 1344 3258 fluere

271 3266 324 3282 non
343 3258 449 3282 excedat
471 3257 564 3287 ficum,
585 3258 679 3282 falsum
699 3259 770 3290 quod
787 3259 860 3291 folio
877 3259 966 3293 fluere
985 3259 1018 3284 sit
1041 3260 1202 3284 excessivum
1225 3261 1343 3284 omnium

272 3293 368 3326 quibus
388 3294 515 3318 convenit.
536 3293 593 3317 Dixi
618 3301 754 3318 erroneam
773 3294 911 3319 lectionem
932 3295 951 3319 Ρ
972 3300 1001 3319 ut
1021 3295 1096 3319 iacet:
1118 3295 1254 3319 manifeste
1273 3295 1343 3319 enim

271 3329 394 3361 particula
413 3336 464 3353 non
480 3336 510 3353 ex
523 3328 716 3361 typothetarum
737 3329 833 3354 incuria
851 3331 1007 3362 transposita
1024 3335 1064 3354 est
1080 3335 1138 3354 ante
1152 3330 1268 3360 excedit,
1284 3338 1343 3355 curn

271 3365 332 3397 poni
351 3365 484 3389 debuisset
508 3370 566 3389 ante
591 3367 689 3389 tamen.
707 3379 725 3383 -
743 3365 865 3389 Ceterum
885 3366 1000 3389 nonnulli
1019 3366 1097 3389 etiarn
1122 3366 1197 3390 codd.
1215 3366 1343 3390 variantes

271 3400 407 3433 proferunt
426 3400 558 3424 lectiones.
578 3401 601 3424 A
620 3408 668 3432 pro
686 3400 723 3424 ad
742 3400 820 3425 vitem
827 3418 835 3430 ,
855 3401 917 3431 legit
933 3401 971 3425 ad
989 3407 1017 3425 se
1036 3401 1161 3430 invicem,-
1180 3405 1205 3425 et
1224 3402 1343 3426 eamdem

271 3436 409 3460 lectionem
429 3435 493 3467 (om.
506 3434 545 3468 se)
564 3435 662 3460 habent
674 3436 750 3459 etiam
765 3443 790 3467 p.
804 3443 840 3459 m.
860 3436 936 3460 CDK.
946 3436 1013 3460 -M:
1028 3439 1055 3460 et
1073 3436 1215 3461 exceditur
1229 3436 1288 3468 ipsa
1294 3443 1303 3465 ‚·
1318 3442 1344 3461 et

271 3471 306 3496 ita
320 3479 346 3504 p.
361 3479 397 3496 m.
412 3471 467 3501 DK,
482 3479 534 3495 om.
548 3475 635 3495 tamen
655 3471 722 3502 ipsa.
732 3471 795 3495 -A:
809 3471 880 3503 quod
893 3474 934 3496 est
948 3471 974 3495 in
984 3471 1123 3502 pluribus;
1137 3472 1261 3496 DELST:
1275 3479 1343 3504 quae

272 3507 299 3532 in
309 3507 441 3539 pluribus,
455 3511 481 3531 et
499 3514 580 3539 marg.
595 3506 618 3530 D
631 3506 690 3531 add.
704 3509 758 3536 est‚·
772 3507 810 3530 H:
825 3507 888 3538 quia
902 3507 1025 3531 convenit
1035 3507 1173 3538 pluribus;
1187 3507 1212 3531 M
1227 3512 1253 3532 et
1266 3515 1292 3539 p.
1306 3515 1342 3532 m.

271 3543 307 3567 K:
323 3542 386 3575 quia
406 3541 440 3573 (K
459 3550 481 3566 s.
495 3550 529 3566 m.
543 3542 602 3566 add.
616 3543 665 3574 est)
685 3542 712 3566 in
727 3542 867 3573 pluribus;
882 3542 916 3566 N:
931 3549 1014 3574 quare
1033 3542 1059 3566 in
1075 3542 1213 3574 pluribus;
1227 3543 1264 3573 Q:
1279 3543 1342 3575 quia

272 3578 299 3603 in
309 3578 353 3610 pli
362 3578 503 3610 reperitur.
514 3577 552 3602 O:
563 3577 626 3609 quia
637 3578 663 3602 in
674 3577 798 3609 pluribus
813 3577 960 3606 invenitur;
972 3578 1141 3610 consequitur
1153 3578 1222 3602 enim
1230 3579 1342 3611 ficum.-

271 3614 293 3638 B
312 3621 366 3638 om.
385 3613 465 3638 verba
484 3613 547 3645 quia
570 3616 611 3638 est
633 3618 697 3644 etc.,
721 3620 806 3645 usque
825 3613 857 3637 ad
875 3613 984 3638 excedit
1005 3620 1064 3638 eam
1083 3614 1208 3638 inclusive
1215 3620 1222 3643 ;
1246 3613 1270 3638 G
1288 3621 1342 3638 om.

273 3649 443 3682 consequitur
456 3650 494 3673 ad
508 3649 586 3674 vitem
606 3653 664 3680 etc„
679 3656 764 3681 usque
779 3649 811 3673 ad
825 3656 877 3673 non
892 3651 980 3673 tamen
996 3648 1110 3674 inclus.—
1125 3649 1156 3673 F:
1171 3649 1342 3681 consequitur

1398 3048 1436 3072 ad
1454 3049 1536 3073 vicem
1556 3051 1582 3072 et
1600 3047 1742 3072 exceditur
1761 3047 1854 3078 ipsam,
1873 3046 1936 3078 quia
1949 3045 1975 3069 in
1991 3045 2115 3077 pluribus
2122 3052 2130 3074 ;
2148 3046 2318 3077 consequitur
2331 3046 2411 3070 etiam
2430 3047 2468 3071 ad

1392 3083 1491 3116 ficum,
1516 3083 1674 3108 extenditur
1697 3085 1724 3107 et
1746 3082 1854 3106 excedit
1873 3082 1972 3113 ipsam:
1999 3089 2050 3106 non
2071 3084 2158 3105 tamen
2178 3084 2218 3105 est
2238 3080 2374 3106 excessum
2394 3082 2468 3106 omni

1398 3119 1492 3151 quibus
1505 3119 1641 3148 convenit‚·
1654 3118 1676 3142 1:
1691 3117 1862 3149 consequitur
1873 3117 1911 3141 ad
1925 3116 2035 3141 invicem
2050 3119 2076 3140 et
2092 3116 2234 3141 exceditur
2248 3116 2331 3148 ipsam
2351 3124 2419 3149 quae
2439 3117 2465 3141 in

1394 3154 1532 3185 pluribus;
1546 3153 1717 3185 consequitur
1726 3153 1806 3177 etiam
1817 3152 1971 3184 adfinitum
1986 3155 2012 3176 et
2026 3151 2133 3176 excedit
2148 3152 2248 3183 ipsam:
2263 3159 2314 3175 non
2331 3157 2387 3182 etc„
2398 3157 2427 3176 ut
2436 3152 2465 3176 F.

1451 3189 1478 3220 η)
1501 3189 1550 3213 Cui
1569 3188 1773 3220 unumquodque
1792 3193 1867 3212 etc.-
1879 3188 1930 3211 Pro
1948 3187 2005 3216 cui,
2021 3187 2063 3211 ST
2082 3192 2107 3211 et
2122 3195 2146 3219 p.
2160 3195 2195 3211 m.
2210 3188 2244 3211 L:
2263 3187 2323 3219 qui,
2339 3188 2359 3211 L
2379 3195 2401 3212 s.
2416 3195 2464 3211 m.:

1398 3224 1470 3256 quid,
1486 3224 1523 3248 G:
1539 3231 1607 3256 quae
1621 3225 1690 3254 (....
1706 3231 1758 3248 non
1777 3224 2023 3254 convertuntur).—
2033 3223 2070 3246 H:
2091 3230 2173 3246 unum
2187 3222 2259 3254 quod
2272 3222 2337 3254 quid
2347 3226 2387 3247 est
2401 3230 2464 3247 con-

1398 3263 1546 3288 tentorum;
1564 3259 1663 3283 ACIST
1679 3264 1704 3283 et
1719 3266 1743 3290 p.
1758 3266 1793 3282 m.
1808 3259 1869 3282 DK:
1885 3266 1966 3282 unum
1988 3258 2059 3290 quod
2077 3257 2197 3289 quidem
2211 3258 2333 3287 BFMOQ
2351 3263 2376 3282 et
2390 3266 2412 3282 s.
2428 3266 2464 3282 111.

1397 3295 1420 3319 D
1440 3303 1493 3319 om.
1520 3294 1645 3326 quidem:
1674 3295 1710 3318 L:
1734 3301 1814 3317 unum
1828 3294 1901 3325 quod
1919 3301 1998 3326 quam
2019 3296 2212 3318 contentorum.
2238 3293 2305 3317 Cum
2330 3293 2349 3317 P
2376 3294 2465 3326 legunt

1398 3330 1601 3362 unumquodque
1615 3329 1720 3361 quidem
1736 3329 1806 3353 EGN
1819 3334 1845 3353 et
1863 3337 1885 3353 s.
1901 3337 1936 3353 m.
1950 3330 1988 3359 K;
2008 3329 2053 3352 sed
2067 3329 2127 3360 quia
2149 3328 2231 3352 maior
2251 3333 2276 3352 et
2295 3329 2386 3352 melior
2404 3336 2463 3360 pars

1397 3366 1515 3390 codicum
1533 3365 1628 3389 omittit
1646 3370 1691 3389 aut
1708 3371 1758 3396 que
1772 3369 1816 3388 aut
1829 3364 1948 3396 quidem,
1969 3363 2093 3396 suspicari
2112 3363 2170 3387 licet
2189 3363 2294 3395 quidem
2313 3364 2394 3396 (quid
2412 3367 2463 3393 est,

1397 3401 1493 3433 quam)
1512 3406 1632 3432 corrupte
1657 3400 1781 3432 scriptum
1806 3407 1865 3424 esse
1890 3407 1938 3432 pro
1962 3406 2020 3431 que.
2043 3399 2119 3423 Certe
2137 3398 2239 3423 videtur
2258 3399 2328 3431 quod
2347 3399 2465 3424 absolute

1396 3437 1479 3460 omitti
1516 3441 1595 3460 osset.

1450 3469 1474 3504 Θ)
1496 3444 1541 3496 g'ic
1560 3471 1644 3504 igitur
1666 3470 1801 3495 concludit
1826 3470 2038 3495 etc-Addimus
2052 3470 2101 3495 ¹sic:
2124 3477 2154 3494 ex
2179 3469 2463 3495 codd.-ABCEFGIO

1397 3507 1439 3531 ST
1458 3512 1483 3531 et
1501 3514 1526 3538 p.
1540 3514 1575 3531 m.
1589 3507 1649 3530 DK:
1664 3506 1711 3531 sed
1730 3505 1819 3538 (ACG
1838 3510 1864 3530 et
1882 3514 1907 3538 p.
1923 3514 1958 3531 m.
1971 3506 2026 3535 DK,
2046 3504 2088 3538 si)
2109 3513 2159 3530 non
2181 3505 2206 3529 in
2233 3505 2323 3530 eodem
2342 3506 2465 3534 secund.;

1396 3542 1494 3566 HLMN
1514 3547 1539 3566 et
1558 3550 1579 3566 s.
1593 3550 1628 3566 m.
1642 3542 1665 3565 K
1683 3541 1749 3565 hanc
1768 3541 1851 3572 ipsam
1866 3541 1961 3566 habent
1980 3541 2125 3571 lectionem,
2140 3540 2188 3565 nisi
2201 3541 2272 3572 quod
2285 3548 2392 3565 erronee
2410 3549 2464 3565 om.

1397 3585 1464 3607 non;
1479 3577 1517 3607 Q:
1537 3577 1585 3602 sed
1603 3585 1655 3602 non
1674 3577 1818 3602 secundum
1837 3577 1955 3602 eamdem
1976 3577 1986 3601 i
2004 3577 2126 3609 (expung.
2141 3576 2165 3608 i)
2184 3576 2304 3607 speciem.
2324 3576 2408 3601 Sicut.
2428 3577 2462 3601 P:

1395 3613 1443 3638 sed
1462 3621 1513 3638 non
1533 3613 1650 3638 eiusdem
1669 3612 1812 3638 secundum
1832 3617 1880 3637 etc.
1901 3611 1954 3647 (Cf.
1968 3617 2028 3637 text.
2043 3617 2068 3637 et
2081 3620 2111 3637 ea
2125 3619 2192 3644 quae
2205 3611 2246 3636 hic
2260 3612 2407 3637 immediate
2422 3619 2464 3637 se-

1396 3648 1530 3681 quuntur).

2490 381 2501 392 ⁴*
2512 381 2600 403 Codd.-
2607 387 2647 407 pq:
2662 382 2692 404 B.

2494 644 2502 651 ·
2511 642 2599 665 Codd.-
2608 650 2632 665 P:
2641 644 2709 666 aliud

2493 675 2562 697 quam
2575 670 2604 696 A,
2619 677 2673 693 non.

2494 811 2504 822 ⁶
2514 817 2541 833 σε
2552 812 2709 840 investigare.

2495 914 2504 922 ‘
2517 913 2549 935 Et
2562 920 2611 935 orn.
2627 920 2709 940 nnoo.

2593 1015 2606 1041 θ

2495 1179 2506 1190 “
2520 1178 2553 1199 Et
2578 1185 2605 1200 ex
2629 1179 2708 1206 codd.,

2496 1211 2592 1227 exaco-
2609 1211 2623 1227 0
2633 1206 2655 1227 h.
2664 1207 2709 1228 lac.

2498 1341 2505 1347 '
2513 1338 2602 1360 Codd.-
2612 1346 2632 1360 p:
2640 1339 2664 1361 in
2673 1339 2710 1361 his

2497 1365 2575 1387 rebus.

2498 1450 2506 1458 ·
2516 1449 2573 1471 Scil.
2583 1456 2632 1471 om.
2646 1456 2709 1472 nmo.

2496 1507 2506 1518 '⁴
2516 1507 2616 1534 Superfl.
2628 1514 2676 1529 om.
2687 1514 2709 1529 ri

2497 1540 2519 1554 o.
2532 1545 2541 1549 -
2553 1540 2567 1554 0
2582 1540 2629 1555 om.
2648 1534 2687 1555 sit.

2498 1562 2504 1569 ¹
2514 1560 2568 1581 Sint
2581 1567 2609 1582 ex
2623 1561 2692 1582 codd.
2702 1577 2708 1587 ,

2497 1593 2546 1609 exc.
2562 1594 2587 1612 Q.

2495 1875 2506 1885 ⁸
2514 1874 2581 1896 Enim
2590 1882 2618 1897 ex
2627 1875 2709 1898 codd.-

2495 1908 2509 1922 τ
2524 1908 2572 1923 om.
2588 1908 2671 1930 supra.

2494 1929 2516 1940 ⁸*
2525 1928 2648 1955 Numm.4‚
2656 1935 2675 1957 5:
2687 1933 2709 1951 et

2494 1955 2546 2002 18661.
2563 1961 2652 1983 praem,
2669 1962 2708 1977 nn.

2494 2009 2503 2019 ⁸
2518 1988 2560 2030 Ag:
2575 2008 2616 2029 ad.

2495 2035 2505 2045 ⁸
2520 2042 2547 2056 1-·;
2568 2035 2640 2056 mulla
2659 2042 2708 2057 me-

2495 2062 2544 2088 dia,
2553 2062 2592 2087 in‚·
2605 2067 2612 2082 1
2623 2065 2708 2084 om.et.

2496 2252 2506 2262 ⁸
2517 2251 2582 2272 Plur.
2591 2258 2618 2273 ex
2629 2252 2707 2279 codd..

2497 2285 2547 2299 exc.
2562 2284 2603 2303 eo.

2497 2518 2508 2528 ⁸
2519 2517 2602 2541 Codd..
2612 2523 2661 2538 exc.
2672 2523 2709 2543 Q.-

2498 2550 2522 2565 1²:
2534 2544 2712 2571 accipiebatum

2497 2571 2709 2618 93:8§5'21‘37‘22

2497 2613 2615 2651 spondens
2631 2615 2696 2645 dicit.

2496 2787 2533 2807 ’πε
2544 2786 2581 2807 illi
2588 2787 2710 2808 communi.
